2201 2792
524 139 603 178 450
950 128 1040 167 IN
1108 129 1491 170 VERREM

523 225 606 262 aliis
627 225 777 264 causam
799 226 1025 265 calamitatis
1045 228 1284 273 attribueret,
1310 242 1394 281 quae
1415 227 1541 266 omnis
1558 236 1713 281 propter
1725 227 1921 266 avaritiam

522 292 638 344 ipsius
659 294 849 332 accidisset
868 308 876 332 :
900 303 978 338 aut,
1000 308 1092 332 cum
1115 295 1192 347 ipse
1212 296 1435 347 praedonum
1457 295 1579 333 socius
1601 303 1810 348 putaretur,
1837 293 1919 331 aliis

522 359 752 410 proditionis
774 360 921 398 crimen
942 359 1121 398 inferret:
1155 361 1306 406 deinde,
1338 360 1414 399 hoc
1435 362 1729 414 quintodecimo
1760 361 1822 399 die
1841 359 1918 398 cri-

522 438 612 463 men
634 425 703 463 effe
724 436 873 470 natum,
894 426 1096 478 postquam
1115 426 1235 464 claffis
1255 427 1343 465 effet
1363 427 1506 465 amissa.

579 493 684 530 Cum
705 491 787 530 haec
808 491 954 537 fierent,
975 493 1228 544 quaerebatur,
1252 493 1319 531 ubi
1339 493 1428 532 ess‘et
1449 494 1678 532 Cleomenes
1697 494 1709 531 ?
1742 507 1820 532 non
1841 506 1919 545 quo

522 558 637 596 illum
658 558 800 612 ipsum,
822 559 1040 611 cujusmodi
1061 559 1161 605 effer,
1184 560 1387 612 quisquam
1409 560 1611 614 supplicio,
1643 569 1796 613 propter
1823 560 1921 597 illud

521 624 835 670 incommodum,
872 626 1037 678 dignum
1068 635 1231 678 putaret.
1264 627 1371 664 Nam
1406 627 1501 678 quid
1536 627 1764 665 Cleomenes
1798 625 1920 664 facere

521 693 678 743 potuit?
717 693 812 744 (non
844 692 949 729 enim
983 691 1134 744 possum
1154 707 1392 745 quemquam
1421 693 1640 731 insimulare
1659 693 1770 744 falso)
1808 693 1916 744 quid,

521 758 697 810 inquam,
712 770 943 810 magnopere
961 758 1189 796 Cleomenes
1210 758 1333 796 facere
1355 760 1495 811 potuit,
1513 759 1618 797 istius
1640 759 1794 797 avaritia
1809 759 1917 796 navi-

522 824 593 861 bus
615 824 848 862 exinanitis?
872 826 1004 874 Atque
1024 837 1114 862 eum
1130 825 1261 862 vident
1282 824 1406 862 sedere
1426 824 1472 862 ad
1486 825 1583 862 latus
1606 825 1796 869 Praetoris,
1818 834 1856 862 et
1872 825 1918 862 ad

521 904 650 929 aurem
672 889 930 935 familiariter,
951 898 995 928 ut
1014 889 1146 928 solitus
1167 900 1259 936 erat,
1280 891 1522 929 insusurrare.
1546 892 1656 929 Tum
1677 904 1766 929 vero
1785 891 1918 929 omni-

520 957 592 995 bus
614 956 924 1010 indignissimum
944 956 1069 995 visu'm
1089 957 1155 1002 est,
1188 956 1366 996 homines
1387 956 1682 1002 honestissimos,
1715 957 1852 995 electos
1873 971 1920 995 ex

521 1023 595 1062 suis
616 1023 853 1068 civitatibus,
882 1023 923 1062 in
942 1022 1090 1062 ferrum
1111 1033 1225 1076 atque
1244 1025 1285 1062 in
1305 1024 1460 1063 vincula
1479 1025 1672 1076 conjectos
1689 1042 1701 1069 ;
1735 1023 1918 1062 Cleome-

520 1104 625 1135 nem,
649 1098 805 1143 propter
831 1089 1068 1141 flagitiorum
1089 1103 1132 1128 ac
1153 1090 1404 1143 turpitudinis
1426 1089 1660 1135 societatem,
1699 1088 1918 1128 familiaris-

520 1157 661 1195 fimum
694 1156 765 1194 esse
798 1156 987 1194 Praetoris.
1020 1158 1246 1210 Apponitur
1276 1156 1337 1195 his
1369 1166 1499 1195 tamen
1529 1157 1723 1196 accusator
1755 1157 1916 1195 Naevius

519 1224 672 1277 Turpio
693 1223 867 1275 quidam,
896 1224 979 1275 qui,
1002 1225 1050 1261 C.
1074 1224 1274 1262 Sacerdote
1296 1225 1473 1268 Praetore,
1506 1224 1733 1276 injuriarum
1755 1223 1916 1261 damna-

520 1300 580 1328 tus
601 1290 668 1334 est,
699 1289 821 1327 homo
852 1289 948 1327 bene
968 1289 1158 1342 appositus
1188 1290 1233 1327 ad
1255 1290 1359 1327 istius
1379 1290 1602 1334 audaciam;
1635 1303 1751 1342 quem
1779 1289 1846 1326 iste
1875 1290 1916 1326 in

519 1357 706 1401 decumis,
735 1356 774 1393 in
797 1356 907 1394 rebus
928 1356 1171 1408 capitalibus,
1205 1357 1245 1395 in
1274 1357 1383 1395 omni
1405 1357 1612 1402 calumnia,
1645 1356 1920 1409 praecursorem

518 1422 658 1461 habere
678 1422 820 1460 solebat
847 1431 883 1460 et
905 1422 1153 1461 emissarium.

573 1490 705 1528 XLII.
739 1489 915 1527 Veniunt
937 1489 1133 1541 Syracusas
1164 1499 1333 1542 parentes
1365 1490 1652 1542 propinquique
1687 1490 1915 1528 miserorum

518 1555 830 1600 adolescentium,
858 1554 934 1593 hoc
954 1556 1153 1608 repentino
1184 1556 1411 1594 calamitatis
1434 1556 1505 1595 suae
1536 1556 1728 1594 commoti
1748 1556 1913 1594 nuntio:

517 1623 664 1660 νίῃὲὶοε
686 1621 874 1674 aspiciunt
895 1623 1037 1660 catenis
1058 1622 1198 1661 liberos
1220 1622 1317 1668 suos,
1335 1637 1427 1661 cum
1449 1623 1554 1661 istius
1575 1623 1739 1661 avaritiae
1758 1635 1915 1675 poenam

517 1688 619 1726 collo
639 1697 676 1725 et
696 1688 910 1725 cervicibus
932 1687 1005 1726 suis
1025 1688 1263 1727 sustinerent.
1303 1688 1469 1734 Adsunt,
1507 1687 1733 1733 defendunt,
1763 1688 1914 1741 procla-

517 1764 651 1792 mant:
685 1753 801 1792 fidem
824 1763 945 1799 tuam,
968 1769 1052 1807 quae
1084 1753 1271 1807 nusquam
1303 1765 1394 1800 erat,
1426 1769 1497 1793 nec
1528 1768 1700 1807 unquam
1722 1753 1812 1799 fuit,
1835 1755 1913 1792 im-

518 1821 680 1872 plorant.
714 1822 825 1859 Pater
859 1821 984 1858 aderat
1017 1822 1146 1859 Dexio
1167 1822 1469 1873 Tyndaritanus‚
1502 1821 1622 1860 homo
1642 1820 1914 1865 nobilissimus,

515 1887 650 1940 hospes
672 1897 775 1931 tuus,
813 1888 924 1939 cujus
945 1897 987 1925 tu
1019 1888 1126 1925 domi
1147 1887 1286 1932 fueras,
1319 1902 1437 1940 quem
1468 1887 1659 1940 hospitem
1691 1886 1911 1939 appellastis.

516 1953 621 1990 Eum
643 1966 735 1990 cum
755 1952 821 1989 iila
841 1952 1077 1997 austoritate,
1109 1962 1147 1990 et
1168 1953 1329 1997 miseria,
1351 1953 1495 1991 videres
1518 1953 1739 2006 praeditum,
1772 1966 1850 1990 non
1878 1963 1914 1990 te

515 2020 545 2070 ej
555 2033 594 2056 us
616 2019 807 2070 lacrymae,
826 2032 902 2056 non
925 2018 1107 2064 seneffims,
1129 2033 1205 2058 non
1225 2019 1381 2072 hospitii
1396 2022 1460 2072 jus
1477 2030 1591 2072 atque
1613 2033 1769 2065 nomen,
1791 2033 1812 2057 a
1832 2019 1913 2058 sce-

514 2086 591 2123 lere
612 2086 782 2137 aliquam
803 2085 848 2122 ad
868 2095 1018 2138 partem
1039 2085 1290 2125 humanitatis
1312 2101 1484 2125 revocare
1504 2088 1645 2140 potuit.

571 2151 642 2188 Sed
663 2151 758 2203 quid
779 2164 849 2202 ego
869 2150 1026 2204 hospitii
1043 2153 1130 2204 jura
1148 2153 1188 2190 in
1206 2151 1278 2191 hac
1301 2162 1379 2191 tam
1401 2153 1566 2191 immani
1586 2153 1714 2191 bellua
1733 2166 1911 2191 comme-

516 2218 653 2256 moro?
686 2217 754 2269 qui
777 2216 980 2255 Sthenium
1006 2217 1328 2264 Thermitanum,
1350 2218 1544 2272 hospitem
1565 2219 1691 2264 suum,
1713 2220 1822 2270 cujus
1840 2219 1910 2256 do-

515 2298 627 2322 mum
663 2297 731 2336 per
761 2282 975 2336 hospitium
1011 2283 1183 2322 exhausit
1209 2295 1247 2323 et
1273 2286 1498 2330 exinanivit,
1531 2286 1725 2323 absentem
1758 2285 1798 2322 in
1828 2296 1910 2322 reos

514 2349 708 2394 retulerit,
731 2348 838 2387 causa
859 2350 1013 2395 indicta,
1046 2351 1171 2402 capite
1193 2351 1409 2396 damnarit5
1442 2351 1488 2389 ab
1519 2365 1564 2389 eo
1596 2364 1699 2388 nunc
1720 2349 1909 2403 hospitio-

514 2430 598 2453 rum
628 2417 715 2467 jura
745 2425 859 2468 atque
880 2417 1007 2454 officia
1026 2419 1272 2469 quaeramus?
1306 2419 1410 2455 Cum
1431 2415 1592 2456 homine
1627 2417 1732 2455 enim
1764 2417 1911 2455 crudeli

514 2483 623 2520 nobis
656 2495 712 2520 res
744 2483 795 2521 est
814 2511 824 2527 ‚
856 2497 902 2522 an
934 2497 1025 2522 cum
1058 2482 1136 2523 fera
1166 2493 1280 2537 atque
1311 2484 1476 2523 immani
1508 2484 1666 2524 bellua?
1705 2485 1766 2523 Te
1793 2484 1910 2537 patris
