<?xml version="1.0" encoding="UTF-8"?>
<!DOCTYPE html PUBLIC "-//W3C//DTD XHTML 1.0 Transitional//EN"
    "http://www.w3.org/TR/xhtml1/DTD/xhtml1-transitional.dtd">
<html xmlns="http://www.w3.org/1999/xhtml" xml:lang="en" lang="en">
 <head>
  <title>
</title>
<meta http-equiv="Content-Type" content="text/html;charset=utf-8" />
  <meta name='ocr-system' content='tesseract 3.04.00' />
  <meta name='ocr-capabilities' content='ocr_page ocr_carea ocr_par ocr_line ocrx_word'/>
</head>
<body>
  <div class='ocr_page' id='page_1' title='image "./operacumindicibu04ciceuoft_0141.png"; bbox 0 0 2201 2792; ppageno 0'>
   <div class='ocr_carea' id='block_1_1' title="bbox 730 112 1715 177">
    <p class='ocr_par' dir='ltr' id='par_1_1' title="bbox 730 112 1715 177">
     <span class='ocr_line' id='line_1_1' title="bbox 730 112 1715 177; baseline 0.012 -26"><span class='ocrx_word' id='word_1_1' title='bbox 730 112 1280 156; x_wconf 82' lang='lat' dir='ltr'><strong>DIVINATIO.</strong></span> <span class='ocrx_word' id='word_1_2' title='bbox 1641 136 1715 177; x_wconf 64' lang='grc' dir='ltr'>η,-</span> 
     </span>
    </p>
   </div>
   <div class='ocr_carea' id='block_1_2' title="bbox 247 211 1721 2522">
    <p class='ocr_par' dir='ltr' id='par_1_2' title="bbox 297 211 1721 470">
     <span class='ocr_line' id='line_1_2' title="bbox 304 211 1721 276; baseline 0.006 -22"><span class='ocrx_word' id='word_1_3' title='bbox 304 214 564 269; x_wconf 74' lang='lat' dir='ltr'>compositum</span> <span class='ocrx_word' id='word_1_4' title='bbox 585 211 704 257; x_wconf 84' lang='lat' dir='ltr'>dedit,</span> <span class='ocrx_word' id='word_1_5' title='bbox 725 211 844 251; x_wconf 89' lang='lat' dir='ltr'>verbo</span> <span class='ocrx_word' id='word_1_6' title='bbox 864 226 943 252; x_wconf 88' lang='lat' dir='ltr'>uno</span> <span class='ocrx_word' id='word_1_7' title='bbox 963 212 1168 253; x_wconf 72' lang='lat' dir='ltr'>discesseris</span> <span class='ocrx_word' id='word_1_8' title='bbox 1184 233 1195 260; x_wconf 79' lang='lat'>3</span> <span class='ocrx_word' id='word_1_9' title='bbox 1228 213 1332 268; x_wconf 84' lang='lat' dir='ltr'>poffe</span> <span class='ocrx_word' id='word_1_10' title='bbox 1357 224 1395 255; x_wconf 89' lang='lat' dir='ltr'>te</span> <span class='ocrx_word' id='word_1_11' title='bbox 1414 227 1452 256; x_wconf 92' lang='lat' dir='ltr'>et</span> <span class='ocrx_word' id='word_1_12' title='bbox 1481 220 1541 258; x_wconf 87' lang='lat' dir='ltr'>illi</span> <span class='ocrx_word' id='word_1_13' title='bbox 1562 235 1721 276; x_wconf 87' lang='lat' dir='ltr'>quoque</span> 
     </span>
     <span class='ocr_line' id='line_1_3' title="bbox 297 279 1718 336; baseline 0.005 -15"><span class='ocrx_word' id='word_1_14' title='bbox 297 283 448 336; x_wconf 85' lang='lat' dir='ltr'>judicio</span> <span class='ocrx_word' id='word_1_15' title='bbox 467 293 546 318; x_wconf 90' lang='lat' dir='ltr'>non</span> <span class='ocrx_word' id='word_1_16' title='bbox 568 279 702 325; x_wconf 87' lang='lat' dir='ltr'>deeffe,</span> <span class='ocrx_word' id='word_1_17' title='bbox 737 288 776 318; x_wconf 92' lang='lat' dir='ltr'>et</span> <span class='ocrx_word' id='word_1_18' title='bbox 795 280 914 319; x_wconf 83' lang='lat' dir='ltr'>causae</span> <span class='ocrx_word' id='word_1_19' title='bbox 935 290 1050 334; x_wconf 87' lang='lat' dir='ltr'>atque</span> <span class='ocrx_word' id='word_1_20' title='bbox 1070 282 1202 321; x_wconf 84' lang='lat' dir='ltr'>officio</span> <span class='ocrx_word' id='word_1_21' title='bbox 1234 292 1301 321; x_wconf 91' lang='lat' dir='ltr'>tuo</span> <span class='ocrx_word' id='word_1_22' title='bbox 1321 283 1534 324; x_wconf 78' lang='lat' dir='ltr'>satisfacere</span> <span class='ocrx_word' id='word_1_23' title='bbox 1555 289 1718 328; x_wconf 84' lang='lat' dir='ltr'>arbitra·</span> 
     </span>
     <span class='ocr_line' id='line_1_4' title="bbox 303 345 1717 409; baseline 0.006 -23"><span class='ocrx_word' id='word_1_24' title='bbox 303 349 385 386; x_wconf 89' lang='lat' dir='ltr'>bor.</span> <span class='ocrx_word' id='word_1_25' title='bbox 429 347 495 386; x_wconf 86' lang='lat' dir='ltr'>Sin</span> <span class='ocrx_word' id='word_1_26' title='bbox 516 360 674 385; x_wconf 89' lang='lat' dir='ltr'>mecum</span> <span class='ocrx_word' id='word_1_27' title='bbox 694 347 736 385; x_wconf 89' lang='lat' dir='ltr'>in</span> <span class='ocrx_word' id='word_1_28' title='bbox 755 345 830 385; x_wconf 85' lang='lat' dir='ltr'>hac</span> <span class='ocrx_word' id='word_1_29' title='bbox 845 347 1064 401; x_wconf 78' lang='lat' dir='ltr'>prolusione</span> <span class='ocrx_word' id='word_1_30' title='bbox 1082 347 1185 387; x_wconf 85' lang='lat' dir='ltr'>nihil</span> <span class='ocrx_word' id='word_1_31' title='bbox 1205 348 1323 388; x_wconf 85' lang='lat' dir='ltr'>fueris</span> <span class='ocrx_word' id='word_1_32' title='bbox 1337 369 1350 396; x_wconf 81' lang='lat'>3</span> <span class='ocrx_word' id='word_1_33' title='bbox 1387 364 1506 404; x_wconf 89' lang='lat' dir='ltr'>quem</span> <span class='ocrx_word' id='word_1_34' title='bbox 1527 361 1564 391; x_wconf 92' lang='lat' dir='ltr'>te</span> <span class='ocrx_word' id='word_1_35' title='bbox 1578 354 1619 392; x_wconf 87' lang='lat' dir='ltr'>in</span> <span class='ocrx_word' id='word_1_36' title='bbox 1640 357 1717 409; x_wconf 70' lang='lat' dir='ltr'>ipsa</span> 
     </span>
     <span class='ocr_line' id='line_1_5' title="bbox 298 413 1319 470; baseline 0.004 -19"><span class='ocrx_word' id='word_1_37' title='bbox 298 427 429 467; x_wconf 85' lang='lat' dir='ltr'>pugna</span> <span class='ocrx_word' id='word_1_38' title='bbox 449 427 543 452; x_wconf 87' lang='lat' dir='ltr'>cum</span> <span class='ocrx_word' id='word_1_39' title='bbox 563 414 755 452; x_wconf 85' lang='lat' dir='ltr'>accerimo</span> <span class='ocrx_word' id='word_1_40' title='bbox 775 414 983 453; x_wconf 83' lang='lat' dir='ltr'>adversario</span> <span class='ocrx_word' id='word_1_41' title='bbox 1002 413 1084 453; x_wconf 88' lang='lat' dir='ltr'>fore</span> <span class='ocrx_word' id='word_1_42' title='bbox 1104 425 1288 470; x_wconf 87' lang='lat' dir='ltr'>putemus</span> <span class='ocrx_word' id='word_1_43' title='bbox 1305 417 1319 455; x_wconf 89' lang='lat'>?</span> 
     </span>
    </p>

    <p class='ocr_par' dir='ltr' id='par_1_3' title="bbox 247 480 1716 1676">
     <span class='ocr_line' id='line_1_6' title="bbox 351 480 1716 539; baseline 0.007 -21"><span class='ocrx_word' id='word_1_44' title='bbox 351 481 445 520; x_wconf 90' lang='lat' dir='ltr'>XV.</span> <span class='ocrx_word' id='word_1_45' title='bbox 477 481 598 520; x_wconf 86' lang='lat' dir='ltr'>Esto:</span> <span class='ocrx_word' id='word_1_46' title='bbox 629 481 708 534; x_wconf 87' lang='lat' dir='ltr'>ipse</span> <span class='ocrx_word' id='word_1_47' title='bbox 727 480 829 519; x_wconf 85' lang='lat' dir='ltr'>nihil</span> <span class='ocrx_word' id='word_1_48' title='bbox 860 482 928 528; x_wconf 89' lang='lat' dir='ltr'>est,</span> <span class='ocrx_word' id='word_1_49' title='bbox 960 481 1063 521; x_wconf 84' lang='lat' dir='ltr'>nihil</span> <span class='ocrx_word' id='word_1_50' title='bbox 1082 484 1229 536; x_wconf 87' lang='lat' dir='ltr'>potest:</span> <span class='ocrx_word' id='word_1_51' title='bbox 1263 494 1301 523; x_wconf 85' lang='lat' dir='ltr'>at</span> <span class='ocrx_word' id='word_1_52' title='bbox 1327 486 1432 524; x_wconf 91' lang='lat' dir='ltr'>venit</span> <span class='ocrx_word' id='word_1_53' title='bbox 1451 496 1601 539; x_wconf 81' lang='lat' dir='ltr'>paratus</span> <span class='ocrx_word' id='word_1_54' title='bbox 1623 503 1716 528; x_wconf 86' lang='lat' dir='ltr'>cum</span> 
     </span>
     <span class='ocr_line' id='line_1_7' title="bbox 294 546 1715 607; baseline 0.006 -21"><span class='ocrx_word' id='word_1_55' title='bbox 294 546 617 602; x_wconf 85' lang='lat' dir='ltr'>subscriptoribus</span> <span class='ocrx_word' id='word_1_56' title='bbox 637 549 854 587; x_wconf 85' lang='lat' dir='ltr'>exercitatis</span> <span class='ocrx_word' id='word_1_57' title='bbox 875 558 913 587; x_wconf 92' lang='lat' dir='ltr'>et</span> <span class='ocrx_word' id='word_1_58' title='bbox 932 549 1093 589; x_wconf 83' lang='lat' dir='ltr'><strong>disertis.</strong></span> <span class='ocrx_word' id='word_1_59' title='bbox 1122 550 1192 589; x_wconf 88' lang='lat' dir='ltr'>Est</span> <span class='ocrx_word' id='word_1_60' title='bbox 1212 560 1343 590; x_wconf 87' lang='lat' dir='ltr'>tamen</span> <span class='ocrx_word' id='word_1_61' title='bbox 1362 551 1439 591; x_wconf 91' lang='lat' dir='ltr'>hoc</span> <span class='ocrx_word' id='word_1_62' title='bbox 1460 554 1632 607; x_wconf 83' lang='lat' dir='ltr'>aliquid3</span> <span class='ocrx_word' id='word_1_63' title='bbox 1656 566 1715 595; x_wconf 87' lang='lat' dir='ltr'>ta-</span> 
     </span>
     <span class='ocr_line' id='line_1_8' title="bbox 295 615 1714 676; baseline 0.006 -23"><span class='ocrx_word' id='word_1_64' title='bbox 295 616 407 654; x_wconf 88' lang='lat' dir='ltr'>metfi</span> <span class='ocrx_word' id='word_1_65' title='bbox 428 629 507 654; x_wconf 93' lang='lat' dir='ltr'>non</span> <span class='ocrx_word' id='word_1_66' title='bbox 527 616 580 654; x_wconf 91' lang='lat' dir='ltr'>est</span> <span class='ocrx_word' id='word_1_67' title='bbox 600 615 685 654; x_wconf 86' lang='lat' dir='ltr'>satis</span> <span class='ocrx_word' id='word_1_68' title='bbox 702 631 711 655; x_wconf 89' lang='lat'>:</span> <span class='ocrx_word' id='word_1_69' title='bbox 734 616 919 655; x_wconf 88' lang='lat' dir='ltr'>omnibus</span> <span class='ocrx_word' id='word_1_70' title='bbox 936 618 1043 656; x_wconf 91' lang='lat' dir='ltr'>enim</span> <span class='ocrx_word' id='word_1_71' title='bbox 1061 618 1174 657; x_wconf 91' lang='lat' dir='ltr'>rebus</span> <span class='ocrx_word' id='word_1_72' title='bbox 1191 619 1238 665; x_wconf 81' lang='lat' dir='ltr'>is,</span> <span class='ocrx_word' id='word_1_73' title='bbox 1256 620 1323 672; x_wconf 87' lang='lat' dir='ltr'>qui</span> <span class='ocrx_word' id='word_1_74' title='bbox 1340 621 1519 674; x_wconf 81' lang='lat' dir='ltr'>princeps</span> <span class='ocrx_word' id='word_1_75' title='bbox 1541 623 1582 660; x_wconf 92' lang='lat' dir='ltr'>in</span> <span class='ocrx_word' id='word_1_76' title='bbox 1595 637 1714 676; x_wconf 82' lang='lat' dir='ltr'>agen-</span> 
     </span>
     <span class='ocr_line' id='line_1_9' title="bbox 296 682 1712 737; baseline 0.006 -16"><span class='ocrx_word' id='word_1_77' title='bbox 296 682 347 721; x_wconf 89' lang='lat' dir='ltr'>do</span> <span class='ocrx_word' id='word_1_78' title='bbox 377 683 443 729; x_wconf 89' lang='lat' dir='ltr'>est,</span> <span class='ocrx_word' id='word_1_79' title='bbox 464 682 723 723; x_wconf 85' lang='lat' dir='ltr'>ornatiffimus</span> <span class='ocrx_word' id='word_1_80' title='bbox 744 693 782 723; x_wconf 93' lang='lat' dir='ltr'>et</span> <span class='ocrx_word' id='word_1_81' title='bbox 814 685 1069 737; x_wconf 84' lang='lat' dir='ltr'>paratiffimus</span> <span class='ocrx_word' id='word_1_82' title='bbox 1105 685 1177 724; x_wconf 84' lang='lat' dir='ltr'>effe</span> <span class='ocrx_word' id='word_1_83' title='bbox 1212 686 1341 726; x_wconf 88' lang='lat' dir='ltr'>debet.</span> <span class='ocrx_word' id='word_1_84' title='bbox 1373 689 1641 729; x_wconf 82' lang='lat' dir='ltr'><strong>Veruntamen</strong></span> <span class='ocrx_word' id='word_1_85' title='bbox 1662 693 1712 731; x_wconf 92' lang='lat' dir='ltr'>L.</span> 
     </span>
     <span class='ocr_line' id='line_1_10' title="bbox 293 749 1715 807; baseline 0.006 -20"><span class='ocrx_word' id='word_1_86' title='bbox 293 749 512 802; x_wconf 89' lang='lat' dir='ltr'>Apuleium</span> <span class='ocrx_word' id='word_1_87' title='bbox 543 750 614 789; x_wconf 85' lang='lat' dir='ltr'>effe</span> <span class='ocrx_word' id='word_1_88' title='bbox 643 751 757 789; x_wconf 85' lang='lat' dir='ltr'>video</span> <span class='ocrx_word' id='word_1_89' title='bbox 787 752 1018 805; x_wconf 80' lang='lat' dir='ltr'>proximum</span> <span class='ocrx_word' id='word_1_90' title='bbox 1047 752 1360 807; x_wconf 86' lang='lat' dir='ltr'>subscriptorem,</span> <span class='ocrx_word' id='word_1_91' title='bbox 1397 754 1602 796; x_wconf 89' lang='lat' dir='ltr'>hominem</span> <span class='ocrx_word' id='word_1_92' title='bbox 1634 772 1715 797; x_wconf 86' lang='lat' dir='ltr'>non</span> 
     </span>
     <span class='ocr_line' id='line_1_11' title="bbox 295 816 1714 872; baseline 0.006 -17"><span class='ocrx_word' id='word_1_93' title='bbox 295 826 416 863; x_wconf 64' lang='lat' dir='ltr'>aetate,</span> <span class='ocrx_word' id='word_1_94' title='bbox 444 817 507 856; x_wconf 89' lang='lat' dir='ltr'>sed</span> <span class='ocrx_word' id='word_1_95' title='bbox 527 817 596 856; x_wconf 91' lang='lat' dir='ltr'>usu</span> <span class='ocrx_word' id='word_1_96' title='bbox 617 816 756 857; x_wconf 83' lang='lat' dir='ltr'>forenfi</span> <span class='ocrx_word' id='word_1_97' title='bbox 787 828 902 872; x_wconf 87' lang='lat' dir='ltr'>atque</span> <span class='ocrx_word' id='word_1_98' title='bbox 933 820 1210 859; x_wconf 84' lang='lat' dir='ltr'>exercitatione</span> <span class='ocrx_word' id='word_1_99' title='bbox 1241 822 1423 860; x_wconf 91' lang='lat' dir='ltr'>tironem.</span> <span class='ocrx_word' id='word_1_100' title='bbox 1465 824 1633 870; x_wconf 84' lang='lat' dir='ltr'>Deinde,</span> <span class='ocrx_word' id='word_1_101' title='bbox 1670 835 1714 863; x_wconf 78' lang='lat' dir='ltr'>ut</span> 
     </span>
     <span class='ocr_line' id='line_1_12' title="bbox 295 883 1713 943; baseline 0.006 -22"><span class='ocrx_word' id='word_1_102' title='bbox 295 883 447 936; x_wconf 86' lang='lat' dir='ltr'>opinor,</span> <span class='ocrx_word' id='word_1_103' title='bbox 468 883 586 923; x_wconf 88' lang='lat' dir='ltr'>habet</span> <span class='ocrx_word' id='word_1_104' title='bbox 606 885 826 932; x_wconf 84' lang='lat' dir='ltr'>Allienum,</span> <span class='ocrx_word' id='word_1_105' title='bbox 859 885 966 925; x_wconf 91' lang='lat' dir='ltr'>hunc</span> <span class='ocrx_word' id='word_1_106' title='bbox 994 896 1126 926; x_wconf 86' lang='lat' dir='ltr'>tamen</span> <span class='ocrx_word' id='word_1_107' title='bbox 1153 901 1174 925; x_wconf 88' lang='lat' dir='ltr'>a</span> <span class='ocrx_word' id='word_1_108' title='bbox 1194 888 1382 928; x_wconf 72' lang='lat' dir='ltr'>subselliis</span> <span class='ocrx_word' id='word_1_109' title='bbox 1397 908 1408 934; x_wconf 87' lang='lat'>;</span> <span class='ocrx_word' id='word_1_110' title='bbox 1442 891 1524 942; x_wconf 89' lang='lat' dir='ltr'>qui,</span> <span class='ocrx_word' id='word_1_111' title='bbox 1547 892 1643 943; x_wconf 85' lang='lat' dir='ltr'>quid</span> <span class='ocrx_word' id='word_1_112' title='bbox 1671 893 1713 930; x_wconf 89' lang='lat' dir='ltr'>in</span> 
     </span>
     <span class='ocr_line' id='line_1_13' title="bbox 297 949 1713 1010; baseline 0.008 -24"><span class='ocrx_word' id='word_1_113' title='bbox 297 949 461 988; x_wconf 89' lang='lat' dir='ltr'>dicendo</span> <span class='ocrx_word' id='word_1_114' title='bbox 479 950 613 1002; x_wconf 71' lang='lat' dir='ltr'>posset,</span> <span class='ocrx_word' id='word_1_115' title='bbox 635 965 838 1004; x_wconf 87' lang='lat' dir='ltr'>nunquam</span> <span class='ocrx_word' id='word_1_116' title='bbox 854 953 940 991; x_wconf 83' lang='lat' dir='ltr'>satis</span> <span class='ocrx_word' id='word_1_117' title='bbox 956 955 1103 993; x_wconf 86' lang='lat' dir='ltr'>attendi</span> <span class='ocrx_word' id='word_1_118' title='bbox 1119 970 1127 993; x_wconf 73' lang='grc' dir='ltr'><strong><em>ε</em></strong></span> <span class='ocrx_word' id='word_1_119' title='bbox 1148 955 1189 993; x_wconf 92' lang='lat' dir='ltr'>in</span> <span class='ocrx_word' id='word_1_120' title='bbox 1206 955 1409 995; x_wconf 81' lang='lat' dir='ltr'>clamando</span> <span class='ocrx_word' id='word_1_121' title='bbox 1426 958 1587 1010; x_wconf 84' lang='lat' dir='ltr'>quidem</span> <span class='ocrx_word' id='word_1_122' title='bbox 1600 960 1713 997; x_wconf 87' lang='lat' dir='ltr'>video</span> 
     </span>
     <span class='ocr_line' id='line_1_14' title="bbox 296 1015 1713 1077; baseline 0.009 -25"><span class='ocrx_word' id='word_1_123' title='bbox 296 1028 388 1054; x_wconf 89' lang='lat' dir='ltr'>eum</span> <span class='ocrx_word' id='word_1_124' title='bbox 409 1015 481 1054; x_wconf 84' lang='lat' dir='ltr'>effe</span> <span class='ocrx_word' id='word_1_125' title='bbox 500 1017 598 1054; x_wconf 87' lang='lat' dir='ltr'>bene</span> <span class='ocrx_word' id='word_1_126' title='bbox 618 1017 834 1063; x_wconf 86' lang='lat' dir='ltr'>robustum,</span> <span class='ocrx_word' id='word_1_127' title='bbox 852 1029 967 1071; x_wconf 86' lang='lat' dir='ltr'>atque</span> <span class='ocrx_word' id='word_1_128' title='bbox 986 1023 1257 1061; x_wconf 81' lang='lat' dir='ltr'>exercitatum.</span> <span class='ocrx_word' id='word_1_129' title='bbox 1276 1025 1322 1061; x_wconf 90' lang='lat' dir='ltr'>In</span> <span class='ocrx_word' id='word_1_130' title='bbox 1343 1023 1419 1062; x_wconf 88' lang='lat' dir='ltr'>hoc</span> <span class='ocrx_word' id='word_1_131' title='bbox 1435 1025 1517 1077; x_wconf 84' lang='lat' dir='ltr'>spes</span> <span class='ocrx_word' id='word_1_132' title='bbox 1535 1035 1609 1064; x_wconf 82' lang='lat' dir='ltr'>tuae</span> <span class='ocrx_word' id='word_1_133' title='bbox 1625 1027 1713 1065; x_wconf 82' lang='lat' dir='ltr'>sunt</span> 
     </span>
     <span class='ocr_line' id='line_1_15' title="bbox 295 1082 1709 1140; baseline 0.008 -21"><span class='ocrx_word' id='word_1_134' title='bbox 295 1094 445 1120; x_wconf 86' lang='lat' dir='ltr'>omnes.</span> <span class='ocrx_word' id='word_1_135' title='bbox 468 1082 564 1127; x_wconf 89' lang='lat' dir='ltr'>Hic,</span> <span class='ocrx_word' id='word_1_136' title='bbox 575 1082 601 1120; x_wconf 93' lang='lat' dir='ltr'>fi</span> <span class='ocrx_word' id='word_1_137' title='bbox 617 1092 658 1120; x_wconf 91' lang='lat' dir='ltr'>tu</span> <span class='ocrx_word' id='word_1_138' title='bbox 674 1084 746 1121; x_wconf 81' lang='lat' dir='ltr'>eris</span> <span class='ocrx_word' id='word_1_139' title='bbox 760 1086 863 1122; x_wconf 57' lang='lat' dir='ltr'>aanor</span> <span class='ocrx_word' id='word_1_140' title='bbox 875 1085 1120 1132; x_wconf 82' lang='lat' dir='ltr'>constitutus,</span> <span class='ocrx_word' id='word_1_141' title='bbox 1138 1095 1267 1125; x_wconf 91' lang='lat' dir='ltr'>totum</span> <span class='ocrx_word' id='word_1_142' title='bbox 1278 1090 1477 1140; x_wconf 86' lang='lat' dir='ltr'>judicium</span> <span class='ocrx_word' id='word_1_143' title='bbox 1495 1091 1709 1132; x_wconf 86' lang='lat' dir='ltr'>sustinebit.</span> 
     </span>
     <span class='ocr_line' id='line_1_16' title="bbox 293 1148 1711 1210; baseline 0.01 -27"><span class='ocrx_word' id='word_1_144' title='bbox 293 1148 354 1185; x_wconf 92' lang='lat' dir='ltr'>Ac</span> <span class='ocrx_word' id='word_1_145' title='bbox 374 1160 422 1185; x_wconf 90' lang='lat' dir='ltr'>ne</span> <span class='ocrx_word' id='word_1_146' title='bbox 441 1148 473 1185; x_wconf 85' lang='lat' dir='ltr'>is</span> <span class='ocrx_word' id='word_1_147' title='bbox 495 1148 654 1199; x_wconf 88' lang='lat' dir='ltr'>quidem</span> <span class='ocrx_word' id='word_1_148' title='bbox 671 1158 824 1187; x_wconf 85' lang='lat' dir='ltr'>tantum</span> <span class='ocrx_word' id='word_1_149' title='bbox 855 1152 1063 1190; x_wconf 89' lang='lat' dir='ltr'>contendet</span> <span class='ocrx_word' id='word_1_150' title='bbox 1079 1153 1120 1190; x_wconf 90' lang='lat' dir='ltr'>in</span> <span class='ocrx_word' id='word_1_151' title='bbox 1142 1153 1320 1200; x_wconf 90' lang='lat' dir='ltr'>dicendo,</span> <span class='ocrx_word' id='word_1_152' title='bbox 1349 1166 1543 1207; x_wconf 82' lang='lat' dir='ltr'>quantum</span> <span class='ocrx_word' id='word_1_153' title='bbox 1565 1160 1688 1210; x_wconf 85' lang='lat' dir='ltr'>potest</span> <span class='ocrx_word' id='word_1_154' title='bbox 1696 1179 1711 1205; x_wconf 73' lang='lat'>3-</span> 
     </span>
     <span class='ocr_line' id='line_1_17' title="bbox 292 1211 1711 1276; baseline 0.01 -27"><span class='ocrx_word' id='word_1_155' title='bbox 292 1211 354 1251; x_wconf 89' lang='lat' dir='ltr'>sed</span> <span class='ocrx_word' id='word_1_156' title='bbox 375 1212 549 1251; x_wconf 89' lang='lat' dir='ltr'>consulet</span> <span class='ocrx_word' id='word_1_157' title='bbox 569 1213 675 1251; x_wconf 82' lang='lat' dir='ltr'>laudi</span> <span class='ocrx_word' id='word_1_158' title='bbox 695 1222 733 1252; x_wconf 90' lang='lat' dir='ltr'>et</span> <span class='ocrx_word' id='word_1_159' title='bbox 745 1215 1021 1254; x_wconf 83' lang='lat' dir='ltr'>existimationi</span> <span class='ocrx_word' id='word_1_160' title='bbox 1042 1227 1141 1263; x_wconf 80' lang='lat' dir='ltr'>tuae3</span> <span class='ocrx_word' id='word_1_161' title='bbox 1163 1228 1202 1256; x_wconf 89' lang='lat' dir='ltr'>et</span> <span class='ocrx_word' id='word_1_162' title='bbox 1221 1232 1268 1257; x_wconf 77' lang='lat' dir='ltr'>ex</span> <span class='ocrx_word' id='word_1_163' title='bbox 1288 1234 1347 1265; x_wconf 89' lang='lat' dir='ltr'>eo,</span> <span class='ocrx_word' id='word_1_164' title='bbox 1366 1222 1474 1272; x_wconf 90' lang='lat' dir='ltr'>quod</span> <span class='ocrx_word' id='word_1_165' title='bbox 1494 1224 1573 1275; x_wconf 87' lang='lat' dir='ltr'>ipse</span> <span class='ocrx_word' id='word_1_166' title='bbox 1588 1227 1711 1276; x_wconf 86' lang='lat' dir='ltr'>potest</span> 
     </span>
     <span class='ocr_line' id='line_1_18' title="bbox 289 1279 1708 1340; baseline 0.009 -24"><span class='ocrx_word' id='word_1_167' title='bbox 289 1279 332 1317; x_wconf 85' lang='lat' dir='ltr'>in</span> <span class='ocrx_word' id='word_1_168' title='bbox 351 1279 530 1325; x_wconf 88' lang='lat' dir='ltr'>dicendo,</span> <span class='ocrx_word' id='word_1_169' title='bbox 547 1280 793 1333; x_wconf 85' lang='lat' dir='ltr'>aliquantum</span> <span class='ocrx_word' id='word_1_170' title='bbox 813 1282 1002 1328; x_wconf 85' lang='lat' dir='ltr'>remittet,</span> <span class='ocrx_word' id='word_1_171' title='bbox 1017 1292 1061 1322; x_wconf 91' lang='lat' dir='ltr'>ut</span> <span class='ocrx_word' id='word_1_172' title='bbox 1081 1293 1124 1322; x_wconf 90' lang='lat' dir='ltr'>tu</span> <span class='ocrx_word' id='word_1_173' title='bbox 1145 1293 1275 1324; x_wconf 90' lang='lat' dir='ltr'>tamen</span> <span class='ocrx_word' id='word_1_174' title='bbox 1292 1286 1440 1340; x_wconf 86' lang='lat' dir='ltr'>aliquid</span> <span class='ocrx_word' id='word_1_175' title='bbox 1456 1288 1528 1326; x_wconf 86' lang='lat' dir='ltr'>effe</span> <span class='ocrx_word' id='word_1_176' title='bbox 1544 1290 1708 1331; x_wconf 83' lang='lat' dir='ltr'>videare.</span> 
     </span>
     <span class='ocr_line' id='line_1_19' title="bbox 291 1346 1709 1408; baseline 0.01 -25"><span class='ocrx_word' id='word_1_177' title='bbox 291 1346 350 1385; x_wconf 89' lang='lat' dir='ltr'>Ut</span> <span class='ocrx_word' id='word_1_178' title='bbox 369 1346 411 1384; x_wconf 91' lang='lat' dir='ltr'>in</span> <span class='ocrx_word' id='word_1_179' title='bbox 430 1347 622 1386; x_wconf 64' lang='lat' dir='ltr'>actoribus</span> <span class='ocrx_word' id='word_1_180' title='bbox 644 1348 792 1387; x_wconf 85' lang='lat' dir='ltr'>Graecis</span> <span class='ocrx_word' id='word_1_181' title='bbox 814 1349 896 1388; x_wconf 89' lang='lat' dir='ltr'>fieri</span> <span class='ocrx_word' id='word_1_182' title='bbox 914 1350 1094 1390; x_wconf 85' lang='lat' dir='ltr'>videmus</span> <span class='ocrx_word' id='word_1_183' title='bbox 1107 1370 1120 1398; x_wconf 88' lang='lat'>;</span> <span class='ocrx_word' id='word_1_184' title='bbox 1143 1352 1239 1406; x_wconf 86' lang='lat' dir='ltr'>saepe</span> <span class='ocrx_word' id='word_1_185' title='bbox 1259 1353 1389 1400; x_wconf 90' lang='lat' dir='ltr'>illum,</span> <span class='ocrx_word' id='word_1_186' title='bbox 1408 1355 1477 1408; x_wconf 84' lang='lat' dir='ltr'>qui</span> <span class='ocrx_word' id='word_1_187' title='bbox 1498 1356 1551 1394; x_wconf 87' lang='lat' dir='ltr'>est</span> <span class='ocrx_word' id='word_1_188' title='bbox 1571 1357 1709 1397; x_wconf 84' lang='lat' dir='ltr'>secun-</span> 
     </span>
     <span class='ocr_line' id='line_1_20' title="bbox 247 1404 1708 1474; baseline 0.01 -26"><span class='ocrx_word' id='word_1_189' title='bbox 247 1404 252 1408; x_wconf 42' lang='lat'><em>*</em></span> <span class='ocrx_word' id='word_1_190' title='bbox 289 1411 441 1458; x_wconf 86' lang='lat' dir='ltr'>darum,</span> <span class='ocrx_word' id='word_1_191' title='bbox 463 1421 529 1451; x_wconf 86' lang='lat' dir='ltr'>aut</span> <span class='ocrx_word' id='word_1_192' title='bbox 548 1414 748 1452; x_wconf 80' lang='lat' dir='ltr'>tertiarum</span> <span class='ocrx_word' id='word_1_193' title='bbox 768 1417 954 1467; x_wconf 88' lang='lat' dir='ltr'>partium,</span> <span class='ocrx_word' id='word_1_194' title='bbox 989 1432 1083 1457; x_wconf 91' lang='lat' dir='ltr'>cum</span> <span class='ocrx_word' id='word_1_195' title='bbox 1103 1419 1218 1473; x_wconf 84' lang='lat' dir='ltr'>poffit</span> <span class='ocrx_word' id='word_1_196' title='bbox 1249 1421 1451 1474; x_wconf 85' lang='lat' dir='ltr'>aliquanto</span> <span class='ocrx_word' id='word_1_197' title='bbox 1479 1423 1618 1463; x_wconf 82' lang='lat' dir='ltr'>clarius</span> <span class='ocrx_word' id='word_1_198' title='bbox 1646 1426 1708 1464; x_wconf 90' lang='lat' dir='ltr'>di-</span> 
     </span>
     <span class='ocr_line' id='line_1_21' title="bbox 288 1479 1708 1545; baseline 0.01 -29"><span class='ocrx_word' id='word_1_199' title='bbox 288 1490 385 1524; x_wconf 90' lang='lat' dir='ltr'>cere,</span> <span class='ocrx_word' id='word_1_200' title='bbox 407 1493 527 1532; x_wconf 89' lang='lat' dir='ltr'>quam</span> <span class='ocrx_word' id='word_1_201' title='bbox 547 1479 626 1533; x_wconf 90' lang='lat' dir='ltr'>ipse</span> <span class='ocrx_word' id='word_1_202' title='bbox 646 1480 876 1533; x_wconf 88' lang='lat' dir='ltr'>primarum,</span> <span class='ocrx_word' id='word_1_203' title='bbox 899 1481 1074 1522; x_wconf 69' lang='lat' dir='ltr'>multum</span> <span class='ocrx_word' id='word_1_204' title='bbox 1093 1486 1351 1533; x_wconf 88' lang='lat' dir='ltr'>summittere,</span> <span class='ocrx_word' id='word_1_205' title='bbox 1375 1497 1419 1527; x_wconf 93' lang='lat' dir='ltr'>ut</span> <span class='ocrx_word' id='word_1_206' title='bbox 1442 1488 1509 1527; x_wconf 90' lang='lat' dir='ltr'>ille</span> <span class='ocrx_word' id='word_1_207' title='bbox 1528 1491 1708 1545; x_wconf 78' lang='lat' dir='ltr'>princeps</span> 
     </span>
     <span class='ocr_line' id='line_1_22' title="bbox 286 1547 1706 1604; baseline 0.01 -20"><span class='ocrx_word' id='word_1_208' title='bbox 286 1559 406 1598; x_wconf 88' lang='lat' dir='ltr'>quam</span> <span class='ocrx_word' id='word_1_209' title='bbox 426 1547 598 1586; x_wconf 86' lang='lat' dir='ltr'>maxime</span> <span class='ocrx_word' id='word_1_210' title='bbox 615 1548 780 1588; x_wconf 87' lang='lat' dir='ltr'>excellat</span> <span class='ocrx_word' id='word_1_211' title='bbox 794 1568 806 1595; x_wconf 79' lang='lat'>3</span> <span class='ocrx_word' id='word_1_212' title='bbox 839 1550 889 1588; x_wconf 87' lang='lat' dir='ltr'>fic</span> <span class='ocrx_word' id='word_1_213' title='bbox 908 1549 1026 1590; x_wconf 88' lang='lat' dir='ltr'>faciet</span> <span class='ocrx_word' id='word_1_214' title='bbox 1044 1552 1251 1593; x_wconf 87' lang='lat' dir='ltr'>Allienus:</span> <span class='ocrx_word' id='word_1_215' title='bbox 1285 1555 1358 1594; x_wconf 91' lang='lat' dir='ltr'>tibi</span> <span class='ocrx_word' id='word_1_216' title='bbox 1377 1556 1526 1604; x_wconf 89' lang='lat' dir='ltr'>serviet,</span> <span class='ocrx_word' id='word_1_217' title='bbox 1555 1559 1628 1598; x_wconf 92' lang='lat' dir='ltr'>tibi</span> <span class='ocrx_word' id='word_1_218' title='bbox 1648 1561 1706 1598; x_wconf 89' lang='lat' dir='ltr'>le-</span> 
     </span>
     <span class='ocr_line' id='line_1_23' title="bbox 287 1613 1486 1676; baseline 0.011 -26"><span class='ocrx_word' id='word_1_219' title='bbox 287 1613 559 1653; x_wconf 88' lang='lat' dir='ltr'>nocinabitur:</span> <span class='ocrx_word' id='word_1_220' title='bbox 591 1615 723 1654; x_wconf 90' lang='lat' dir='ltr'>minus</span> <span class='ocrx_word' id='word_1_221' title='bbox 744 1617 943 1669; x_wconf 86' lang='lat' dir='ltr'>aliquanto</span> <span class='ocrx_word' id='word_1_222' title='bbox 963 1620 1185 1666; x_wconf 88' lang='lat' dir='ltr'>contendet,</span> <span class='ocrx_word' id='word_1_223' title='bbox 1209 1635 1327 1674; x_wconf 87' lang='lat' dir='ltr'>quam</span> <span class='ocrx_word' id='word_1_224' title='bbox 1347 1624 1486 1676; x_wconf 90' lang='lat' dir='ltr'>potest.</span> 
     </span>
    </p>

    <p class='ocr_par' dir='ltr' id='par_1_4' title="bbox 280 1678 1706 2522">
     <span class='ocr_line' id='line_1_24' title="bbox 341 1678 1706 1743; baseline 0.011 -27"><span class='ocrx_word' id='word_1_225' title='bbox 341 1680 432 1730; x_wconf 88' lang='lat' dir='ltr'>Jam</span> <span class='ocrx_word' id='word_1_226' title='bbox 463 1678 540 1718; x_wconf 89' lang='lat' dir='ltr'>hoc</span> <span class='ocrx_word' id='word_1_227' title='bbox 570 1681 815 1727; x_wconf 85' lang='lat' dir='ltr'>confiderate,</span> <span class='ocrx_word' id='word_1_228' title='bbox 846 1684 1067 1736; x_wconf 88' lang='lat' dir='ltr'>cujusmodi</span> <span class='ocrx_word' id='word_1_229' title='bbox 1093 1687 1326 1726; x_wconf 86' lang='lat' dir='ltr'>accusatores</span> <span class='ocrx_word' id='word_1_230' title='bbox 1358 1690 1399 1727; x_wconf 91' lang='lat' dir='ltr'>in</span> <span class='ocrx_word' id='word_1_231' title='bbox 1422 1699 1529 1729; x_wconf 84' lang='lat' dir='ltr'>tanto</span> <span class='ocrx_word' id='word_1_232' title='bbox 1550 1692 1706 1743; x_wconf 86' lang='lat' dir='ltr'>judicio</span> 
     </span>
     <span class='ocr_line' id='line_1_25' title="bbox 285 1745 1703 1810; baseline 0.01 -27"><span class='ocrx_word' id='word_1_233' title='bbox 285 1746 403 1785; x_wconf 86' lang='lat' dir='ltr'>fimus</span> <span class='ocrx_word' id='word_1_234' title='bbox 424 1745 609 1793; x_wconf 85' lang='lat' dir='ltr'>habituri,</span> <span class='ocrx_word' id='word_1_235' title='bbox 627 1761 720 1787; x_wconf 91' lang='lat' dir='ltr'>cum</span> <span class='ocrx_word' id='word_1_236' title='bbox 740 1759 778 1788; x_wconf 89' lang='lat' dir='ltr'>et</span> <span class='ocrx_word' id='word_1_237' title='bbox 798 1750 875 1803; x_wconf 89' lang='lat' dir='ltr'>ipse</span> <span class='ocrx_word' id='word_1_238' title='bbox 896 1751 1076 1790; x_wconf 83' lang='lat' dir='ltr'>Allienus</span> <span class='ocrx_word' id='word_1_239' title='bbox 1098 1767 1146 1791; x_wconf 85' lang='lat' dir='ltr'>ex</span> <span class='ocrx_word' id='word_1_240' title='bbox 1165 1767 1208 1792; x_wconf 86' lang='lat' dir='ltr'>ea</span> <span class='ocrx_word' id='word_1_241' title='bbox 1225 1753 1422 1801; x_wconf 82' lang='lat' dir='ltr'>facultate,</span> <span class='ocrx_word' id='word_1_242' title='bbox 1445 1756 1471 1794; x_wconf 88' lang='lat' dir='ltr'>fi</span> <span class='ocrx_word' id='word_1_243' title='bbox 1493 1771 1611 1810; x_wconf 86' lang='lat' dir='ltr'>quam</span> <span class='ocrx_word' id='word_1_244' title='bbox 1631 1758 1703 1798; x_wconf 85' lang='lat' dir='ltr'>ha·-</span> 
     </span>
     <span class='ocr_line' id='line_1_26' title="bbox 286 1812 1702 1876; baseline 0.011 -27"><span class='ocrx_word' id='word_1_245' title='bbox 286 1812 365 1857; x_wconf 91' lang='lat' dir='ltr'>bet,</span> <span class='ocrx_word' id='word_1_246' title='bbox 387 1813 633 1865; x_wconf 85' lang='lat' dir='ltr'>aliquantum</span> <span class='ocrx_word' id='word_1_247' title='bbox 651 1814 886 1856; x_wconf 65' lang='lat' dir='ltr'>detracturus</span> <span class='ocrx_word' id='word_1_248' title='bbox 908 1818 979 1864; x_wconf 67' lang='lat' dir='ltr'>fit,</span> <span class='ocrx_word' id='word_1_249' title='bbox 1013 1828 1050 1857; x_wconf 88' lang='lat' dir='ltr'>et</span> <span class='ocrx_word' id='word_1_250' title='bbox 1073 1820 1254 1859; x_wconf 82' lang='lat' dir='ltr'>Caecilius</span> <span class='ocrx_word' id='word_1_251' title='bbox 1277 1830 1364 1860; x_wconf 89' lang='lat' dir='ltr'>turn</span> <span class='ocrx_word' id='word_1_252' title='bbox 1385 1822 1553 1876; x_wconf 85' lang='lat' dir='ltr'>denique</span> <span class='ocrx_word' id='word_1_253' title='bbox 1573 1824 1608 1862; x_wconf 92' lang='lat' dir='ltr'>se</span> <span class='ocrx_word' id='word_1_254' title='bbox 1629 1826 1702 1864; x_wconf 86' lang='lat' dir='ltr'>ali-</span> 
     </span>
     <span class='ocr_line' id='line_1_27' title="bbox 283 1870 1701 1936; baseline 0.01 -20"><span class='ocrx_word' id='word_1_255' title='bbox 283 1878 381 1932; x_wconf 91' lang='lat' dir='ltr'>quid</span> <span class='ocrx_word' id='word_1_256' title='bbox 399 1870 579 1918; x_wconf 60' lang='lat' dir='ltr'>futurum</span> <span class='ocrx_word' id='word_1_257' title='bbox 600 1890 726 1934; x_wconf 88' lang='lat' dir='ltr'>putet,</span> <span class='ocrx_word' id='word_1_258' title='bbox 760 1883 786 1921; x_wconf 92' lang='lat' dir='ltr'>s1</span> <span class='ocrx_word' id='word_1_259' title='bbox 808 1884 988 1923; x_wconf 85' lang='lat' dir='ltr'>Allienus</span> <span class='ocrx_word' id='word_1_260' title='bbox 1010 1886 1141 1924; x_wconf 87' lang='lat' dir='ltr'>minus</span> <span class='ocrx_word' id='word_1_261' title='bbox 1163 1887 1371 1927; x_wconf 83' lang='lat' dir='ltr'>vehemens</span> <span class='ocrx_word' id='word_1_262' title='bbox 1400 1888 1532 1936; x_wconf 90' lang='lat' dir='ltr'>fuerit,</span> <span class='ocrx_word' id='word_1_263' title='bbox 1564 1900 1603 1929; x_wconf 88' lang='lat' dir='ltr'>et</span> <span class='ocrx_word' id='word_1_264' title='bbox 1630 1893 1701 1931; x_wconf 86' lang='lat' dir='ltr'>fibi</span> 
     </span>
     <span class='ocr_line' id='line_1_28' title="bbox 283 1945 1700 2008; baseline 0.011 -25"><span class='ocrx_word' id='word_1_265' title='bbox 283 1945 428 1997; x_wconf 88' lang='lat' dir='ltr'>primas</span> <span class='ocrx_word' id='word_1_266' title='bbox 447 1947 489 1985; x_wconf 91' lang='lat' dir='ltr'>in</span> <span class='ocrx_word' id='word_1_267' title='bbox 509 1947 674 1987; x_wconf 92' lang='lat' dir='ltr'>dicendo</span> <span class='ocrx_word' id='word_1_268' title='bbox 694 1959 818 2002; x_wconf 80' lang='lat' dir='ltr'>partes</span> <span class='ocrx_word' id='word_1_269' title='bbox 840 1951 1075 1991; x_wconf 76' lang='lat' dir='ltr'>concesserit.</span> <span class='ocrx_word' id='word_1_270' title='bbox 1109 1954 1307 2006; x_wconf 85' lang='lat' dir='ltr'>Qartum</span> <span class='ocrx_word' id='word_1_271' title='bbox 1329 1969 1448 2008; x_wconf 89' lang='lat' dir='ltr'>quem</span> <span class='ocrx_word' id='word_1_272' title='bbox 1475 1957 1519 1995; x_wconf 81' lang='lat' dir='ltr'>slt</span> <span class='ocrx_word' id='word_1_273' title='bbox 1538 1957 1700 1998; x_wconf 84' lang='lat' dir='ltr'>habitu-</span> 
     </span>
     <span class='ocr_line' id='line_1_29' title="bbox 284 2014 1700 2080; baseline 0.012 -32"><span class='ocrx_word' id='word_1_274' title='bbox 284 2024 363 2056; x_wconf 91' lang='lat' dir='ltr'>rus,</span> <span class='ocrx_word' id='word_1_275' title='bbox 395 2026 474 2051; x_wconf 93' lang='lat' dir='ltr'>non</span> <span class='ocrx_word' id='word_1_276' title='bbox 504 2014 632 2060; x_wconf 91' lang='lat' dir='ltr'>video,</span> <span class='ocrx_word' id='word_1_277' title='bbox 662 2016 733 2054; x_wconf 78' lang='lat' dir='ltr'>nisi</span> <span class='ocrx_word' id='word_1_278' title='bbox 762 2031 880 2070; x_wconf 89' lang='lat' dir='ltr'>quern</span> <span class='ocrx_word' id='word_1_279' title='bbox 906 2018 1006 2057; x_wconf 90' lang='lat' dir='ltr'>forte</span> <span class='ocrx_word' id='word_1_280' title='bbox 1027 2034 1074 2058; x_wconf 84' lang='lat' dir='ltr'>ex</span> <span class='ocrx_word' id='word_1_281' title='bbox 1107 2020 1176 2059; x_wconf 86' lang='lat' dir='ltr'>illo</span> <span class='ocrx_word' id='word_1_282' title='bbox 1206 2036 1321 2075; x_wconf 86' lang='lat' dir='ltr'>grege</span> <span class='ocrx_word' id='word_1_283' title='bbox 1343 2034 1598 2071; x_wconf 81' lang='lat' dir='ltr'>moratorum,</span> <span class='ocrx_word' id='word_1_284' title='bbox 1632 2027 1700 2080; x_wconf 88' lang='lat' dir='ltr'>qui</span> 
     </span>
     <span class='ocr_line' id='line_1_30' title="bbox 284 2076 1698 2139; baseline 0.013 -25"><span class='ocrx_word' id='word_1_285' title='bbox 284 2076 605 2131; x_wconf 89' lang='lat' dir='ltr'>subscriptionem</span> <span class='ocrx_word' id='word_1_286' title='bbox 631 2081 701 2119; x_wconf 88' lang='lat' dir='ltr'>fibi</span> <span class='ocrx_word' id='word_1_287' title='bbox 721 2084 976 2136; x_wconf 80' lang='lat' dir='ltr'>postularunt,</span> <span class='ocrx_word' id='word_1_288' title='bbox 1009 2087 1233 2139; x_wconf 85' lang='lat' dir='ltr'>cuicunque</span> <span class='ocrx_word' id='word_1_289' title='bbox 1266 2086 1332 2127; x_wconf 65' lang='lat' dir='ltr'>vos</span> <span class='ocrx_word' id='word_1_290' title='bbox 1363 2090 1599 2131; x_wconf 78' lang='lat' dir='ltr'>delationem</span> <span class='ocrx_word' id='word_1_291' title='bbox 1629 2094 1698 2132; x_wconf 85' lang='lat' dir='ltr'>de-</span> 
     </span>
     <span class='ocr_line' id='line_1_31' title="bbox 283 2143 1698 2209; baseline 0.013 -29"><span class='ocrx_word' id='word_1_292' title='bbox 283 2143 441 2183; x_wconf 76' lang='lat' dir='ltr'>dissetis.</span> <span class='ocrx_word' id='word_1_293' title='bbox 472 2146 535 2184; x_wconf 81' lang='lat' dir='ltr'>Ex</span> <span class='ocrx_word' id='word_1_294' title='bbox 555 2147 698 2199; x_wconf 89' lang='lat' dir='ltr'>quibus</span> <span class='ocrx_word' id='word_1_295' title='bbox 719 2149 955 2190; x_wconf 80' lang='lat' dir='ltr'>alieniffimis</span> <span class='ocrx_word' id='word_1_296' title='bbox 986 2150 1216 2192; x_wconf 84' lang='lat' dir='ltr'>hominibus</span> <span class='ocrx_word' id='word_1_297' title='bbox 1246 2155 1299 2193; x_wconf 85' lang='lat' dir='ltr'>ita</span> <span class='ocrx_word' id='word_1_298' title='bbox 1320 2166 1472 2209; x_wconf 84' lang='lat' dir='ltr'>paratus</span> <span class='ocrx_word' id='word_1_299' title='bbox 1503 2160 1622 2205; x_wconf 82' lang='lat' dir='ltr'>venis,</span> <span class='ocrx_word' id='word_1_300' title='bbox 1654 2169 1698 2198; x_wconf 88' lang='lat' dir='ltr'>ut</span> 
     </span>
     <span class='ocr_line' id='line_1_32' title="bbox 281 2209 1696 2275; baseline 0.012 -28"><span class='ocrx_word' id='word_1_301' title='bbox 281 2210 356 2248; x_wconf 87' lang='lat' dir='ltr'>tibi</span> <span class='ocrx_word' id='word_1_302' title='bbox 374 2209 512 2265; x_wconf 85' lang='lat' dir='ltr'>hospes</span> <span class='ocrx_word' id='word_1_303' title='bbox 534 2212 674 2266; x_wconf 83' lang='lat' dir='ltr'>aliquis</span> <span class='ocrx_word' id='word_1_304' title='bbox 694 2214 740 2253; x_wconf 90' lang='lat' dir='ltr'>fit</span> <span class='ocrx_word' id='word_1_305' title='bbox 769 2217 1024 2270; x_wconf 65' lang='lat' dir='ltr'>recipienduS.</span> <span class='ocrx_word' id='word_1_306' title='bbox 1059 2220 1215 2272; x_wconf 83' lang='lat' dir='ltr'>Qibus</span> <span class='ocrx_word' id='word_1_307' title='bbox 1247 2235 1319 2275; x_wconf 83' lang='lat' dir='ltr'>ego</span> <span class='ocrx_word' id='word_1_308' title='bbox 1340 2237 1418 2262; x_wconf 90' lang='lat' dir='ltr'>non</span> <span class='ocrx_word' id='word_1_309' title='bbox 1439 2225 1522 2263; x_wconf 89' lang='lat' dir='ltr'>sum</span> <span class='ocrx_word' id='word_1_310' title='bbox 1543 2234 1696 2264; x_wconf 88' lang='lat' dir='ltr'>tantum</span> 
     </span>
     <span class='ocr_line' id='line_1_33' title="bbox 280 2275 1693 2338; baseline 0.011 -24"><span class='ocrx_word' id='word_1_311' title='bbox 280 2275 471 2317; x_wconf 87' lang='lat' dir='ltr'>honorem</span> <span class='ocrx_word' id='word_1_312' title='bbox 493 2276 710 2328; x_wconf 80' lang='lat' dir='ltr'>habiturus,</span> <span class='ocrx_word' id='word_1_313' title='bbox 740 2292 781 2321; x_wconf 87' lang='lat' dir='ltr'>ut</span> <span class='ocrx_word' id='word_1_314' title='bbox 802 2284 847 2322; x_wconf 81' lang='lat' dir='ltr'>ad</span> <span class='ocrx_word' id='word_1_315' title='bbox 869 2298 923 2330; x_wconf 82' lang='lat' dir='ltr'>ea,</span> <span class='ocrx_word' id='word_1_316' title='bbox 957 2300 1041 2338; x_wconf 83' lang='lat' dir='ltr'>quae</span> <span class='ocrx_word' id='word_1_317' title='bbox 1061 2287 1243 2333; x_wconf 80' lang='lat' dir='ltr'>dixerint,</span> <span class='ocrx_word' id='word_1_318' title='bbox 1277 2300 1380 2328; x_wconf 89' lang='lat' dir='ltr'>certo</span> <span class='ocrx_word' id='word_1_319' title='bbox 1400 2291 1502 2335; x_wconf 89' lang='lat' dir='ltr'>loco,</span> <span class='ocrx_word' id='word_1_320' title='bbox 1534 2300 1598 2328; x_wconf 85' lang='lat' dir='ltr'>aut</span> <span class='ocrx_word' id='word_1_321' title='bbox 1617 2291 1693 2329; x_wconf 89' lang='lat' dir='ltr'>fin-</span> 
     </span>
     <span class='ocr_line' id='line_1_34' title="bbox 280 2343 1692 2408; baseline 0.011 -27"><span class='ocrx_word' id='word_1_322' title='bbox 280 2343 446 2395; x_wconf 82' lang='lat' dir='ltr'>gulatim</span> <span class='ocrx_word' id='word_1_323' title='bbox 467 2347 680 2400; x_wconf 88' lang='lat' dir='ltr'>unicuique</span> <span class='ocrx_word' id='word_1_324' title='bbox 700 2349 963 2403; x_wconf 77' lang='lat' dir='ltr'>respondeam.</span> <span class='ocrx_word' id='word_1_325' title='bbox 1008 2353 1069 2391; x_wconf 81' lang='lat' dir='ltr'>Sic</span> <span class='ocrx_word' id='word_1_326' title='bbox 1089 2353 1267 2400; x_wconf 86' lang='lat' dir='ltr'>breviter,</span> <span class='ocrx_word' id='word_1_327' title='bbox 1291 2356 1475 2408; x_wconf 84' lang='lat' dir='ltr'>quoniam</span> <span class='ocrx_word' id='word_1_328' title='bbox 1496 2370 1573 2394; x_wconf 91' lang='lat' dir='ltr'>non</span> <span class='ocrx_word' id='word_1_329' title='bbox 1594 2370 1692 2395; x_wconf 88' lang='lat' dir='ltr'>con-</span> 
     </span>
     <span class='ocr_line' id='line_1_35' title="bbox 280 2409 1692 2476; baseline 0.012 -29"><span class='ocrx_word' id='word_1_330' title='bbox 280 2409 394 2457; x_wconf 90' lang='lat' dir='ltr'>sulto,</span> <span class='ocrx_word' id='word_1_331' title='bbox 412 2411 479 2456; x_wconf 60' lang='lat' dir='ltr'>‚sed</span> <span class='ocrx_word' id='word_1_332' title='bbox 509 2414 608 2460; x_wconf 89' lang='lat' dir='ltr'>casu,</span> <span class='ocrx_word' id='word_1_333' title='bbox 641 2416 683 2454; x_wconf 90' lang='lat' dir='ltr'>in</span> <span class='ocrx_word' id='word_1_334' title='bbox 703 2430 837 2457; x_wconf 86' lang='lat' dir='ltr'>eorum</span> <span class='ocrx_word' id='word_1_335' title='bbox 860 2421 1100 2460; x_wconf 88' lang='lat' dir='ltr'>mentionem</span> <span class='ocrx_word' id='word_1_336' title='bbox 1122 2422 1256 2467; x_wconf 84' lang='lat' dir='ltr'>incidi,</span> <span class='ocrx_word' id='word_1_337' title='bbox 1276 2422 1378 2474; x_wconf 87' lang='lat' dir='ltr'>quafi</span> <span class='ocrx_word' id='word_1_338' title='bbox 1397 2424 1614 2476; x_wconf 80' lang='lat' dir='ltr'>praeteriens</span> <span class='ocrx_word' id='word_1_339' title='bbox 1635 2425 1692 2464; x_wconf 82' lang='lat' dir='ltr'>sa-</span> 
     </span>
     <span class='ocr_line' id='line_1_36' title="bbox 280 2475 690 2522; baseline 0.024 -10"><span class='ocrx_word' id='word_1_340' title='bbox 280 2475 473 2518; x_wconf 83' lang='lat' dir='ltr'>tisfaciam</span> <span class='ocrx_word' id='word_1_341' title='bbox 493 2481 690 2522; x_wconf 84' lang='lat' dir='ltr'>univerfis.</span> 
     </span>
    </p>
   </div>
  </div>
 </body>
</html>
