2201 2792
590 162 934 201 ACTIONIS
976 162 1029 201 ΙΙ.
1090 163 1298 201 LIBER
1332 164 1381 202 V.
1601 181 1682 220 445

293 263 553 315 nequitiaque,
569 263 700 307 victor,
719 261 871 300 claffem
894 260 1195 314 pulcherrimam
1216 262 1349 314 populi
1365 263 1547 307 Romani,
1573 264 1612 302 in
1632 266 1684 302 li-

292 338 353 366 tus
374 329 571 381 expulsam
592 339 628 366 et
649 330 822 381 ejectam,
854 341 945 366 cum
967 328 1141 381 primum
1161 328 1491 381 advesperasceret,
1528 330 1686 368 infiam-

292 395 390 432 mari
409 395 615 447 incedique
630 394 751 446 jufiit.

298 477 302 481 <
347 461 383 496 O
406 470 557 513 tempus
579 461 776 505 miserum,
808 469 922 512 atque
953 461 1135 499 acerbum
1157 461 1363 513 provinciae
1383 461 1542 499 Siciliae!
1575 475 1598 499 o
1619 475 1683 499 ca-

290 523 375 562 sum
406 526 521 564 illum
554 526 687 564 multis
720 526 991 564 innocentibus
1012 526 1293 571 calamitosum,
1326 536 1439 578 atque
1459 526 1685 564 funestum!

234 620 247 625 -
291 604 314 628 o
345 591 451 630 istius
485 593 729 644 nequitiam,
760 605 802 629 ac
837 592 1121 644 turpitudinem
1155 592 1410 644 singularem!
1450 594 1538 630 Una
1568 603 1686 645 atque:

290 658 422 695 eadem
444 671 521 695 nox
541 668 632 702 erat,
655 671 731 709 qua
751 658 895 695 Praetor
912 658 1052 695 amoris
1073 658 1279 710 turpiffimi
1299 658 1468 703 flamma,
1500 672 1542 696 ac
1563 659 1683 697 claffis

288 724 423 776 populi
444 724 614 761 Romani
634 724 859 776 praedonum
880 724 1074 768 incendio,
1092 724 1363 777 conflagrabat.
1378 724 1551 762 Affertur
1570 727 1683 763 noete

288 789 517 842 intempesta
547 790 671 841 gravis
690 788 851 841 hujusce
881 790 975 827 mali
1005 790 1165 827 nuntius
1193 790 1417 841 Syracusas:
1449 791 1616 828 curritur
1635 792 1681 829 ad

286 856 523 908 praetorium,
545 869 624 907 quo
644 855 761 893 istum
782 869 802 893 e
821 857 1000 894 convivio
1022 856 1091 894 illo
1111 857 1290 909 praeclaro
1311 856 1538 894 reduxerant
1566 857 1683 909 paulo

286 931 373 960 ante
406 923 586 960 mulieres
607 936 699 960 cum
720 932 837 961 cantu
867 932 982 975 atque
1001 922 1244 976 symphonia.
1282 923 1524 967 Cleomenes,
1555 938 1680 975 quan-

286 1002 404 1040 quam
425 1003 503 1027 nox
522 998 613 1034 erat,
635 998 766 1026 tamen
785 990 824 1026 in
845 989 1006 1042 publico
1026 989 1096 1026 effe
1116 1003 1194 1027 non
1216 990 1351 1027 audet:
1373 990 1540 1027 includit
1554 990 1588 1027 se
1608 991 1680 1028 do-

284 1055 341 1093 mi
359 1070 368 1093 :
392 1069 516 1107 neque
534 1055 660 1093 aderat
680 1069 789 1100 uxor,
812 1069 896 1107 quae
916 1055 1102 1093 consolari
1121 1054 1325 1093 hominem
1345 1056 1385 1093 in
1406 1056 1517 1093 malis
1543 1056 1678 1108 posset.

340 1122 472 1174 Hujus
505 1131 634 1159 autem
665 1122 834 1174 praeclari
866 1122 1106 1174 imperatoris
1137 1122 1189 1159 ita
1219 1131 1296 1159 erat
1323 1122 1445 1160 severa
1472 1122 1578 1160 domi
1601 1122 1678 1160 dis-

282 1187 440 1239 ciplina,
463 1196 506 1224 ut
526 1188 566 1224 in
587 1201 625 1224 re
647 1196 763 1232 tanta,
786 1187 825 1224 in
848 1196 926 1224 tam
948 1188 1054 1239 gravi
1075 1187 1227 1232 nuntio,
1250 1200 1365 1225 nemo
1382 1187 1649 1225 admitteretur
1663 1206 1677 1232 ;

283 1266 400 1290 nemo
415 1252 516 1297 esset,
537 1253 604 1304 qui
625 1253 778 1290 auderet
794 1262 859 1290 aut
879 1253 1137 1290 dormientem
1158 1254 1335 1298 excitare,
1354 1262 1418 1291 aut
1438 1253 1681 1305 interpellare

281 1319 522 1371 vigilantem.
554 1319 643 1370 Jam
666 1332 767 1363 vero,
791 1332 828 1356 re
848 1319 894 1356 ab
914 1319 1098 1357 omnibus
1119 1319 1287 1371 cognita,
1309 1319 1557 1356 concursabat
1585 1320 1679 1357 urbe

281 1393 362 1423 tota
381 1386 553 1423 maxima
570 1384 796 1423 multitudo.
827 1385 921 1423 Non
941 1385 1062 1429 enim,
1085 1385 1179 1423 ficut
1200 1395 1308 1422 antea
1328 1385 1565 1423 consuetudo
1585 1395 1677 1431 erat,

280 1453 507 1505 praedonum
537 1453 747 1490 adventum
778 1452 1015 1504 significabat
1045 1452 1146 1503 ignis
1177 1466 1197 1489 e
1217 1452 1367 1504 specula
1394 1452 1578 1496 sublatus,
1610 1463 1678 1491 aut

281 1519 437 1558 tumulo
449 1538 463 1564 5
485 1519 547 1557 sed
564 1519 720 1557 flamma
739 1531 784 1556 ex
805 1518 886 1571 ipso
902 1518 1080 1556 incendio
1096 1519 1267 1563 navium,
1282 1529 1319 1557 et
1332 1519 1591 1557 calamitatem
1609 1533 1676 1558 ac-

281 1595 449 1638 ceptam,
471 1594 508 1622 et
529 1585 746 1638 periculum
768 1585 978 1636 reliquum,
999 1585 1214 1622 nuntiabat.

335 1652 528 1689 XXXVI.
562 1653 666 1690 Cum
688 1652 830 1689 Praetor
850 1660 1094 1703 quaereretur,
1123 1660 1161 1688 et
1191 1651 1376 1689 constaret
1407 1652 1441 1688 ei
1476 1652 1676 1689 neminem

280 1716 492 1761 nuntiaffe5
525 1715 570 1754 fit
601 1716 648 1754 ad
681 1716 846 1754 domum
877 1716 958 1767 ejus
990 1729 1081 1753 curn
1111 1716 1279 1754 clamore
1306 1716 1527 1760 concursus,
1558 1726 1674 1767 atque

278 1783 462 1835 impetus.
486 1784 595 1820 Tum
617 1782 682 1820 iste
703 1783 889 1820 excitatus
910 1782 990 1820 exit
1008 1796 1016 1819 :
1037 1782 1143 1819 audit
1164 1795 1244 1819 rem
1265 1795 1423 1819 omnem
1444 1795 1490 1820 ex
1511 1782 1674 1819 Timar-

278 1848 415 1887 chide:
448 1848 580 1901 sagum
601 1848 731 1886 sumit.
764 1848 938 1886 Lucebat
963 1849 1046 1900 jam
1071 1847 1172 1886 fere:
1205 1848 1378 1900 procedit
1410 1848 1451 1885 in
1479 1848 1671 1892 medium,

277 1915 373 1959 vini,
396 1914 534 1959 somni,
557 1914 675 1967 stupri
697 1914 846 1967 plenus.
870 1914 1078 1967 Excipitur
1097 1914 1145 1951 ab
1166 1914 1348 1951 omnibus
1375 1914 1559 1965 ejusmodi
1592 1913 1674 1951 cla-

278 1994 400 2025 more,
432 1989 476 2018 ut
495 1981 528 2017 ei
549 1979 799 2032 Lampsaceni
831 1980 995 2033 periculi
1014 1980 1226 2019 similitudo
1246 1980 1450 2017 versaretur
1470 1989 1556 2017 ante
1577 1992 1673 2018 ocu-

276 2047 349 2085 los.
381 2047 473 2084 Hoc
494 2047 610 2084 etiam
632 2048 753 2098 majus
784 2046 860 2084 hoc
881 2046 1094 2090 videbatur,
1128 2046 1233 2098 quod
1253 2047 1294 2083 in
1314 2046 1404 2083 odio
1425 2046 1539 2084 fimili
1562 2046 1669 2084 mul-

277 2113 403 2150 titudo
423 2111 633 2149 hominum
652 2111 733 2149 haec
754 2121 832 2150 erat
853 2113 1035 2150 maxima.
1069 2114 1178 2149 Tum
1199 2112 1304 2149 istius
1326 2114 1406 2150 acta
1421 2125 1669 2149 commemo-

277 2179 428 2216 rabatur
446 2194 454 2215 :
487 2187 573 2215 tum
596 2177 779 2229 flagitiosa
799 2178 864 2215 illa
882 2178 1083 2215 convivia:
1111 2186 1196 2215 tum
1217 2177 1505 2230 appellabantur
1522 2191 1541 2214 a
1562 2177 1668 2214 mul-

276 2245 441 2282 titudine
472 2244 649 2281 mulieres
681 2243 941 2281 nominatim:
974 2252 1060 2281 tum
1082 2244 1320 2295 quaerebatur
1346 2257 1393 2281 ex
1423 2243 1504 2295 ipso
1525 2243 1666 2294 palam,

275 2321 333 2349 tot
364 2312 442 2350 dies
473 2312 692 2356 continuos,
726 2325 794 2364 per
813 2325 910 2363 quos
932 2325 1132 2364 nunquam
1162 2311 1260 2349 visus
1292 2311 1393 2354 esset,
1431 2311 1496 2347 ubi
1523 2308 1666 2353 fuiffet,

251 2378 370 2430 ·quid
390 2377 546 2430 egiffet?
579 2388 663 2416 tum
695 2378 901 2431 imperator
921 2378 966 2416 ab
995 2378 1065 2416 isto
1095 2378 1315 2430 praepofitus
1337 2376 1564 2413 Cleomenes
1597 2374 1666 2412 fla-

274 2443 492 2495 gitabatur:
525 2456 650 2494 neque
670 2444 883 2495 quidquam
916 2445 1072 2496 propius
1092 2443 1143 2480 est
1163 2442 1323 2486 factum,
1356 2455 1471 2492 quam
1495 2450 1536 2477 ut
1568 2440 1668 2478 illud

275 2509 455 2546 Uticense
485 2508 709 2560 exemplum
731 2509 776 2546 de
797 2509 968 2548 Adriano
1000 2507 1262 2547 transferretur
1284 2506 1492 2558 Syracusas,
1526 2515 1566 2544 ut
1587 2507 1663 2543 duo
