2201 2792
632 216 982 256 ACTIONIS
1024 217 1079 256 11.
1149 217 1361 259 LIBER
1402 222 1434 261 Ι.
1668 229 1743 282 189

329 317 454 372 potest
485 314 562 354 hoc
592 313 680 354 loco
701 315 793 361 dici,
824 316 950 354 multa
978 316 1051 355 effe
1076 317 1119 355 in
1149 318 1360 370 provinciis
1390 321 1500 360 aliter
1530 323 1742 367 edicenda:

331 399 410 423 non
441 383 487 421 de
515 382 787 421 haereditatum
820 384 981 435 quidem
1007 383 1312 436 poffeffionibus‚
1344 401 1423 426 non
1456 389 1504 427 de
1534 392 1746 434 mulierum

329 450 634 489 haereditatibus.
681 450 790 489 Nam
811 459 977 502 utroque
1003 464 1141 502 genere
1170 453 1285 491 video
1315 468 1394 493 non
1424 457 1544 494 modo
1573 469 1744 507 caeteros,

328 515 392 554 sed
426 516 593 569 teipsum
620 515 787 554 totidem
820 516 947 554 verbis
979 517 1148 562 edixisse,
1186 528 1284 571 quot
1318 521 1442 559 verbis
1469 523 1571 561 edici
1606 525 1746 565 Romae

328 581 437 621 solet.
471 583 570 634 Qae
591 583 730 621 Romae
751 596 891 636 magna
910 596 1005 622 cum
1024 583 1199 630 infamia,
1221 586 1345 638 pretio
1365 597 1536 641 acceptO,
1559 590 1745 639 edixeras,

326 661 370 687 ea
388 648 464 687 sola
483 658 535 694 te,
553 662 601 687 ne
621 648 738 701 gratis
758 649 800 687 in
822 650 1020 703 provincia
1039 650 1142 689 male
1160 651 1324 699 audires,
1346 667 1393 692 ex
1413 654 1540 694 edicto
1560 657 1746 697 Siciliensi

328 714 512 753 sustuliffe
529 714 656 754 video.

382 781 452 826 Et,
474 795 568 820 cum
589 781 762 820 edietum
783 789 912 820 totum
933 795 1069 822 eorum
1090 783 1290 830 arbitratu,
1315 786 1505 838 quamdiu
1524 787 1603 826 fuit
1623 789 1746 844 defig-

327 856 455 893 natus,
477 856 745 900 componeret,
775 848 845 901 qui
865 848 912 887 ab
933 849 1004 887 isto
1029 850 1094 903 jus
1115 850 1163 889 ad
1190 851 1402 891 utilitatem
1423 853 1530 893 suam
1551 856 1748 895 nundina-

328 923 459 953 rentur
475 932 487 960 ς
519 923 607 953 tum
628 927 717 953 vero
747 915 790 952 in
809 915 1036 968 magistratu
1067 925 1200 956 contra
1219 918 1319 956 illud
1337 919 1511 958 edietum
1537 921 1650 959 suum
1670 923 1748 961 fine

327 979 406 1018 ulla
427 980 612 1032 religione
632 981 875 1020 decernebat.
922 983 1059 1035 Itaque
1079 984 1128 1022 L.
1152 984 1241 1022 Piso
1260 986 1407 1025 multos
1429 987 1582 1026 codices
1602 989 1746 1042 imple-

287 1100 291 1103 *
328 1047 386 1085 vit
405 1060 536 1085 earum
557 1060 701 1092 rerum,
723 1048 764 1085 in
785 1048 928 1100 quibus
950 1048 1003 1086 ita
1022 1050 1244 1096 interceffit,
1277 1053 1382 1104 quod
1401 1053 1469 1092 iste
1487 1054 1610 1100 aliter,
1625 1062 1748 1109 ‘atque

329 1122 374 1151 ut
393 1113 576 1158 edixerat,
608 1113 842 1152 decreviffet.
876 1114 996 1165 Qod
1016 1129 1082 1154 vos
1104 1116 1247 1155 oblitos
1270 1117 1341 1156 effe
1361 1133 1441 1158 non
1461 1120 1639 1167 arbitror,
1661 1136 1748 1174 quae

327 1178 557 1223 multitudo,
589 1179 658 1230 qui
689 1179 784 1216 ordo
817 1179 864 1216 ad
899 1180 1048 1219 Pisonis
1083 1182 1217 1222 sellam
1252 1184 1322 1223 isto
1343 1187 1509 1225 Praetore
1539 1187 1672 1227 solitus
1703 1189 1749 1228 fit

327 1246 532 1285 convenire
551 1259 559 1283 :
584 1257 702 1297 quem
718 1245 786 1283 iste
806 1244 999 1299 collegam
1020 1247 1089 1285 nifi
1105 1247 1308 1295 habuiffet,
1327 1252 1521 1304 lapidibus
1542 1265 1748 1308 coopertus

329 1311 419 1351 effet
438 1312 479 1351 in
499 1311 599 1351 foro.
632 1311 706 1350 Sed
726 1325 771 1350 eo
791 1311 952 1352 leviores
973 1313 1081 1353 istius
1104 1315 1254 1368 injuriae
1274 1317 1517 1365 videbantur,
1546 1321 1652 1373 quod
1671 1332 1750 1361 erat

329 1379 371 1417 in
391 1379 570 1432 aequitate
589 1378 874 1432 prudentiaque
893 1379 1043 1419 Pisonis
1074 1382 1356 1434 paratiffimum
1381 1384 1609 1438 perfugium
1624 1405 1637 1432 3
1670 1402 1751 1442 quo

328 1444 407 1484 fine
426 1445 570 1491 labore,
593 1445 670 1483 fine
690 1445 878 1492 molestia,
910 1447 989 1498 fine
1008 1447 1196 1501 impensa,
1230 1449 1346 1488 etiarn
1382 1451 1461 1490 fine
1490 1461 1653 1506 patrono
1671 1453 1747 1493 ho-

327 1511 454 1550 mines
476 1520 689 1550 uterentur.

382 1578 507 1624 Nam,
529 1579 671 1631 quaeso,
703 1579 825 1617 redite
851 1580 892 1618 in
916 1582 1162 1628 memoriam,
1184 1583 1358 1634 Judices,
1391 1598 1476 1638 quae
1497 1585 1621 1625 libido
1641 1587 1748 1626 istius

327 1643 369 1682 in
383 1645 472 1696 jure
492 1644 658 1683 dicendo
678 1644 810 1691 fuerit,
828 1660 914 1699 quae
933 1648 1091 1686 varietas
1113 1649 1373 1695 decretorum,
1396 1665 1481 1703 quae
1500 1654 1746 1699 nundinatio,

328 1723 450 1763 quam
470 1710 600 1749 inanes
622 1710 762 1749 domus
789 1724 926 1751 eorum
946 1713 1143 1759 omnium,
1176 1716 1245 1766 qui
1266 1715 1313 1753 de
1341 1717 1431 1768 jure
1460 1717 1567 1755 civili
1597 1719 1748 1758 consuli

329 1776 475 1822 solent,
509 1790 628 1829 quam
659 1777 787 1830 plena,
818 1786 933 1831 atque
967 1778 1105 1818 referta
1136 1779 1394 1820 Chelidonis:
1427 1796 1447 1820 a
1478 1797 1555 1835 qua
1586 1785 1749 1823 muliere

328 1855 422 1881 cum
442 1852 521 1880 erat
549 1843 596 1881 ad
627 1856 719 1882 eum
740 1852 917 1890 ventum,
947 1854 986 1884 et
1005 1846 1046 1884 in
1065 1860 1197 1885 aurem
1228 1848 1310 1900 ejus
1331 1848 1623 1896 insusurratum,
1654 1850 1746 1889 alias

328 1909 530 1949 revocabat
550 1923 628 1956 eos,
659 1911 760 1949 inter
781 1926 878 1964 quos
892 1913 977 1964 jam
997 1913 1227 1959 decreverat,
1250 1914 1529 1969 decretumque
1549 1919 1726 1956 mutabat
1732 1937 1745 1964 3

329 1976 421 2017 alias
455 1978 556 2017 inter
589 1977 684 2016 alios
719 1979 959 2018 contrarium
992 1979 1070 2019 fine
1101 1981 1182 2020 ulla
1212 1981 1400 2035 religione
1431 1983 1672 2031 decernebat,
1704 1999 1747 2023 ac

330 2043 520 2096 proximis
545 2044 660 2096 paulo
680 2053 769 2082 ante
787 2044 1018 2085 decreverat.

386 2109 497 2147 Hinc
518 2109 578 2147 illi
599 2108 778 2148 homines
798 2120 919 2156 erant,
950 2113 1020 2164 qui
1052 2112 1170 2151 etiam
1195 2113 1352 2152 ridiculi
1382 2115 1681 2156 inveniebantur
1700 2130 1747 2155 ex

330 2174 489 2214 dolore:
522 2189 692 2228 quorum
718 2176 799 2221 alii,
835 2186 879 2215 ut
899 2177 1069 2223 audistis,
1101 2180 1292 2232 negabant
1312 2181 1535 2222 mirandum
1570 2183 1655 2229 effe,
1680 2185 1746 2235 jus

330 2248 413 2281 tam
446 2256 615 2294 nequam
645 2241 716 2280 effe
736 2243 962 2282 Verrinum.
1009 2245 1091 2284 Alii
1111 2247 1229 2285 etiam
1248 2246 1467 2301 frigidiores
1503 2260 1633 2294 erant,
1667 2249 1742 2293 sed,

298 2319 306 2326 ⁴
330 2309 422 2361 quia
451 2308 802 2356 stomachabantur,
834 2311 990 2350 ridiculi
1011 2313 1240 2353 videbantur
1259 2315 1345 2361 effe,
1377 2330 1470 2354 cum
1504 2315 1745 2352 Sacerdotem

331 2376 618 2423 execrabantur,
640 2379 710 2431 qui
730 2373 895 2417 Verrem
916 2389 996 2418 tam
1017 2394 1186 2433 nequam
1208 2381 1434 2434 reliquisset.
1457 2382 1555 2431 Qae
1574 2394 1645 2432 ego
1665 2394 1745 2420 non

332 2453 696 2491 commemorarem,
736 2446 881 2500 (neque
911 2447 1016 2486 enirn
1037 2447 1228 2500 perfacete
1247 2447 1360 2491 dieta,
1392 2459 1517 2498 neque
1537 2459 1652 2498 porro
1671 2445 1744 2485 hac

332 2505 527 2549 severitate
561 2510 678 2564 digna
715 2511 821 2566 sunt)
867 2513 938 2553 nifi
976 2527 1043 2554 vos
1082 2513 1183 2552 illud
1221 2511 1363 2552 vellem
1401 2511 1605 2560 recordari,
1636 2512 1742 2552 istius
