2201 2792
559 126 1095 166 ARGUMENTA
1162 122 1698 167 ORATIONUM.
1848 131 1872 169 8

376 208 606 249 Trevirorum
635 213 737 247 duce.
782 210 975 247 Accusator
1001 210 1069 247 fuit
1096 211 1151 246 M.
1183 211 1376 253 Plaetorius,
1404 211 1611 257 subscriptor
1640 213 1696 247 M.
1727 212 1868 250 Fabius.

376 261 540 297 Maxima
564 273 642 308 pars
668 261 844 302 orationis,
879 271 985 308 atque
1012 261 1177 308 pleraque
1204 262 1289 296 adeo
1317 261 1461 296 Fonteio
1487 260 1623 308 objecta
1648 262 1793 296 crimina
1818 263 1868 298 in-

375 311 509 347 teriere.
548 311 692 346 Restant
710 311 783 346 tria.
824 311 998 352 Primum,
1018 311 1061 345 de
1080 310 1194 345 Gallia
1212 322 1280 345 aere
1298 310 1423 351 alieno,
1444 311 1546 358 ipsius
1561 312 1675 358 culpa,
1692 312 1864 358 oppreffa:

375 361 538 401 alterum,
564 361 609 395 de
627 360 760 406 quaestu
779 372 798 394 e
816 359 951 394 viarum
972 360 1163 394 munitione
1184 360 1351 406 imperata
1369 359 1473 402 faiflo,
1502 372 1628 406 nempe
1647 362 1743 407 quod
1761 373 1866 407 pecu-

377 409 444 445 niae
460 410 586 444 dandae
604 409 754 452 fuissent,
781 419 819 444 ut
838 418 898 443 aut
915 421 958 443 ne
981 421 1142 455 cogerere
1161 409 1205 443 ad
1224 409 1468 452 muniendum,
1496 420 1556 445 aut
1573 412 1668 456 quod
1690 412 1864 444 munitum

375 468 461 500 erat,
488 458 522 493 id
543 470 584 493 ne
603 459 879 506 improbaretur:
911 458 1054 492 tertium
1073 458 1117 493 de
1134 458 1288 505 portorio
1306 458 1377 493 vini
1397 459 1563 493 instituto.
1603 459 1727 493 Cicero
1747 460 1779 493 in
1801 459 1865 500 his,

375 519 458 555 quae
476 508 613 549 restant,
633 509 665 542 id
686 507 856 556 imprimis
874 507 959 554 agit,
976 517 1016 541 ut
1029 507 1138 543 Gallis
1157 508 1260 542 fidem
1281 519 1348 542 non
1365 507 1561 543 habendam
1579 508 1713 551 doceat,
1734 510 1865 556 quippe

377 556 579 594 hominibus
597 558 746 600 levibus,
773 557 924 605 perfidis,
951 565 986 591 et
1005 557 1038 591 in
1058 556 1146 604 ipsos
1163 558 1258 592 Deos
1280 557 1492 592 immortales
1512 557 1638 605 impiis.

513 676 673 728 Argum.
979 673 1059 714 Pro
1087 677 1142 715 A.
1177 675 1334 715 Caecina.
1713 690 1751 730 p.
1769 689 1863 730 493.

427 762 483 798 M.
503 761 720 796 Futcmxus
745 760 1007 809 Tarquiniensis
1027 760 1206 798 Cesenniae
1231 762 1330 797 uxori
1356 762 1505 799 moriens
1528 761 1784 799 usumfruetum
1804 763 1867 798 bo-

378 823 504 847 norum
533 811 672 846 suorum
702 811 844 856 legavit,
871 821 911 846 ut
932 810 1106 846 frueretur
1130 823 1199 846 una
1220 824 1302 847 cum
1321 812 1391 847 filio
1410 812 1536 848 herede
1556 813 1721 848 instituto.
1776 812 1867 848 Filio

378 870 520 896 mortuo
544 869 578 894 et
600 859 759 895 aufflone
783 861 954 895 bonorum
980 861 1147 902 instituta,
1172 860 1323 896 fundum
1347 873 1463 898 emere
1481 874 1523 897 ex
1543 863 1581 897 iis
1603 863 1701 897 bonis
1719 863 1761 898 de
1780 862 1867 898 ami·

376 921 500 945 corum
527 909 693 945 sententia
715 909 915 945 constituit:
945 910 1051 957 idque
1075 911 1258 957 negotium
1282 912 1340 946 dat
1365 912 1443 946 Sex.
1467 913 1628 952 AEburio,
1655 912 1710 946 cui
1733 911 1866 946 fundus

378 958 558 996 Cesenniae
586 958 733 1005 pecunia
755 970 896 1006 emptus
915 958 984 994 fuit
1005 960 1173 995 addietus.
1212 959 1380 995 Cesennia
1404 961 1479 1008 post
1502 962 1550 996 A,
1569 961 1720 996 Caecinae
1739 961 1864 1008 nupsit.

377 1018 415 1044 et
442 1008 591 1043 moriens
617 1019 697 1042 eum
725 1006 891 1043 heredem
916 1007 1010 1044 fecit.
1062 1010 1150 1055 Qo
1176 1009 1269 1044 fafto
1285 1010 1452 1044 AEbutius
1475 1011 1567 1045 hunc
1588 1010 1740 1045 fundum
1767 1011 1866 1045 suum

378 1058 445 1093 effe
471 1057 582 1097 dixit·,
620 1055 676 1091 sua
698 1057 728 1091 se
753 1057 814 1092 fibi
837 1058 984 1103 pecunia
1008 1069 1090 1092 eum
1117 1058 1245 1100 emiffe,
1271 1059 1367 1105 quod
1393 1071 1434 1093 ex
1459 1061 1641 1105 argentarii
1661 1060 1787 1094 tabulis
1805 1061 1865 1095 de-

377 1106 600 1146 monstrabat,
628 1106 688 1152 qui
708 1106 857 1140 auftioni
876 1106 1086 1142 interfuerat.
1138 1106 1337 1154 Adjiciebat
1355 1120 1534 1154 praeterea‚
1558 1109 1749 1151 Caecinam,
1769 1109 1866 1156 quod

376 1156 609 1190 Volaterranis
628 1155 709 1189 effer
727 1166 745 1188 a
763 1156 854 1201 Sylla
870 1155 989 1190 civitas
1009 1156 1185 1202 adempta,
1203 1169 1271 1191 non
1290 1158 1385 1204 poffe
1405 1157 1568 1192 heredem
1588 1158 1768 1193 Cesenniae
1787 1159 1865 1194 effe.

375 1204 444 1240 Sed
463 1215 544 1238 cum
564 1204 644 1238 esset
662 1204 903 1246 constitutum,
930 1216 998 1251 qua
1017 1206 1072 1240 die
1092 1206 1124 1239 in
1148 1217 1221 1240 rem
1240 1206 1444 1252 praesentem
1469 1208 1641 1249 venirent,
1668 1217 1706 1242 ut
1726 1208 1867 1243 Caecina

375 1253 523 1294 moribus,
543 1255 592 1296 vi,
620 1252 674 1287 sed
692 1253 793 1295 civili,
820 1253 1014 1300 quotidiana,
1042 1255 1084 1289 de
1105 1253 1218 1289 fundo
1236 1256 1406 1290 deduetus
1430 1256 1651 1291 interdietum
1672 1268 1690 1290 a
1715 1257 1867 1292 Praetore

375 1302 588 1350 postularet;
614 1302 783 1337 AEbutius
803 1303 980 1338 Caecinam
997 1303 1150 1339 fundum
1170 1304 1305 1351 ingredi
1324 1315 1521 1348 conantem,
1549 1317 1630 1340 vera
1648 1307 1685 1339 vi
1702 1313 1733 1340 et
1747 1305 1866 1350 solida,

375 1363 504 1398 nempe
523 1353 660 1387 armatis
681 1351 881 1386 hominibus
899 1364 960 1399 per
978 1353 1052 1388 vim
1071 1352 1166 1388 aditu
1190 1353 1379 1400 prohibuit.
1433 1355 1571 1390 Caecina
1599 1354 1821 1390 interdierum
1847 1368 1867 1391 a

373 1401 530 1437 Praetore
557 1400 741 1435 Dolabella
767 1401 967 1448 impetravit
991 1402 1028 1437 de
1052 1405 1101 1445 vi,
1133 1406 1269 1438 armatis
1295 1403 1479 1446 hominibus,
1509 1415 1561 1446 ut,
1589 1405 1681 1438 unde
1711 1403 1866 1450 dejectus

374 1450 469 1493 esset,
495 1461 536 1485 eo
562 1449 809 1485 restitueretur.
861 1451 1029 1486 AEbutius
1055 1451 1215 1499 restitug'ffe
1231 1453 1267 1499 se
1293 1455 1379 1496 (vim
1397 1453 1524 1498 faHam
1555 1452 1731 1499 rssituiffi)
1762 1454 1864 1496 dixit,

374 1498 410 1535 h.
430 1511 460 1534 e.
479 1510 548 1534 non
568 1499 600 1533 vi
620 1498 786 1545 dejecisse,
806 1512 919 1546 neque
938 1501 1025 1536 adeo
1043 1502 1256 1537 restitutione
1273 1513 1363 1548 opus
1381 1503 1456 1538 effe.
1508 1504 1546 1538 In
1566 1515 1608 1538 eo
1627 1503 1759 1549 sponsio
1776 1502 1866 1539 faeta

373 1548 435 1591 est,
463 1557 566 1596 atque
583 1549 626 1584 de
643 1560 683 1583 ea
700 1558 739 1583 ut
757 1549 1016 1596 cognoscerent,
1043 1551 1292 1597 Recuperatores
1311 1564 1329 1586 a
1348 1552 1501 1587 Praetore
1518 1552 1600 1587 dati.
1645 1554 1739 1587 Tota
1758 1552 1867 1598 igitur

374 1597 554 1633 Ciceronis
571 1598 682 1632 oratio
700 1597 734 1632 in
759 1610 800 1632 eo
822 1598 986 1640 versatur,
1013 1609 1051 1634 ut
1076 1602 1190 1647 primo
1209 1613 1286 1636 vere
1304 1599 1478 1647 dejthum
1499 1603 1676 1636 Caecinam
1697 1602 1865 1644 ostendat,

374 1647 507 1683 etiamfi
524 1647 619 1681 aditu
638 1647 709 1693 ipso
727 1647 922 1694 prohibitus
940 1649 1032 1690 esset,
1060 1661 1171 1696 neque
1195 1650 1303 1697 ipsum
1324 1649 1475 1685 fundum
1495 1652 1673 1697 ingreffuS,
1701 1663 1730 1685 e.
1750 1662 1795 1696 9-
1809 1662 1864 1695 14.

375 1695 474 1743 quod
492 1696 642 1742 negabat
659 1697 827 1732 AEbutius
847 1697 911 1731 effe
930 1696 1098 1743 dejicere,
1126 1699 1252 1734 deinde
1271 1699 1343 1733 vim
1359 1699 1513 1734 Caecinae
1533 1701 1657 1734 faftam
1675 1700 1752 1740 effe,
1772 1711 1798 1733 c.
1811 1712 1865 1743 14.

376 1746 451 1792 sqq.
476 1756 548 1791 quo
572 1745 650 1780 loco
673 1745 876 1792 degreditur
899 1746 941 1781 ad
965 1748 1162 1793 elegantem
1189 1748 1457 1795 disputationem
1476 1750 1519 1783 de
1537 1749 1673 1796 legibus
1692 1759 1727 1783 et
1744 1749 1866 1784 edictis

376 1805 398 1828 e
416 1794 555 1829 consilio
572 1804 607 1829 et
626 1793 792 1829 sententia
818 1795 936 1842 potius
953 1808 1058 1843 quam
1075 1798 1183 1832 verbo
1201 1798 1477 1844 interpretandis.
1532 1799 1591 1833 Ad
1610 1798 1702 1832 illam
1724 1810 1805 1832 vero
1822 1798 1866 1833 de

377 1843 519 1889 Syllana
543 1843 623 1890 lege
645 1842 878 1890 objectionem
905 1856 935 1879 c,
954 1857 1010 1892 33.
1038 1845 1111 1893 sqq.
1138 1846 1332 1893 respondet,
1358 1858 1377 1882 e
1400 1847 1548 1883 clausula
1571 1859 1652 1882 cum
1679 1847 1768 1882 illius
1788 1857 1864 1883 tum

376 1893 538 1927 omnium
565 1893 710 1940 legum:
744 1894 777 1928 Si
801 1892 879 1941 quid
889 1894 950 1940 jus
975 1906 1034 1929 non
1061 1894 1129 1941 effe!
1157 1898 1280 1942 rogari,
1307 1896 1373 1943 ejus
1401 1907 1437 1930 ea
1468 1897 1531 1943 lege
1555 1896 1683 1932 nihilum
1708 1904 1864 1943 rogatum.

377 1941 498 1977 Multa
515 1941 580 1977 effe
599 1953 681 1989 quae
691 1940 749 1988 jus
767 1954 836 1976 non
857 1943 896 1977 sit
912 1944 1024 1990 rogari
1041 1956 1049 1979 ι
1078 1944 1273 1989 hujusmodi
1291 1946 1397 1980 etiam
1416 1945 1512 1981 fuiffe
1534 1947 1577 1981 de
1601 1945 1742 1981 civitate
1761 1947 1865 1981 Vola·

376 1992 521 2025 terranis
545 1991 749 2026 adimenda:
778 1992 904 2026 deinde
929 1993 974 2028 ita
992 1993 1035 2028 de
1054 1994 1193 2030 civitate
1212 1994 1320 2029 tuliffe
1341 1995 1484 2040 Syllam,
1510 2006 1548 2032 ut
1562 2007 1641 2030 nexa
1664 1995 1696 2030 h.
1709 2007 1741 2030 e.
1764 2007 1865 2044 emp-

378 2039 490 2075 tiones
506 2051 569 2086 per
586 2051 632 2075 aes
652 2050 687 2075 et
704 2040 842 2083 libram,
869 2051 904 2076 et
923 2041 1127 2078 hereditates
1147 2056 1215 2079 non
1234 2044 1413 2080 sustulerit.

488 2157 648 2209 Argum·
926 2161 1006 2200 Pro
1035 2163 1137 2214 Lege
1164 2161 1342 2201 Manilia.
1531 2162 1598 2201 To
1611 2175 1660 2202 M.
1678 2162 1727 2200 V.
1768 2176 1804 2215 p.
1830 2174 1865 2201 1.

423 2239 480 2274 Μ.
495 2240 674 2281 AEMiLiO,
704 2239 748 2275 L.
769 2240 929 2277 Volcatio
947 2244 1074 2279 COSS.
1095 2257 1175 2280 cum
1190 2246 1235 2281 L.
1249 2245 1433 2287 Lucullus,
1459 2246 1520 2293 qui
1542 2244 1773 2293 proconsulari
1801 2244 1866 2281 im-

378 2289 478 2335 perio
509 2288 757 2324 administrarat
786 2302 895 2337 prope
926 2292 1057 2339 septem
1086 2305 1192 2329 annos
1218 2295 1501 2330 Mithridaticum
1531 2296 1677 2336 bellum,
1705 2306 1724 2328 a
1749 2294 1867 2329 senatu

379 2347 562 2372 revocatus
585 2338 736 2373 Romam
762 2340 909 2382 redisset,
938 2342 1018 2377 tulit
1042 2344 1083 2378 ad
1111 2344 1281 2391 populum
1302 2345 1341 2379 C.
1364 2345 1532 2379 Manilius
1558 2344 1719 2379 tribunus
1739 2343 1866 2390 plebis,

378 2396 422 2420 ut
438 2385 511 2433 ejus
530 2387 612 2422 belli
630 2388 875 2424 administratio
892 2390 1062 2438 Pompeio
1081 2393 1373 2436 committeretur,
1399 2395 1459 2440 qui
1484 2403 1560 2428 tum
1586 2394 1719 2429 bellurn
1739 2392 1869 2427 mariti·

376 2440 481 2471 mum
498 2436 655 2484 gerebat.
705 2437 795 2473 Earn
823 2440 1038 2486 rogationem
1061 2442 1185 2478 Cicero
1207 2453 1336 2488 praetor
1354 2453 1491 2478 creatus
1513 2441 1786 2490 persuadendam
1803 2452 1867 2490 po-

1165 2492 1202 2527 A
1232 2502 1256 2526 α,
