2201 2792
544 148 621 199 316
972 148 1063 187 IN
1133 147 1516 188 VERREM

541 246 646 284 enim
668 247 871 286 decumani
892 248 1033 300 palam,
1055 258 1092 286 et
1111 258 1246 302 praeter
1265 258 1418 287 caeteros
1439 249 1486 293 is,
1508 249 1576 301 qui
1596 247 1698 302 apud
1714 247 1830 286 istum
1851 247 1941 301 plu-

541 313 687 351 rimum
709 323 869 366 poterat,
900 315 1165 366 maximosque
1185 328 1292 367 agros
1313 314 1583 367 populabatur,
1605 315 1825 368 Apronius3
1854 327 1943 367 per-

541 392 701 430 parvum
723 394 771 418 ex
800 380 877 418 illis
896 381 1046 432 magnis
1065 380 1181 418 lucris
1210 381 1255 418 ad
1287 381 1358 418 sese
1383 382 1602 433 pervenire,
1635 382 1841 420 Praetorem
1873 379 1944 418 effe

541 444 703 484 socium.
735 447 826 484 Hoc
858 460 949 484 cum
969 446 1096 499 palam
1128 446 1331 484 decumani
1357 455 1436 485 tota
1466 447 1660 500 provincia
1679 447 1942 499 loquerentur,

540 520 733 563 tuumque
754 525 896 549 nomen
916 512 957 549 in
977 525 1015 550 re
1042 522 1122 550 tam
1144 512 1260 564 turpi,
1289 511 1506 565 nefariaque
1535 513 1819 564 interponerent
1831 531 1843 557 ς,
1880 512 1943 549 ni-

539 574 646 614 hilne
668 578 739 615 tibi
760 577 865 615 venit
894 577 935 615 in
966 587 1140 616 mentem
1170 578 1445 616 existimationi
1476 587 1549 616 tuae
1579 577 1802 616 consulere?
1843 575 1944 615 nihil

540 642 705 696 denique
724 644 856 696 capiti,
878 657 920 682 ac
936 643 1102 683 fortunis
1123 645 1198 682 tuis
1219 645 1443 698 providere?
1475 657 1567 683 cum
1596 645 1653 683 tui
1673 644 1844 683 nominis
1864 652 1943 681 ter-

540 723 603 748 ror
621 711 662 749 in
683 711 852 755 auribus,
885 711 1100 763 animisque
1133 721 1325 750 aratorum
1360 710 1593 757 versaretur;
1625 725 1717 749 cum
1739 710 1943 749 decumani

539 778 748 815 aratoribus
768 777 813 815 ad
834 779 1026 830 pactiones
1045 777 1250 823 faciendas,
1282 792 1360 816 non
1381 778 1487 816 suam
1518 779 1613 823 vim,
1645 778 1707 816 sed
1728 787 1841 816 tuum
1862 777 1943 815 sce-

539 843 612 889 lus,
634 858 677 883 ac
697 858 841 882 nomen
875 854 1140 897 opponerent3
1173 845 1323 898 ecquod
1352 845 1548 898 judicium
1582 846 1721 883 Romae
1755 854 1834 882 tam
1864 844 1942 882 dis-

538 910 723 955 solutum,
755 919 833 947 tam
854 911 1065 962 perditum,
1097 920 1176 949 tam
1207 912 1472 949 nummarium
1493 910 1573 949 fore
1603 910 1757 963 putasti,
1788 924 1868 962 quo
1896 923 1944 948 ex

532 977 683 1028 judicio
701 986 738 1014 te
758 976 836 1014 ulla
857 977 962 1015 Salus
984 977 1124 1015 servare
1144 977 1262 1030 poffet
1281 978 1293 1014 ?
1325 990 1417 1015 cum
1439 977 1600 1030 planum
1620 976 1740 1021 fieret,
1768 975 1942 1014 decumis

538 1052 671 1080 contra
689 1043 874 1087 instituta,
908 1043 1023 1095 leges,
1057 1042 1455 1095 consuetudinemque
1485 1044 1666 1081 omnium
1697 1042 1875 1087 venditis,
1902 1042 1943 1079 in

538 1118 729 1147 aratorum
751 1110 876 1153 bonis,
898 1108 1141 1162 fortunisque
1158 1110 1382 1163 diripiendis
1403 1110 1637 1147 decumanos
1658 1109 1838 1147 dic‘titaffe
1860 1118 1943 1146 tuas

537 1175 609 1213 effe
642 1185 777 1228 partes,
809 1185 915 1213 tuam
950 1190 1045 1220 rem,
1077 1186 1185 1214 tuam
1215 1176 1409 1229 praedam5
1455 1176 1572 1228 idque
1607 1185 1644 1213 te
1679 1175 1844 1219 tacuisse,
1889 1184 1939 1219 et,

539 1255 629 1279 cum
651 1242 883 1279 diffimulare
904 1255 980 1279 non
1002 1241 1135 1294 posses,
1166 1242 1327 1294 potuifl'e
1356 1251 1484 1279 tamen
1505 1241 1667 1294 perpeti,
1694 1250 1732 1279 et
1760 1239 1941 1293 perferre,

538 1308 644 1359 quod
664 1307 892 1360 magnitudo
923 1307 1021 1346 lucri
1053 1307 1266 1346 obscuraret
1288 1308 1450 1360 periculi
1479 1308 1802 1359 magnitudinem,
1834 1307 1942 1360 plus-

538 1387 613 1426 que
633 1374 831 1426 aliquanto
862 1375 962 1427 apud
998 1384 1034 1412 te
1054 1375 1226 1427 pecuniae
1259 1375 1465 1427 cupiditas,
1496 1388 1614 1426 quam
1635 1374 1776 1426 judicii
1798 1383 1941 1419 metus,

537 1440 655 1493 posset
673 1441 685 1477 ?

592 1507 710 1545 Esto:
742 1516 873 1545 caetera
904 1520 1039 1559 negare
1071 1521 1147 1545 non
1183 1515 1305 1560 potes.
1348 1507 1413 1545 Ne
1443 1507 1541 1545 illud
1574 1506 1733 1558 quidem
1756 1507 1828 1545 tibi
1849 1507 1963 1545 reli-⁷

537 1588 661 1627 quum
682 1573 818 1618 fecisti,
842 1583 884 1612 ut
903 1573 979 1611 hoc
1000 1574 1119 1626 poffes
1150 1575 1288 1618 dicere,
1325 1573 1423 1612 nihil
1444 1588 1579 1612 eorum
1601 1583 1637 1611 te
1657 1573 1809 1619 audisse,
1841 1573 1942 1612 nihil

537 1641 583 1678 ad
604 1650 686 1678 tuas
707 1653 813 1677 aures
835 1640 880 1677 de
901 1639 1062 1677 infamia
1082 1650 1146 1678 tua
1165 1640 1385 1693 pervenisse.
1419 1640 1689 1691 Qerebantur
1708 1653 1801 1677 cum
1818 1639 1940 1684 luctu,

537 1716 575 1743 et
595 1706 744 1758 gemitu
766 1715 940 1744 aratores.
972 1707 1039 1744 Tu
1070 1707 1109 1744 id
1141 1706 1361 1744 nesciebas?
1394 1706 1600 1744 Fremebat
1631 1715 1711 1743 tota
1729 1705 1940 1758 provincia.

537 1773 670 1810 Nemo
690 1772 729 1810 id
750 1772 822 1809 tibi
854 1772 1096 1810 renuntiabat
1114 1773 1127 1809 ?
1160 1773 1297 1810 Romae
1328 1772 1580 1824 querimoniae
1602 1772 1647 1810 de
1668 1771 1743 1809 tuis
1774 1771 1940 1823 injuriis,

538 1828 825 1890 conuentusque
845 1838 1098 1877 habebantur.
1133 1839 1334 1891 Ignorabas
1367 1837 1477 1876 haec?
1507 1838 1707 1890 ignorabas
1738 1836 1820 1875 haec
1851 1850 1940 1875 orn-

540 1904 627 1941 nia?
659 1904 781 1956 quid?
804 1917 895 1941 cum
916 1904 1041 1955 palam
1064 1905 1264 1955 Syracusis,
1297 1914 1333 1942 te
1353 1904 1545 1948 audiente,
1577 1903 1749 1941 maximo
1770 1916 1941 1941 conven-

538 1980 582 2007 tu
614 1971 658 2007 P.
682 1970 853 2007 Rubrius
887 1970 1183 2021 QApronium
1215 1969 1409 2022 spontione
1442 1969 1636 2014 laceffivit,
1668 1969 1728 2007 Ni
1756 1970 1944 2021 Apronius

539 2036 737 2080 leitaret,
770 2045 805 2074 te
808 2036 886 2087 sibi
910 2037 946 2074 in
966 2036 1114 2075 decennis
1139 2037 1339 2091 ‹jffi’socium
1355 2054 1368 2076 .·
1395 2036 1476 2075 haec
1498 2046 1534 2075 te
1555 2051 1629 2075 vox
1650 2050 1726 2075 non
1748 2037 1941 2089 perculit?

535 2117 613 2141 non
634 2103 870 2155 perturbavit
890 2103 902 2139 ?
934 2117 1026 2148 non,
1049 2113 1090 2142 ut
1111 2105 1242 2157 capiti,
1264 2114 1301 2142 et
1321 2103 1488 2142 fortunis
1509 2105 1585 2142 tuis
1605 2103 1851 2157 prospiceres,
1871 2117 1941 2143 ex-

540 2169 673 2207 citavit
691 2168 704 2206 ?
736 2168 933 2214 Tacuisti,
966 2169 1094 2207 sedasti
1112 2171 1229 2209 etiam
1249 2171 1335 2209 lites
1357 2170 1514 2209 illorum
1531 2189 1542 2217 ς
1574 2180 1626 2215 et,
1645 2170 1791 2223 sponsio
1808 2170 1874 2207 illa
1894 2183 1941 2208 ne

540 2235 662 2279 fieret,
685 2235 869 2273 laborasti.

597 2302 746 2339 LVIII.
781 2302 854 2339 Pro
874 2301 943 2339 Dii
965 2301 1224 2340 immortales!
1257 2301 1332 2340 hoc
1352 2312 1417 2340 aut
1438 2303 1621 2340 innocens
1642 2300 1764 2340 homo
1794 2301 1940 2353 perpeti

541 2367 734 2420 potuisset,
764 2376 829 2406 aut
862 2368 1037 2420 quamvis
1072 2381 1227 2413 nocens,
1260 2368 1327 2420 qui
1362 2369 1480 2406 modo
1508 2368 1656 2420 judicia
1690 2369 1826 2406 Romae
1859 2366 1942 2405 fore

542 2444 706 2486 putaret,
738 2449 814 2473 non
845 2435 973 2486 aliqua
1003 2435 1242 2473 simulatione
1261 2435 1534 2473 existimationi
1555 2434 1590 2472 se
1616 2434 1824 2473 hominum
1846 2448 1939 2472 ven-

543 2499 716 2539 ditasset?
749 2501 857 2553 Qid
878 2501 929 2540 est
948 2500 1022 2540 hoc
1042 2502 1054 2539 ?
1078 2501 1223 2555 sponsio
1242 2501 1285 2540 fit
1301 2501 1348 2540 de
1368 2503 1504 2555 capite,
1526 2515 1568 2540 ac
1588 2500 1754 2541 fortunis
1777 2501 1877 2540 tuis:
1897 2510 1941 2539 tu
