2201 2792
511 180 587 232 436
941 179 1031 219 IN
1108 179 1489 219 VERREM

507 279 680 330 Judices,
699 279 766 332 qui
787 278 1056 333 archipiratam
1077 289 1235 333 captum
1253 279 1384 318 vidisse
1404 279 1439 318 se
1459 279 1621 324 diceret3
1644 291 1736 317 cum
1751 290 1900 324 omnes,

508 355 552 384 ut
574 359 658 384 mos
685 346 751 391 est,
774 355 817 384 ut
837 346 929 384 solet
948 340 1351 391 fierijconcurrerent,
1383 355 1607 398 quaererent,
1629 346 1758 384 videre
1779 358 1898 398 cupe-

506 421 604 450 rent.
652 412 759 464 Qid
791 411 945 456 accidit,
977 425 1046 449 cur
1076 419 1270 463 tantopere
1300 411 1368 449 iste
1402 410 1523 450 homo
1553 411 1826 456 occultaretur,
1857 418 1901 448 ut

498 491 597 517 reum
618 492 665 516 ne
683 478 768 516 casu
788 478 947 530 quidem
979 477 1183 530 quisquam
1204 477 1366 530 aspicere
1387 477 1533 530 poffet?
1565 478 1760 516 Homines
1781 477 1899 516 mari-

504 545 593 583 timi
614 544 818 596 Syracufis,
847 544 915 597 qui
935 544 1028 597 saepe
1048 544 1153 582 istius
1176 544 1284 582 ducis
1307 557 1449 582 nomen
1471 543 1670 589 anchisem,
1692 558 1784 582 cum
1805 557 1898 582 eum

505 610 599 662 saepe
619 609 845 654 timuiffent,
867 623 959 648 cum
981 610 1061 662 ejus
1083 610 1269 655 cruciatu,
1292 618 1406 662 atque
1426 609 1616 662 supplicio
1634 609 1784 662 pascere
1803 622 1899 647 ocu-

505 677 576 721 los,
610 677 863 729 animumque
883 676 1092 714 exsaturare
1126 676 1294 721 vellent3
1326 676 1486 729 potestas
1517 676 1724 729 aspiciendi
1750 674 1899 714 nemini

503 743 601 781 facta
621 743 686 781 est.

561 812 672 848 Unus
693 810 820 863 plures
843 810 1067 863 praedonum
1092 810 1207 848 duces
1235 811 1339 849 vivos
1360 811 1464 863 cepit
1484 812 1529 849 P.
1553 810 1747 855 Servilius,
1779 822 1898 861 quam

503 889 637 914 omnes
659 887 779 915 antea.
814 877 1026 928 Ecquando
1048 878 1166 929 igitur
1197 877 1267 914 isto
1301 876 1429 914 fructu
1451 876 1655 929 quisquam
1685 875 1820 919 caruit,
1854 883 1899 912 ut

502 943 629 981 videre
650 944 810 995 piratam
832 952 989 995 captum
1010 957 1088 980 non
1120 943 1250 981 liceret
1269 944 1281 980 ?
1315 945 1368 981 At
1388 953 1533 988 contra,
1566 954 1796 995 quacunque
1825 941 1898 978 iter

501 1008 609 1054 fecit,
631 1008 706 1047 hoc
722 1008 1046 1061 jucundissimum
1068 1009 1326 1061 spectaculum
1347 1010 1529 1047 omnibus
1549 1010 1784 1053 vinetorum,
1805 1020 1896 1060 cap-

499 1083 711 1126 torumque
731 1073 903 1111 hostium
935 1075 1142 1127 praebebat.
1177 1075 1308 1127 Itaque
1331 1075 1364 1112 ei
1385 1074 1592 1113 concursus
1621 1074 1794 1126 undique
1824 1072 1895 1110 fie-

500 1141 606 1185 bant,
629 1150 672 1178 ut
692 1154 770 1178 non
791 1140 910 1177 modo
940 1153 987 1178 ex
1018 1139 1079 1178 his
1107 1141 1273 1193 oppidis,
1311 1154 1386 1193 qua
1406 1141 1657 1186 ducebantur,
1689 1140 1751 1178 sed
1779 1139 1897 1178 etiam

498 1220 544 1245 ex
566 1207 759 1252 finitimis,
796 1206 940 1244 visendi
960 1206 1082 1252 causa,
1114 1209 1377 1245 convenirent.
1411 1207 1494 1260 Ipse
1523 1217 1652 1246 autem
1673 1204 1896 1258 triumphus

498 1273 752 1326 quamobrem
773 1273 955 1310 omnium
985 1272 1277 1326 triumphorum
1297 1273 1528 1326 gratiffimus
1548 1273 1695 1327 populo
1714 1273 1896 1310 Romano

497 1340 588 1385 fuit,
610 1350 724 1393 atque
738 1339 1038 1391 jucundiffimus
1059 1339 1072 1376 ?
1104 1340 1194 1392 quia
1213 1339 1314 1378 nihil
1335 1340 1387 1378 est
1405 1340 1562 1378 vicocoria
1581 1339 1747 1378 dulcius.
1784 1337 1892 1377 Nul-

496 1407 582 1444 lum
601 1406 653 1444 est
673 1415 802 1444 autem
824 1405 1090 1443 testimonium
1122 1406 1290 1444 victoriae
1324 1407 1478 1451 certius,
1514 1419 1647 1459 quam,
1682 1418 1778 1459 quos
1799 1404 1895 1457 saepe

495 1474 695 1519 metueris,
716 1486 780 1511 eos
801 1482 837 1511 te
857 1472 1005 1510 νὶῃξῒοε
1026 1472 1072 1510 ad
1092 1472 1329 1525 supplicium
1350 1473 1439 1511 duci
1457 1474 1598 1512 videre.

551 1542 643 1579 Hoc
664 1550 706 1578 tu
728 1540 983 1593 quamobrem
1016 1553 1095 1577 non
1127 1538 1282 1578 fecisti?
1314 1540 1567 1592 quamobrem
1597 1540 1650 1578 ita
1679 1538 1746 1577 iste
1771 1539 1893 1592 pirata

495 1608 638 1646 celatus
659 1607 724 1652 est,
756 1607 858 1659 quafi
879 1620 969 1644 eum
989 1606 1153 1659 aspicere
1183 1605 1287 1645 nefas
1307 1606 1395 1645 effet
1413 1607 1426 1644 ?
1458 1607 1713 1659 quamobrem
1744 1606 1892 1659 suppli·

494 1675 602 1713 cium
623 1687 700 1712 non
722 1673 909 1726 sumpfisti
928 1673 941 1710 ?
974 1687 1092 1725 quam
1112 1673 1163 1711 ob
1186 1673 1335 1721 causam
1355 1672 1557 1712 hominem
1578 1673 1793 1712 reservasti?
1825 1685 1892 1710 ec-

494 1755 613 1793 quem
633 1739 769 1778 audisti
789 1739 831 1777 in
853 1739 982 1777 Sicilia
1012 1749 1122 1778 antea
1140 1749 1299 1793 captum
1319 1738 1606 1793 archipiratam,
1641 1739 1710 1792 qui
1736 1752 1813 1777 non
1833 1738 1891 1776 se-

494 1806 789 1860 curipercuffus
811 1805 886 1844 fit?
918 1819 1043 1844 unum
1065 1807 1160 1845 cedo
1180 1808 1374 1845 auctorem
1398 1807 1456 1845 tui
1477 1805 1568 1845 facti
1583 1825 1596 1852 ς
1628 1806 1741 1844 unius
1763 1804 1891 1858 profer

493 1874 733 1926 exemplum.
766 1873 914 1910 Vivum
937 1880 978 1909 tu
999 1871 1270 1924 archipiratam
1299 1872 1481 1917 servabas,
1513 1886 1632 1924 quem
1658 1885 1726 1924 per
1746 1871 1887 1909 trium-

492 1938 633 1992 phum,
654 1938 783 1983 credo,
815 1951 933 1990 quem
959 1946 1046 1975 ante
1076 1951 1234 1976 currum
1266 1947 1380 1976 tuum
1404 1938 1575 1976 duceres.
1608 1938 1750 1990 Neque
1783 1938 1890 1975 enim

492 2006 707 2057 quidquam
738 2013 816 2042 erat
844 2004 927 2056 jam
961 2004 1171 2056 reliquum,
1204 2004 1273 2042 nifi
1306 2013 1367 2049 ut,
1404 2004 1513 2042 claffe
1546 2005 1682 2057 populi
1719 2003 1890 2042 Romani

493 2070 755 2124 pulcherrima
788 2069 930 2115 amiffa,
966 2071 1241 2123 provinciaque
1273 2071 1459 2116 lacerata,
1492 2069 1714 2123 triumphus
1746 2069 1889 2109 navalis

493 2138 566 2175 tibi
587 2137 867 2176 decerneretur.

547 2204 721 2242 XXVII.
754 2205 840 2256 Age
859 2217 987 2256 porro,
1010 2203 1191 2242 custodiri
1212 2204 1351 2243 ducem
1379 2205 1606 2257 praedonum
1633 2217 1733 2242 novo
1764 2216 1885 2248 more,

492 2284 609 2324 quam
632 2271 751 2309 securi
771 2269 876 2308 feriri
897 2271 1077 2308 omnium
1109 2272 1303 2324 exemplo,
1332 2272 1454 2323 magis
1476 2270 1635 2323 placuit.
1673 2271 1770 2320 Qae
1800 2269 1886 2307 sunt

492 2340 568 2377 ista:
589 2338 796 2377 custodiae?
827 2338 928 2390 apud
949 2351 1045 2390 quos
1066 2336 1243 2376 homines
1261 2339 1272 2374 ?
1305 2337 1636 2390 quemadmodum
1657 2337 1708 2374 est
1729 2336 1884 2374 affer-va-

491 2415 552 2443 tus
572 2405 584 2441 ?
631 2405 830 2444 Latumias
866 2404 1109 2456 Syracusanas
1143 2417 1277 2442 omnes
1309 2404 1490 2448 audistis5
1538 2403 1710 2455 plerique
1752 2402 1882 2441 nostis.

493 2472 605 2523 Opus
626 2471 677 2508 est
698 2472 847 2524 ingens,
880 2470 1149 2523 magnificum,
1182 2483 1332 2522 regum,
1365 2483 1407 2507 ac
1429 2479 1693 2521 tyrannorum.
1732 2469 1885 2507 Totum

491 2538 541 2579 est
562 2551 607 2577 ex
628 2537 714 2577 saxo
736 2539 775 2577 in
796 2538 1012 2577 mirandam
1034 2537 1279 2577 altitudinem
1297 2536 1478 2590 deprefl‘o,
1496 2545 1533 2574 et
1554 2536 1771 2575 multorum
1790 2548 1885 2588 ope-
