2201 2792
571 161 917 204 ACTIONIS
960 160 1012 198 11.
1073 157 1386 197 LlBERm.
1600 172 1671 210 331

270 266 348 305 hoc
367 264 468 305 mihi
496 263 670 318 primum
691 261 854 302 Halefiae
873 257 1146 299 demonstravit
1173 256 1213 295 in
1246 256 1374 294 senatu
1407 254 1677 293 Halesmorum

271 333 395 372 homo
410 331 564 370 summo
583 329 754 382 ingenio,
773 327 923 366 summa
936 325 1151 379 prudentia,
1172 322 1322 361 summa
1339 320 1560 358 auctoritate
1581 333 1676 371 prae-

273 400 391 444 ditus,
414 397 618 437 Halefinus
639 397 804 435 AEneas:
833 394 897 432 cui
918 392 1064 431 senatus
1092 390 1244 429 dederat
1265 387 1421 442 publice
1440 385 1605 430 causam,
1638 395 1680 422 ut

274 464 389 510 mihi,
411 464 595 517 fratrique
616 476 704 501 meo
723 461 860 515 gratias
880 468 1007 512 ageret
1019 477 1030 504 ς
1063 466 1101 496 et
1121 456 1235 496 fimul
1256 455 1325 508 qui
1345 467 1414 492 nos
1441 466 1496 498 ea,
1530 465 1615 504 quae
1637 451 1680 488 ad

267 532 465 585 judicium
487 531 737 584 pertinerent,
759 529 921 567 doceret.

331 598 593 643 Demonstrat,
629 596 730 635 hanc
761 595 867 634 istius
899 590 1218 632 consuetudinem
1249 602 1292 627 ac
1328 587 1515 626 rationem
1542 584 1678 624 fuisse:

276 679 370 705 cum
411 665 538 704 omnis
573 663 761 702 frumenti
802 660 914 714 copia
944 660 1197 698 decumarum
1227 655 1387 694 nomine
1417 667 1532 707 penes
1567 652 1682 690 istum

275 733 367 771 effet
388 733 547 777 redacta,
578 730 736 769 solitum
755 728 827 767 effe
845 728 963 766 istum
983 725 1189 779 pecuniam
1223 735 1359 776 cogere
1378 735 1399 760 a
1431 719 1652 760 civitatibus
1670 738 1681 763 ς

278 799 524 838 frumentum
555 796 803 850 improbare;
836 803 1028 847 quantum
1050 790 1240 830 frumenti
1268 790 1439 827 Romam
1468 787 1556 825 effet
1588 786 1682 824 mit-

278 867 456 911 tendum,
489 873 641 904 tantum
662 863 708 901 de
729 862 795 900 suo
825 861 984 914 quaestu,
1006 873 1049 897 ac
1070 858 1116 896 de
1137 857 1199 895 sua
1230 856 1340 908 copia
1368 854 1556 893 frumenti
1588 854 1683 890 mit-

279 942 372 971 tere.
406 931 526 970 Posco
557 930 747 968 rationes:
780 927 944 980 inspicio
975 926 1128 963 literas:
1161 923 1272 961 video
1304 920 1491 959 frumenti
1521 933 1686 972 granum

281 999 497 1043 Halefinos,
534 997 676 1049 quibus
706 1008 761 1032 Lx
796 993 920 1032 millia
953 989 1131 1030 modium
1162 990 1347 1041 imperata
1373 995 1493 1031 erant,
1529 986 1685 1023 nullum

280 1065 421 1104 dediffe
434 1084 445 1110 3
469 1063 673 1117 pecuniam
689 1060 884 1104 Volcatio,
906 1056 1167 1101 Timarchidi,
1189 1055 1319 1093 scribae
1339 1053 1491 1092 dedisse.
1522 1052 1688 1105 Reperio

280 1145 401 1186 genus
432 1129 670 1183 hujusmodi,
693 1128 864 1180 Judices‚
898 1125 1044 1179 praedae,
1080 1133 1123 1162 ut
1153 1124 1310 1167 Praetor,
1342 1121 1411 1173 qui
1443 1119 1687 1157 frumentum

281 1212 409 1238 emere
429 1197 606 1241 debebat,
629 1209 706 1233 non
722 1203 839 1238 emat,
861 1193 923 1230 sed
940 1192 1102 1235 vendat;
1135 1189 1330 1242 pecuniam,
1352 1200 1445 1240 quas
1465 1186 1688 1224 civitatibus

281 1265 505 1304 distribuere
525 1262 701 1305 debebat,
733 1274 792 1298 eas
813 1271 948 1297 omnes
969 1265 1124 1300 avertat,
1146 1264 1261 1307 atque
1280 1253 1438 1291 auferat.
1473 1253 1568 1290 Non
1588 1250 1689 1289 mihi

276 1333 361 1386 jam
381 1330 546 1375 furtum,
577 1328 637 1367 sed
659 1327 890 1371 monstrum,
919 1339 960 1362 ac
982 1323 1205 1377 prodigium
1227 1321 1453 1364 videbatur;
1485 1318 1689 1357 civitatum

283 1398 526 1437 frumentum
559 1395 791 1448 improbare,
828 1393 940 1430 suum
976 1391 1162 1444 probare,
1209 1402 1301 1426 cum
1337 1387 1449 1424 suum
1479 1384 1688 1438 probaffet,

254 1490 260 1495 -
285 1467 452 1519 pretium
483 1464 517 1502 ei
538 1462 736 1501 frumento
757 1459 1015 1502 constituere3
1049 1456 1153 1509 quod
1174 1453 1439 1498 constituiss'et‚
1462 1453 1501 1490 id
1521 1452 1689 1490 civitati-

285 1534 357 1571 bus
378 1531 551 1575 auferre,
585 1528 688 1580 quod
710 1541 728 1565 a
750 1526 895 1579 populo
917 1526 1097 1562 Romano
1116 1521 1327 1573 accepisset,
1351 1529 1490 1557 tenere.

332 1599 521 1639 LXXIV.
546 1598 655 1647 Qot
675 1595 791 1633 vultis
813 1593 883 1630 effe
904 1593 943 1630 in
965 1605 1042 1628 uno
1062 1590 1167 1628 furto
1188 1597 1435 1641 peccatorum
1456 1586 1593 1639 gradus
1614 1586 1626 1622 ?
1649 1594 1692 1622 ut

287 1667 313 1706 fi
331 1666 488 1718 fingulis
510 1663 674 1702 infistere
694 1662 826 1705 velim,
850 1658 1029 1712 progredi
1049 1657 1115 1694 iste
1137 1669 1212 1693 non
1236 1655 1359 1707 poffit.
1384 1653 1584 1705 Improbas
1607 1651 1691 1689 fru-

288 1744 468 1773 mentum
490 1731 680 1770 Siculum.
714 1727 854 1779 Qid?
887 1725 964 1779 ipse
996 1724 1101 1776 quod
1132 1722 1288 1761 mittis?
1321 1720 1553 1774 peculiarem
1574 1717 1692 1756 habes

288 1801 458 1854 aliquam
480 1797 666 1841 Siciliam,
698 1808 782 1848 quae
803 1793 876 1832 tibi
906 1805 953 1830 ex
984 1791 1059 1828 alio
1089 1802 1227 1843 genere
1248 1786 1489 1826 frumentum
1511 1784 1692 1838 suppedi-

288 1877 366 1906 tare
392 1865 504 1920 posfit
523 1865 536 1902 ?
569 1865 673 1902 Cum
696 1861 844 1900 senatus
865 1858 1049 1903 decernit,
1072 1865 1115 1894 ut
1136 1863 1284 1893 ematur
1305 1854 1344 1892 in
1367 1853 1495 1891 Sicilia
1515 1851 1692 1889 frumen-

290 1944 391 1978 tum,
413 1941 478 1970 aut
499 1944 591 1969 curn
612 1928 779 1982 populus
795 1926 931 1980 jubet,
963 1923 1054 1969 hoc,
1076 1932 1120 1961 ut
1134 1922 1286 1974 opinor,
1306 1919 1504 1972 intelligit,
1527 1931 1574 1956 cx
1596 1916 1693 1955 Sici-

291 2000 343 2038 lia
363 1998 539 2038 Siculum
560 1995 804 2034 frumentum
825 1991 1016 2046 apportari
1036 1998 1224 2043 oportere.
1267 1989 1348 2032 Tu,
1369 1999 1462 2024 cum
1492 1984 1695 2023 civitatum

294 2065 430 2105 Siciliae
464 2063 582 2116 vulgo
616 2074 732 2100 omne
763 2059 1007 2098 frumentum
1038 2056 1260 2109 improbam,
1297 2067 1392 2092 num
1426 2066 1473 2090 ex
1508 2053 1694 2104 AEgypto,

293 2142 358 2172 aut
388 2146 434 2170 ex
456 2131 561 2183 Syria
580 2128 824 2167 frumentum
846 2127 1015 2164 Romam
1041 2123 1165 2162 mittis
1184 2122 1196 2158 ?
1230 2121 1428 2174 Improbas
1452 2119 1693 2162 Halefinum,

294 2197 659 2253 Cephaloeditanum
677 2224 688 2240 ‚
719 2192 1025 2232 Thermitanum
1043 2220 1053 2236 ,
1096 2188 1399 2227 Amestratinum
1419 2216 1429 2231 ,
1461 2184 1696 2236 Tyndarita-

296 2279 405 2312 num,
438 2262 680 2307 Herbitense,
719 2261 932 2299 multarum
964 2268 1139 2312 praeterea
1168 2256 1385 2294 civit-atum.
1419 2252 1527 2303 Qud
1558 2249 1696 2288 accidit

297 2333 466 2377 tandem,
503 2340 546 2369 ut
576 2329 718 2368 horum
756 2327 990 2381 populorum
1025 2325 1104 2378 agri
1140 2323 1381 2362 frumentum
1412 2316 1613 2370 ejusmodi,
1663 2323 1698 2352 te

299 2401 475 2443 Praetore‚
506 2396 662 2441 ferrent,
697 2395 802 2447 quod
833 2406 1034 2446 nunquam
1054 2400 1189 2433 antea3
1222 2398 1264 2425 ut
1285 2398 1408 2437 neque
1430 2382 1542 2426 mihi,
1574 2394 1698 2433 neque

298 2464 386 2508 tibi,
417 2477 541 2516 neque
572 2462 717 2515 populo
738 2461 919 2498 Romano
950 2457 1067 2511 poss‘et
1095 2454 1259 2508 probarI,
1292 2449 1496 2504 pra‘i‘ertini
1529 2460 1622 2485 cum
1652 2460 1698 2484 ex

299 2529 432 2568 iisdem
453 2529 565 2581 agris,
596 2527 841 2580 ejusdemque
871 2526 962 2563 anni
982 2523 1222 2562 frumentum
1245 2531 1291 2556 cx
1322 2516 1496 2554 decumis
1528 2515 1699 2553 Romam

1277 2585 1315 2621 T
1339 2591 1352 2621 t
1376 2595 1396 2620 2
