2201 2792
567 179 914 219 ACTIONIS
956 179 1009 218 II.
1081 181 1294 219 LIBER
1335 183 1368 221 I.
1600 201 1678 240 199

265 283 432 336 praedam
453 281 708 320 arbitraretur.
733 281 841 320 Nam
861 279 958 332 quid
977 290 1308 332 argumentamur,
1331 295 1409 334 quo
1429 282 1496 320 ista
1516 286 1679 336 pecunia

264 348 508 402 pervenerit?
541 348 653 386 Fecit
683 347 762 400 ipse
792 347 999 384 indicium.
1047 347 1242 392 Primum,
1285 361 1376 386 cum
1409 347 1676 390 vehementius

264 428 356 452 cum
391 427 436 451 eo
467 414 521 451 D.
545 414 687 451 Brutus
722 411 985 457 contenderet,
1017 413 1086 464 qui
1107 413 1152 450 de
1186 413 1249 450 sua
1279 415 1444 466 pecunia
1470 415 1563 452 H-S
1587 429 1674 454 Dxi„

262 480 386 518 millia
406 480 647 518 numeravit:
671 479 776 531 quod
791 479 874 530 jam
896 478 963 516 iste
978 478 1076 516 ferre
1096 493 1175 517 non
1195 490 1358 532 poterat,
1376 494 1489 534 opere
1510 482 1675 527 addicto,

259 546 450 599 praedibus
471 546 654 598 acceptis,
676 545 723 583 de
745 546 837 583 H-S
861 558 967 584 IQLX
989 545 1179 590 millibus,
1203 547 1347 585 remisit
1368 548 1422 585 D.
1441 549 1562 585 Bruto
1583 549 1675 586 H-S

263 625 318 651 cx
343 613 482 652 millia.
526 614 633 658 Hoc,
655 613 682 650 fi
715 613 837 650 aliena
861 626 918 650 res
939 612 1044 658 effet,
1080 623 1182 651 certe
1211 613 1336 652 facere
1368 628 1447 652 non
1479 615 1673 667 potuisset.

259 679 427 725 Deinde,
449 679 605 717 nummi
632 679 827 717 numerati
857 678 945 717 sunt
965 679 1179 717 Cornificio
1194 699 1207 725 5
1241 694 1359 732 quem
1380 681 1541 719 scribam
1562 681 1675 720 suum

257 744 369 783 fuiffe
389 760 526 798 negare
546 759 624 784 non
655 746 792 799 potest.
826 745 1039 791 Postremo,
1071 746 1187 799 ipsius
1209 747 1381 785 Rabonii
1415 748 1554 785 tabulae
1574 762 1672 801 prae-

258 811 347 850 dam
369 811 477 850 illam
498 812 604 850 istius
624 810 735 850 fuiffe
755 812 938 850 clamant.
970 812 1123 850 Recita.
1157 812 1361 851 NOMINA
1384 813 1610 853 RABONH.

313 879 464 916 LVIII.
491 879 572 916 Hic
593 878 711 916 etiam
731 879 858 932 priore
877 879 1026 916 actione
1049 879 1355 929 QHortenfius
1376 880 1576 933 pupillum
1597 882 1672 932 Ju-

255 944 367 982 nium
383 944 519 982 veniffe
531 953 803 997 praetextatum
819 945 860 982 in
876 944 1044 983 vestrum
1061 945 1325 998 conspectum,
1340 955 1378 984 et
1399 946 1507 984 testes
1524 946 1669 993 secum,

256 1019 394 1063 patruo
413 1010 681 1048 testimonium
702 1011 870 1055 dicente,
893 1011 1047 1063 questus
1067 1011 1143 1049 est:
1184 1021 1221 1049 et
1242 1025 1306 1049 me
1326 1013 1561 1065 populariter
1580 1027 1670 1066 age-

256 1091 296 1115 re
313 1107 324 1122 ,
370 1088 484 1131 atque
513 1078 702 1116 invidiam
744 1090 1013 1122 commovere,
1056 1077 1160 1129 quod
1194 1092 1361 1130 puerum
1399 1080 1668 1132 producerem,

256 1143 484 1182 clamitavit.
533 1144 641 1194 Qid
662 1152 754 1188 erat,
788 1144 986 1188 Hortenfi,
1019 1144 1176 1181 tandem
1204 1144 1244 1181 in
1265 1145 1334 1182 illo
1353 1159 1472 1197 puero
1502 1147 1668 1199 popula-

253 1210 324 1248 re?
356 1210 452 1262 quid
471 1209 707 1247 invidiosum
725 1208 738 1244 ?
772 1207 957 1252 Gracchi,
979 1209 1108 1253 credo,
1130 1219 1196 1246 aut
1217 1211 1425 1255 Saturnini,
1459 1222 1523 1250 aut
1543 1213 1667 1251 alicu-

248 1276 313 1328 jus
347 1274 520 1314 hominis
551 1274 742 1327 ejusmodi
772 1274 1030 1327 produxeram
1062 1274 1206 1320 filium,
1239 1285 1282 1313 ut
1313 1278 1472 1315 nomine
1501 1278 1597 1330 ipso,
1630 1290 1668 1318 et

253 1343 444 1381 memoria
473 1341 603 1395 patris,
634 1341 784 1380 animos
811 1341 1002 1394 imperitae
1036 1341 1303 1380 multitudinis
1324 1344 1574 1383 concitarem.
1619 1346 1666 1384 P.

252 1409 364 1461 ‘Junii
384 1418 475 1456 erat,
506 1407 679 1448 hominis
701 1408 747 1446 de
767 1408 882 1461 plebe
913 1409 1107 1453 Romana,
1139 1408 1271 1455 filius5
1304 1423 1423 1463 quem
1449 1420 1557 1464 pater
1575 1425 1665 1450 mo·-

253 1476 353 1514 riens
388 1486 475 1515 tum
497 1477 689 1515 tutoribus
716 1485 755 1515 et
787 1477 1032 1530 propinquis,
1064 1486 1151 1515 tum
1182 1477 1350 1530 legibus,
1381 1486 1467 1516 tum
1494 1479 1666 1532 aequitati

251 1544 558 1597 magistratuum,
574 1553 659 1582 tum
676 1544 836 1596 judiciis
858 1543 987 1581 vestris
1010 1545 1368 1583 commendandum
1388 1546 1553 1597 putavit.
1583 1546 1667 1585 Hic

251 1608 357 1647 istius
392 1610 568 1648 scelerata
601 1610 817 1654 locatione,
849 1608 1072 1661 nefarioque
1104 1610 1332 1656 latrocinio,
1371 1611 1484 1648 bonis
1516 1613 1664 1664 patriis,

249 1672 492 1726 fortunisque
512 1674 695 1712 omnibus
716 1674 913 1726 spoliatus,
934 1675 1040 1712 venit
1060 1675 1100 1711 in
1114 1675 1313 1725 judicium
1332 1690 1341 1713 :
1373 1676 1399 1713 fi
1421 1674 1522 1713 nihil
1544 1677 1663 1722 aliud,

248 1740 399 1786 saltem,
430 1750 473 1778 ut
502 1754 607 1786 eum,
638 1741 748 1793 cujus
769 1753 883 1793 opera
902 1739 980 1793 ipse
1011 1741 1158 1778 multos
1179 1753 1297 1778 annos
1329 1741 1381 1779 est
1411 1742 1453 1779 in
1472 1742 1662 1789 sordibus,

248 1807 365 1860 paulo
396 1816 526 1845 tamen
547 1806 753 1845 obsoletius
788 1805 967 1844 vestitum
987 1806 1144 1844 videret.
1188 1807 1323 1859 Itaque
1344 1807 1431 1852 tibi,
1460 1808 1661 1855 Hortenfi,

248 1885 328 1911 non
348 1873 453 1911 illius
486 1882 586 1917 aeta8‚
618 1872 680 1910 sed
715 1872 847 1918 causa;
880 1886 958 1910 non
979 1872 1149 1917 vestitus,
1181 1872 1243 1910 sed
1262 1871 1432 1918 fortuna,
1464 1875 1661 1927 popularis

247 1939 460 1978 videbatur.
507 1939 651 1991 Neque
686 1948 723 1977 te
758 1949 838 1977 tam
873 1939 1171 1984 commovebat,
1211 1939 1316 1991 quod
1346 1939 1412 1977 ille
1443 1953 1535 1985 cum
1572 1951 1662 1994 toga

247 2014 441 2058 praetexta,
463 2019 581 2057 quam
598 2005 704 2057 quod
723 2005 800 2043 fine
821 2005 941 2050 bulla,
960 2014 1124 2043 venerat.
1149 2005 1314 2043 Vestitus
1333 2006 1437 2044 enim
1460 2008 1661 2047 neminem

247 2072 519 2110 commovebat
540 2072 586 2116 is,
618 2085 737 2123 quem
758 2072 816 2109 illi
837 2086 921 2110 mos
942 2081 981 2110 et
1008 2073 1074 2124 jus
1100 2073 1350 2124 ingenuitatis
1379 2073 1505 2112 dabat.
1539 2075 1659 2126 Qod

248 2147 521 2176 ornamentum
541 2138 714 2190 pueritiae
745 2148 851 2190 pater
871 2138 1037 2183 dederat,
1059 2139 1250 2177 indicium
1271 2149 1386 2192 atque
1407 2141 1555 2193 insigne
1575 2140 1658 2180 for-

246 2213 363 2250 tunae,
394 2203 470 2243 hoc
490 2204 536 2242 ab
568 2203 638 2241 isto
658 2205 834 2256 praedone
865 2213 1043 2257 ereptum
1063 2204 1148 2250 effe,
1178 2206 1343 2258 graviter
1370 2216 1408 2244 et
1427 2208 1562 2245 acerbe
1582 2207 1657 2246 ho-

245 2271 369 2309 mines
408 2269 595 2308 ferebant.
647 2270 788 2323 Neque
821 2280 926 2308 erant
967 2269 1027 2308 hae
1061 2271 1241 2324 lacrymae
1278 2273 1486 2326 populares·
1515 2274 1654 2324 magis,

246 2350 364 2388 quam
383 2337 530 2382 nostrae,
566 2350 685 2389 quam
716 2346 804 2382 tuae,
838 2338 1111 2389 QHortcnfi,
1143 2353 1263 2391 quam
1287 2338 1446 2382 horum,
1478 2339 1546 2388 qui
1566 2339 1651 2376 sen-

246 2402 408 2441 tentiam
437 2403 551 2441 laturi
571 2402 686 2448 sunt,
719 2404 818 2449 ideo,
853 2404 957 2456 quod
978 2406 1201 2442 communis
1223 2405 1275 2441 est
1296 2403 1415 2447 causa,
1439 2416 1652 2442 commune

245 2468 462 2519 periculum
482 2485 491 2508 :
514 2471 716 2508 communi
734 2470 905 2523 praefidio
926 2471 1010 2509 talis
1032 2471 1274 2522 improbitas,
1294 2478 1480 2520 tanquam
1493 2469 1652 2522 aliquod

243 2534 495 2581 incendium,
539 2536 805 2590 restinguenda
838 2537 903 2576 est.
953 2537 1157 2576 Habemus
1188 2535 1293 2573 enim
1323 2535 1462 2574 liberos
1497 2549 1648 2589 parVOS.
