2201 2792
713 83 881 122 PRO
940 83 986 120 P.
1046 79 1477 131 QUINTIO.
1754 93 1798 132 μ

446 187 574 227 Postea
609 184 763 223 recitavi
797 182 985 226 edictum,
1032 180 1138 233 quod
1169 188 1296 233 aperte
1330 178 1537 218 dominum
1578 182 1624 216 de
1661 179 1802 232 praedio

393 253 545 292 detrudi
579 259 746 289 vetaret:
780 250 821 287 in
856 263 934 301 quo
969 247 1155 291 constitit,
1187 245 1370 285 Naevium
1393 259 1440 282 ex
1471 245 1595 282 edieco
1617 259 1694 283 non
1715 245 1802 298 pos-

393 317 535 363 sediffe,
557 331 650 355 cum
671 315 920 354 confiteretur
950 328 997 352 ex
1028 313 1171 366 praedio
1202 312 1240 350 vi
1261 310 1459 349 detrusum
1479 310 1551 348 effe
1573 311 1802 361 Q’mtimm

394 385 574 423 Omnino
594 392 723 422 autem
745 383 846 422 bona
865 380 1019 434 pofl‘effa
1050 394 1127 418 non
1148 379 1220 418 efi'e
1236 378 1423 417 constitui
1439 396 1452 423 ς
1485 377 1589 430 quod
1612 377 1806 415 bonorum

393 451 563 504 pofi'effio
583 450 772 503 spectetur
802 462 879 486 non
900 448 940 486 in
962 447 1092 499 aliqua
1111 455 1230 499 parte,
1263 444 1323 482 sed
1345 445 1386 482 in
1413 443 1609 489 universis,
1641 458 1726 496 quae
1748 452 1805 481 te-

393 518 490 563 neri,
518 531 560 555 ac
592 515 767 569 poflideri
788 514 942 568 poffint.
994 513 1105 558 Dixi,
1129 513 1267 551 Romae
1288 512 1453 550 domum
1474 509 1598 555 fuiffe,
1631 510 1711 562 quo
1742 510 1807 548 iste

393 598 442 622 ne
463 583 633 637 aspirarit
653 582 811 635 quidem
830 599 841 627 ς
874 581 997 619 servos
1018 579 1254 632 complures,
1276 592 1322 616 ex
1343 578 1485 631 quibus
1512 577 1580 615 iste
1608 577 1810 630 possederit

394 651 608 696 neminem,
640 663 688 688 ne
722 649 893 702 attigerit
928 647 1116 700 quidem;
1151 660 1276 684 unum
1309 644 1434 690 fuiffe,
1472 658 1592 697 quem
1623 644 1810 697 attingere

395 727 554 757 conatus
575 718 644 763 fit3
677 715 922 770 prohibitum
942 714 1076 760 fuiffe5
1100 713 1296 767 quievisse.
1330 713 1375 751 In
1395 712 1475 765 ipsa
1496 711 1625 750 Gallia
1644 711 1810 765 cognos-

394 785 443 823 tis
464 785 504 822 in
525 784 665 838 praedia
684 783 831 836 privata
851 780 1009 834 Qinvtii
1031 781 1116 819 Sex.
1140 780 1325 819 Naevium
1345 792 1424 817 non
1445 777 1597 816 veniffe.
1627 778 1811 831 Denique

395 865 443 890 ex
463 851 544 904 ipso
564 851 675 895 saltu,
694 863 831 902 quem,
854 862 923 902 per
941 847 1022 886 vim
1043 846 1202 901 expulso
1221 845 1339 891 socio,
1370 844 1545 899 possedit,
1579 845 1702 884 servos
1729 845 1812 898 pri-

396 927 503 957 vatos
526 918 684 970 Qintii
705 931 783 955 non
804 929 938 954 omnes
957 916 1096 968 (ᾖε-(Εἴθε
1117 913 1202 953 effe.
1234 914 1297 952 Ex
1318 927 1410 966 quo,
1433 922 1471 950 et
1491 927 1539 951 ex
1560 914 1705 951 caeteris
1727 913 1811 951 dic-

397 985 468 1030 tis,
503 983 632 1028 faecis,
669 983 922 1035 cogitatisque
957 984 1043 1020 Sex.
1082 981 1225 1026 Naevii,
1261 980 1389 1032 quivis
1421 979 1544 1032 potest
1575 980 1811 1032 intelligere,

399 1050 516 1088 istum
538 1048 636 1087 nihil
658 1048 763 1086 aliud
783 1047 909 1100 egifi‘e,
944 1060 1070 1098 neque
1090 1060 1194 1084 nunc
1215 1059 1339 1098 agere,
1372 1046 1440 1083 nis1
1462 1046 1519 1083 uti
1539 1060 1607 1098 per
1625 1047 1722 1091 vim,
1747 1060 1814 1098 per

399 1117 606 1168 injuriam,
628 1128 697 1168 per
716 1114 967 1166 iniquitatem
993 1112 1150 1165 judicii,
1173 1121 1302 1151 totum
1324 1125 1476 1166 agrum,
1498 1112 1567 1165 qui
1588 1113 1811 1151 communis

399 1182 465 1227 est,
488 1181 601 1219 suum
621 1180 745 1218 facere
765 1179 892 1231 poffit.

454 1248 588 1287 XXX.
621 1247 758 1292 Nunc,
798 1244 908 1284 causa
927 1245 1113 1299 perorata,
1153 1259 1209 1284 res
1240 1247 1332 1299 ipsa,
1370 1254 1409 1284 et
1428 1246 1592 1300 periculi
1613 1247 1813 1299 magnitu-

400 1316 464 1361 do,
487 1317 535 1354 C.
559 1314 712 1367 Aquili,
735 1327 871 1366 cogere
891 1313 1056 1359 videtur,
1089 1323 1132 1352 ut
1153 1323 1204 1359 te,
1238 1323 1353 1366 atque
1372 1327 1450 1359 eos,
1474 1313 1542 1366 qui
1564 1313 1637 1352 tibi
1658 1314 1699 1351 in
1719 1328 1815 1352 con-

401 1383 484 1423 filio
504 1383 604 1428 sunt,
626 1381 813 1426 obsecret,
835 1381 1122 1434 obtesteturque
1142 1382 1187 1420 P.
1207 1381 1397 1433 Qintius
1417 1394 1484 1434 per
1504 1380 1753 1427 senectutem,
1773 1395 1817 1420 ac

401 1451 651 1490 solitudinem
671 1450 792 1495 suam,
812 1447 914 1487 nihil
934 1449 1053 1494 aliud,
1082 1448 1152 1487 nisi
1174 1459 1216 1487 ut
1236 1448 1364 1487 vestrae
1384 1458 1541 1494 naturae,
1574 1448 1819 1502 bonitatique

400 1517 697 1570 obsequamini3
730 1524 787 1561 ut,
810 1529 903 1554 cum
921 1516 1057 1554 veritas
1079 1529 1172 1554 cum
1192 1515 1268 1554 hoc
1289 1514 1418 1560 faciat,
1440 1515 1528 1568 plus
1549 1514 1666 1567 hujus
1689 1516 1819 1569 inopia

401 1583 514 1637 poffit
535 1583 580 1621 ad
601 1581 920 1627 misericordiam,
942 1595 1061 1634 quam
1082 1581 1187 1620 illius
1209 1595 1300 1634 opes
1321 1581 1367 1619 ad
1388 1581 1672 1619 crudelitatem.

459 1650 551 1701 Qo
571 1650 632 1687 die
651 1649 698 1686 ad
719 1658 757 1686 te
771 1649 948 1701 judicem
968 1649 1146 1687 venimus
1161 1678 1171 1694 ‚
1209 1648 1344 1687 eodem
1380 1648 1441 1686 die
1473 1647 1632 1686 illorum
1664 1648 1789 1686 minas
1805 1678 1816 1693 ,

404 1729 497 1768 quas
517 1725 603 1753 ante
621 1714 888 1759 horrebamus,
920 1715 1115 1767 negligere
1135 1715 1341 1766 coepimus.
1389 1714 1427 1751 Si
1458 1714 1566 1751 causa
1597 1727 1690 1751 cum
1711 1714 1818 1752 causa

404 1782 668 1827 contenderet,
691 1794 759 1819 nos
780 1781 946 1820 nostram
963 1780 1144 1833 perfacile
1160 1780 1282 1818 cuivis
1299 1778 1524 1832 probaturos
1544 1779 1815 1818 statuebamus.

406 1850 526 1901 Qod
546 1849 632 1888 vitae
653 1849 748 1886 ratio
769 1862 860 1886 cum
881 1848 1030 1886 ratione
1050 1848 1137 1885 vitae
1158 1847 1388 1890 decerneret,
1404 1846 1549 1885 idcirco
1570 1847 1680 1885 nobis
1701 1847 1819 1885 etiam

406 1916 528 1969 magis
551 1924 588 1954 te
612 1915 747 1967 judice
768 1927 865 1968 opus
886 1913 957 1952 effe
978 1913 1150 1951 arbitrati
1171 1913 1316 1951 sumus.
1362 1913 1418 1949 Ea
1450 1926 1506 1951 res
1527 1913 1633 1950 enim
1654 1926 1758 1951 nunc
1780 1914 1819 1951 in

407 1981 629 2019 discrimine
650 1979 829 2025 versatur,
864 1988 1047 2018 utrumne
1067 1978 1179 2032 poffit
1200 1978 1234 2016 se
1260 1986 1393 2016 contra
1413 1978 1610 2016 luxuriam
1632 1992 1674 2016 ac
1694 1979 1818 2017 licen-

406 2049 501 2086 tiam
533 2047 719 2086 rusticana
752 2047 818 2085 illa
851 2056 965 2099 atque
986 2047 1132 2085 inculta
1162 2046 1393 2099 parsimonia
1413 2045 1640 2091 defendere;
1672 2060 1719 2083 an
1750 2047 1818 2084 dem

409 2113 587 2159 formata,
619 2123 734 2166 atque
768 2115 1005 2152 ornamentis
1038 2113 1223 2152 omnibus
1251 2113 1422 2165 spoliata,
1451 2113 1566 2158 nuda,
1600 2113 1817 2165 cupiditati,

409 2180 710 2235 petulantiaeque
730 2180 942 2219 addicatur.

409 2276 412 2277 γ
465 2247 559 2285 Non
581 2257 778 2299 comparat
805 2247 841 2285 se
870 2256 999 2285 tecum
1019 2247 1141 2300 gratia
1163 2249 1205 2286 P.
1231 2247 1433 2299 Qinfius,
1458 2249 1542 2285 Sex.
1567 2246 1708 2288 Naevi3
1741 2258 1820 2283 non

409 2315 564 2367 opibus,
598 2328 677 2352 non
697 2312 892 2359 facultate,
926 2314 1127 2352 contendit
1146 2329 1154 2351 :
1188 2328 1321 2352 omnes
1359 2323 1440 2351 tuas
1462 2323 1570 2356 artes,
1604 2311 1746 2363 quibus
1778 2320 1820 2349 tu

410 2393 573 2433 magnus
594 2393 647 2426 es,
681 2380 752 2418 tibi
774 2370 965 2419 concedit.
1009 2381 1181 2425 Fatetur,
1218 2379 1253 2418 se
1276 2394 1351 2418 non
1374 2379 1472 2417 belle
1493 2379 1632 2422 dicere,
1666 2390 1743 2415 non
1775 2378 1820 2415 ad

411 2439 653 2486 voluntatem
685 2447 795 2501 loqui
830 2446 960 2500 poffe3
998 2462 1076 2487 non
1112 2447 1158 2486 ab
1190 2446 1329 2485 afflicta
1363 2444 1533 2483 amicitia
1568 2442 1818 2498 transfugere,

1432 2511 1470 2548 G
1495 2523 1514 2549 2
