2201 2792
493 214 622 253 PRO
655 213 791 251 SEX.
825 212 1080 250 ROSCIO
1111 211 1465 250 AMERINO.
1639 218 1682 255 Si

278 323 371 351 cum
392 318 448 348 tot
466 309 691 362 propinqui,
708 309 942 362 cognatique
961 310 1110 363 optime
1130 311 1400 348 convenientes
1414 328 1425 354 5
1450 323 1524 362 qua
1546 311 1689 347 ratione

280 376 425 415 faffum
445 376 512 420 est,
547 383 591 413 ut
611 375 678 413 iste
710 384 798 413 tuus
827 375 962 422 cliens,
999 375 1147 414 sceleris
1180 376 1237 414 tui
1258 377 1432 421 nuntius,
1466 377 1519 414 T.
1549 375 1690 414 Roscio

279 443 464 496 Capitoni
484 442 728 496 potiffimum
748 443 971 481 nuntiaret?

336 510 499 549 Occisus
519 510 572 548 est
602 523 622 547 a
648 522 758 548 coena
788 509 966 548 rediens:
998 510 1175 548 nondum
1205 510 1373 555 lucebat,
1410 524 1503 548 cum
1524 509 1690 548 Ameriae

276 571 420 615 scitum
439 577 505 615 est.
538 576 648 628 Qid
667 575 733 613 hic
753 575 994 614 incredibilis
1016 575 1147 614 cursus
1166 577 1179 613 ?
1212 575 1308 628 quid
1327 574 1408 614 haec
1430 585 1533 614 tanta
1554 575 1691 613 celeri-

278 650 349 689 tas,
380 643 649 695 festinatioque
669 643 857 696 fignificat
875 643 888 680 ?
920 643 1017 681 Non
1038 657 1166 696 quaero
1187 643 1272 696 quis
1294 641 1528 696 percusserit.
1571 641 1689 681 Nihil

277 710 343 755 est,
363 711 542 755 Glaucia,
575 709 680 763 quod
700 718 863 749 metuas.
907 710 1003 749 Non
1027 710 1185 748 excutio
1206 719 1255 755 te,
1287 709 1314 747 fi
1345 709 1441 762 quid
1471 708 1569 747 forte
1600 707 1691 747 ferri

276 775 471 822 habuisti,
494 789 573 814 non
594 775 740 814 scrutor
752 794 763 821 5
786 774 887 814 nihil
907 775 954 814 ad
974 789 1037 814 me
1058 776 1220 814 arbitror
1239 775 1444 828 pertinere.
1473 775 1689 825 Qoniam,

277 843 388 896 cujus
408 843 568 882 consilio
587 842 735 881 occisus
757 843 815 888 fit,
838 843 993 881 invenio
1006 861 1017 888 ς
1049 843 1160 895 cujus
1182 855 1301 880 manu
1321 842 1366 880 s1t
1385 841 1594 895 percuffuS,
1612 855 1690 880 non

278 909 423 949 laboro.
455 911 596 949 Unum
614 908 692 948 hoc
712 909 837 955 sumo,
859 909 967 963 quod
987 908 1090 948 mihi
1111 918 1290 963 apertum
1311 918 1426 947 tuum
1456 908 1591 954 scelus,
1614 908 1689 946 res-

278 990 354 1028 que
374 975 574 1015 manifesta
594 976 671 1013 dat.
718 976 815 1021 Ubi,
836 985 902 1014 aut
923 976 1025 1014 unde
1044 976 1194 1014 audivit
1213 976 1392 1021 Glaucia,
1412 976 1482 1028 qui
1512 984 1592 1013 tam
1613 976 1692 1014 cito

279 1042 390 1080 scivit
407 1044 420 1079 ?
453 1043 485 1080 F
488 1055 530 1079 ac
550 1040 691 1079 audiffe
710 1041 853 1080 statim.
901 1042 999 1092 Qae
1030 1055 1086 1079 res
1108 1055 1200 1079 eum
1221 1044 1332 1080 noete
1352 1055 1428 1080 una
1451 1051 1605 1079 tantum
1623 1042 1689 1079 iti-

278 1109 379 1147 neris
400 1107 629 1146 contendere
649 1107 777 1159 coegit
794 1107 808 1144 ?
839 1121 924 1159 quae
945 1106 1139 1145 neceffitas
1159 1120 1252 1145 eum
1273 1116 1376 1146 tanta
1394 1107 1609 1160 premebat,
1632 1117 1689 1152 ut,

279 1175 305 1213 s1
325 1175 390 1212 sua
409 1174 543 1227 sponte
563 1173 636 1211 iter
656 1173 859 1210 Ameriam
879 1172 1035 1217 faceret,
1053 1174 1093 1210 id
1114 1173 1298 1225 temporis
1319 1173 1451 1211 Roma
1470 1174 1690 1226 proficisce-

277 1249 396 1286 retur,
417 1239 568 1278 nullam
589 1247 738 1292 partem
765 1238 888 1276 nostis
909 1237 1192 1291 requiesceret?
1225 1239 1408 1276 Etiamne
1435 1240 1475 1276 in
1501 1248 1579 1277 tam
1602 1253 1688 1292 per-

278 1306 417 1359 spicuis
450 1305 563 1344 rebus
594 1304 878 1358 argumentatio
913 1304 1130 1358 quaerenda,
1167 1313 1232 1343 aut
1262 1305 1481 1357 conjedmra
1510 1306 1692 1358 capienda

250 1424 254 1428 ἡ
277 1373 354 1411 fit?

302 1438 476 1477 XXXV.
496 1437 644 1476 Nonne
663 1438 773 1477 vobis
794 1436 891 1482 haec,
911 1451 996 1491 quae
1016 1436 1185 1483 audistis,
1207 1451 1361 1476 cernere
1378 1437 1500 1476 oculis
1521 1438 1690 1476 videmi-

277 1507 330 1552 ni,
352 1506 511 1557 Judices
527 1505 540 1542 ?
560 1519 641 1543 -non
660 1505 777 1543 illum
797 1505 999 1550 miserum,
1021 1505 1202 1558 ignarum
1218 1504 1322 1544 casus
1341 1505 1412 1550 sui,
1431 1505 1655 1543 redeuntem
1672 1519 1692 1543 a

275 1586 387 1611 coena
412 1571 549 1610 videtis
569 1571 581 1607 ?
618 1585 697 1609 non
717 1571 853 1624 positas
875 1571 1053 1610 infidias?
1089 1585 1168 1610 non
1194 1572 1390 1625 impetum
1411 1571 1657 1624 repentinum
1677 1572 1689 1608 ?

277 1652 355 1676 non
377 1638 541 1675 versatur
560 1647 647 1676 ante
678 1638 813 1676 oculos
833 1638 943 1676 vobis
969 1639 1011 1676 in
1042 1638 1145 1676 caede
1165 1638 1330 1677 Glaucia
1349 1639 1361 1675 ?
1393 1651 1472 1676 non
1494 1637 1594 1675 adest
1623 1637 1691 1675 iste

277 1706 331 1743 T.
356 1703 547 1742 Roscius?
580 1717 658 1742 non
679 1703 753 1742 suis
775 1704 953 1742 manibus
974 1704 1015 1742 in
1036 1717 1151 1742 curru
1171 1704 1336 1741 collocat
1354 1703 1691 1741 Automedontem

276 1769 392 1808 illum
411 1798 422 1814 ,
460 1768 517 1807 sui
553 1767 699 1807 sceleris
734 1768 978 1814 acerbiffimi,
1013 1768 1244 1821 nefariaeque
1273 1768 1440 1806 victoria:
1474 1767 1689 1806 nuntium?

276 1849 354 1874 non
388 1844 484 1880 orat,
516 1843 560 1872 ut
580 1849 664 1873 eam
685 1837 840 1873 no&em
861 1834 1094 1888 pervigilet?
1127 1844 1171 1872 ut
1190 1833 1348 1873 honoris
1370 1833 1427 1872 sui
1448 1833 1559 1872 causa
1578 1834 1690 1873 labo-

277 1902 362 1940 ret?
393 1911 436 1940 ut
457 1901 638 1954 Capitoni
662 1915 779 1953 quam
796 1901 972 1954 primum
993 1901 1146 1939 nuntiet
1165 1900 1178 1938 ?

332 1967 442 2020 Qid
460 1977 552 2012 erat,
589 1966 696 2020 quod
717 1967 952 2020 Capitonem
980 1967 1156 2020 primum
1177 1965 1270 2005 scire
1290 1965 1453 2004 voluerit
1473 1966 1484 2003 ?
1518 1966 1660 2004 Nescio
1677 1986 1688 2012 ;

277 2033 345 2072 nifi
365 2032 442 2071 hoc
473 2033 599 2078 video,
632 2034 864 2086 Capitonem
895 2034 935 2071 in
957 2032 1016 2071 his
1038 2033 1150 2071 bonis
1183 2032 1254 2070 effe
1274 2032 1435 2070 socium.
1487 2033 1548 2070 De
1569 2033 1690 2071 tribus

277 2110 317 2138 et
348 2100 482 2137 decem
514 2099 645 2137 fundis
679 2109 753 2138 tres
782 2099 1037 2138 nobiliffimos
1070 2098 1212 2137 fundos
1239 2112 1330 2137 eum
1361 2098 1472 2137 video
1492 2099 1689 2151 poffidere.

278 2166 409 2205 Audio
428 2175 620 2219 praeterea‚
657 2179 735 2204 non
754 2165 854 2204 hanc
875 2165 1133 2219 suspicionem
1164 2180 1269 2204 nunc
1301 2163 1475 2219 primum
1507 2166 1548 2203 in
1571 2166 1690 2218 Capi-

277 2242 410 2271 tonem
431 2231 623 2277 conferri,
658 2232 799 2271 multas
821 2232 892 2271 effe
917 2231 1082 2270 infames
1104 2231 1249 2285 palmas
1268 2251 1278 2277 ;
1311 2230 1410 2270 hanc
1431 2232 1599 2285 primam
1620 2230 1689 2268 effe

279 2309 407 2338 tamen
434 2299 714 2345 lemniscatam,
737 2314 822 2352 quae
843 2300 981 2338 Romae
1002 2298 1194 2338 deferatur
1208 2317 1220 2345 3
1255 2298 1409 2337 nullum
1437 2298 1600 2336 modum
1621 2296 1690 2333 effe

279 2364 449 2404 hominis
470 2366 689 2411 occidendi,
712 2381 791 2419 quo
812 2366 877 2404 ille
898 2380 975 2404 non
997 2366 1146 2419 aliquot
1166 2366 1375 2409 occiderit;
1408 2363 1552 2401 multos
1575 2361 1689 2407 ferro,

280 2431 424 2470 multos
445 2446 607 2471 veneno.
632 2434 772 2472 Habeo
793 2433 910 2472 etiam
932 2433 1070 2478 dicere,
1094 2446 1226 2485 quem,
1245 2440 1378 2469 contra
1394 2442 1542 2466 morem
1566 2430 1689 2481 majo-

281 2509 383 2540 rum,
417 2499 608 2536 minorem
630 2500 737 2537 annis
761 2514 833 2544 Lx,
867 2500 914 2538 de
939 2508 1056 2552 ponte
1088 2500 1127 2536 in
1149 2497 1327 2536 Tiberim
1351 2496 1542 2547 dejecerit.
1573 2496 1689 2546 ch,

280 2563 305 2600 si
328 2563 525 2614 prodierit,
562 2575 675 2617 atque
705 2566 797 2604 adeo
818 2580 911 2604 cum
946 2565 1144 2618 prodierit,
1183 2563 1278 2615 (scio
1309 2563 1413 2600 enim
1445 2562 1691 2616 proditurum

367 2630 432 2666 To
447 2642 496 2667 M.
520 2630 593 2668 IV.
1353 2630 1385 2666 L
