2201 2792
560 196 637 237 322
984 184 1072 223 IN
1150 184 1529 224 VERREM

557 281 709 319 aratoris
730 281 920 327 interfuit,
943 282 1078 334 quanti
1103 283 1274 321 decumae
1295 283 1491 328 venirent;
1524 296 1601 321 non
1620 283 1724 322 enim
1745 283 1797 321 ita
1811 282 1876 329 est,
1895 292 1954 329 ut,

557 348 584 385 fi
604 362 744 400 magno
765 349 966 393 venierint,
986 349 1072 401 plus
1093 359 1214 387 arator
1234 350 1390 394 debeat;
1423 350 1447 387 fi
1464 363 1592 403 parvo,
1615 351 1758 388 minus.
1792 352 1848 388 Ut
1868 349 1952 388 fru-

556 424 688 452 menta
709 424 795 452 nata
808 415 906 459 sunt,
925 415 976 452 ita
996 415 1168 453 decurnae
1186 426 1364 454 veneunt.
1383 417 1554 454 Aratoris
1574 425 1702 454 autem
1724 416 1888 461 interest,
1904 416 1957 454 ita

557 479 593 517 se
608 479 801 518 frumenta
830 480 981 525 habere,
1018 490 1060 519 ut
1091 481 1262 519 decumae
1293 495 1409 534 quam
1441 482 1611 534 plurimo
1642 483 1768 520 venire
1800 482 1953 534 possint„

558 548 669 586 Dum
691 557 811 586 arator
831 561 878 586 ne
898 548 984 600 plus
1006 548 1169 586 decuma
1188 549 1266 594 det,
1294 549 1449 602 expedit
1468 550 1503 586 ei
1524 550 1728 587 decumam
1748 549 1817 587 effe
1838 563 1955 601 quam

557 614 735 652 maximi.
768 615 915 652 Verum
934 613 1024 659 hoc,
1058 623 1100 651 ut
1120 615 1270 667 opinor,
1303 615 1375 653 effe
1396 615 1450 653 vis
1483 624 1597 668 caput
1617 614 1844 653 defensionis
1867 624 1957 659 tuae,

558 693 700 733 magno
721 690 756 718 te
776 681 954 718 decumas
976 681 1199 725 vendidifle3
1232 682 1311 734 agri
1332 696 1420 720 vero
1433 683 1631 726 Leontini,
1650 682 1717 734 qui
1738 681 1955 734 plurimum

558 747 692 791 efficit,
716 748 834 784 tritici
855 747 1032 785 modium
1051 760 1184 785 ccxvr
1209 748 1397 786 millibus.
1417 750 1454 786 Si
1470 749 1602 793 doceo,
1620 749 1739 801 pluris
1760 748 1957 800 aliquanto

558 813 720 865 potuiffe
741 824 776 851 te
792 814 964 858 vendere,
986 828 1108 866 neque
1128 814 1187 852 his
1209 815 1363 853 voluiffe
1383 815 1567 860 addicere,
1586 816 1653 867 qui
1673 824 1806 853 contra
1826 816 1955 867 Apro-

558 880 669 917 nium
691 880 921 924 licerentur3
953 890 992 918 et
1014 881 1189 933 Apronio
1209 881 1335 919 multo
1356 883 1532 927 minoris,
1563 895 1681 934 quam
1711 881 1794 918 aliis
1815 889 1954 933 potue-

557 945 623 990 ris,
646 945 860 990 tradidiffe;
893 946 918 983 fi
940 945 1013 984 hoc
1035 947 1178 990 doce03
1211 948 1401 999 poteritne
1423 957 1458 985 te
1482 947 1595 992 Alba,
1631 956 1719 984 tuus
1739 945 1954 998 antiquissi-

558 1024 645 1050 mus
667 1025 744 1049 non
765 1012 888 1050 solum
909 1011 1071 1057 amicus,
1095 1026 1229 1050 verum
1249 1014 1364 1050 etiam
1386 1022 1546 1058 amator,
1562 1013 1752 1051 absolvere
1771 1013 1784 1049 ?

611 1078 761 1116 LXIV.
794 1078 896 1116 Dico
915 1078 1088 1130 equitem
1109 1079 1348 1123 Romanum,
1375 1078 1580 1117 hominem
1600 1080 1641 1117 in
1660 1078 1796 1131 primis
1816 1076 1956 1116 hones-

556 1151 658 1188 tum,
682 1143 1005 1195 QMinucium,
1027 1157 1119 1182 cum
1141 1144 1196 1182 sui
1217 1144 1420 1190 similibus,
1451 1145 1497 1182 ad
1517 1144 1697 1182 decumas
1717 1144 1797 1196 agri
1824 1144 1956 1181 Leon-

557 1210 630 1247 tini
662 1209 780 1248 tritici
812 1209 989 1247 modium
1020 1224 1098 1248 non
1122 1223 1212 1255 εις),
1245 1224 1321 1249 non
1346 1224 1418 1251 013
1443 1224 1539 1255 cm,
1570 1224 1648 1248 non
1671 1223 1742 1249 cm
1768 1222 1840 1249 cro
1865 1222 1956 1253 cm,

558 1275 621 1313 sed
641 1276 686 1313 ad
707 1288 798 1313 unas
820 1276 933 1313 unius
963 1277 1044 1328 agri
1071 1276 1250 1314 decumas
1273 1276 1392 1314 tritici
1422 1275 1599 1314 modium
1632 1289 1720 1314 xxx
1743 1275 1866 1314 millia
1885 1288 1954 1314 vo-

557 1340 665 1379 luiffe
685 1341 833 1385 addere,
866 1349 903 1378 et
932 1341 966 1378 ei
992 1340 1216 1393 potestatem
1245 1341 1398 1379 emendi
1430 1355 1506 1380 non
1533 1341 1604 1380 effe
1634 1341 1788 1386 saetam,
1819 1354 1866 1378 ne
1897 1354 1955 1378 res

557 1407 676 1445 abiret
697 1408 743 1445 ab
764 1407 951 1460 Apronio.
985 1408 1136 1460 Negare
1164 1407 1254 1453 hoc,
1290 1408 1356 1447 nifi
1383 1407 1482 1446 forte
1502 1422 1637 1461 negare
1662 1408 1793 1446 omnia
1812 1407 1954 1446 consti-

557 1473 676 1518 tuisti,
699 1473 806 1511 nullo
827 1473 944 1511 modo
964 1483 1086 1526 potes.
1124 1474 1254 1512 Palam
1276 1488 1330 1512 res
1351 1474 1451 1526 gesta
1468 1474 1533 1518 est,
1556 1474 1727 1512 maximo
1747 1482 1954 1517 conventu,

559 1540 771 1590 Syracusis:
806 1539 906 1577 testis
927 1539 980 1577 est
1009 1549 1087 1577 tota
1118 1541 1328 1592 provincia,
1360 1550 1554 1593 propterea
1584 1540 1688 1592 quod
1719 1540 1890 1592 undique
1909 1540 1955 1577 ad

558 1606 736 1643 emendas
768 1606 947 1643 decumas
969 1605 1090 1644 solent
1120 1619 1165 1643 eo
1195 1607 1412 1644 convenire.
1456 1606 1574 1657 Qod
1605 1607 1677 1644 five
1708 1605 1851 1650 fateris,
1883 1597 1955 1643 siue

557 1672 794 1709 convinceris
812 1690 822 1715 ς
855 1681 964 1723 quot,
986 1680 1022 1709 et
1044 1685 1160 1724 quam
1185 1671 1392 1711 manifestis
1413 1672 1454 1709 in
1474 1672 1585 1710 rebus
1607 1681 1768 1716 teneare,
1798 1685 1875 1710 non
1895 1673 1954 1709 vi·-

558 1740 622 1776 des
642 1739 654 1775 ?
687 1740 879 1783 Primum,
904 1747 1009 1776 tuam
1031 1752 1112 1776 rem
1133 1739 1255 1783 illam,
1276 1748 1313 1776 et
1334 1739 1499 1791 praedam
1518 1738 1628 1777 fuiffe
1647 1754 1655 1777 ε
1688 1753 1793 1784 nam,
1816 1739 1882 1777 nis1
1905 1740 1958 1777 ita

558 1805 658 1850 estet,
688 1819 756 1843 cur
783 1814 825 1842 tu
847 1805 1067 1857 Apronium
1088 1806 1270 1850 malebas,
1294 1806 1429 1857 (quem
1456 1819 1591 1843 omnes
1613 1814 1726 1843 tuum
1755 1818 1956 1858 procurare

559 1873 597 1909 in
630 1872 802 1909 decumis
824 1872 1025 1922 negotium
1057 1872 1328 1923 loquebantur)
1362 1885 1478 1923 quam
1500 1872 1743 1916 Minucium,
1775 1871 1954 1908 decumas

558 1939 637 1989 agri
658 1937 841 1975 Leontini
862 1936 1008 1973 sumere
1026 1938 1038 1972 ?
1071 1937 1236 1981 Deinde,
1258 1936 1508 1981 immensum,
1531 1946 1644 1989 atque
1670 1936 1870 1976 infinitum
1893 1938 1955 1974 lu-

559 2017 669 2041 crum
690 2003 759 2040 effe
781 2002 924 2040 factum
944 2017 951 2040 :
979 2015 1067 2040 nam
1089 2003 1115 2041 fi
1138 2017 1226 2041 xxx
1249 2003 1425 2041 millibus
1447 2003 1623 2042 modium
1644 2004 1763 2042 tritici
1784 2012 1826 2041 tu
1842 2017 1955 2042 com-

560 2079 688 2107 motus
710 2083 786 2107 non
807 2069 910 2113 effes,
933 2078 1033 2107 certe
1052 2068 1127 2107 hoc
1154 2069 1257 2107 idem
1279 2069 1377 2107 lucri
1398 2070 1600 2108 Minucius
1623 2070 1798 2123 Apronio
1827 2070 1956 2108 liben-

560 2146 615 2174 ter
634 2135 801 2180 dediffet,
825 2135 850 2173 fi
871 2136 935 2173 ille
956 2136 1125 2188 accipere
1146 2135 1335 2174 voluisset.

614 2204 811 2254 Qantam
832 2201 951 2253 igitur
971 2201 1028 2238 illi
1050 2201 1155 2254 spem
1176 2202 1309 2254 praedae
1328 2202 1560 2256 propositam
1583 2202 1812 2240 arbitramur
1830 2201 1955 2246 fuisse,

559 2270 627 2320 qui
648 2278 799 2306 tanturn
829 2267 987 2321 praesens
1009 2267 1178 2312 lucrum,
1200 2269 1305 2306 nulla
1335 2283 1448 2321 opera
1467 2269 1675 2320 insumpta,
1710 2267 1956 2320 contempse-

560 2338 622 2380 rit,
645 2345 758 2387 atque
778 2334 987 2387 despexerit
1007 2334 1019 2370 ?
1052 2334 1203 2372 Deinde
1225 2335 1300 2386 ipse
1321 2335 1524 2372 Minucius
1545 2348 1745 2386 nunquam
1767 2334 1862 2372 tanti
1882 2333 1953 2371 ha-

560 2403 646 2439 bere
680 2400 851 2439 voluisset
869 2430 879 2445 ,
925 2401 950 2438 si
985 2400 1164 2438 decumas
1195 2409 1237 2437 tu
1272 2400 1354 2453 lege
1396 2400 1606 2438 Hieronica
1636 2400 1813 2439 venderes
1837 2415 1846 2438 z
1892 2400 1956 2438 sed

559 2468 661 2518 quod
683 2469 757 2505 tuis
780 2468 885 2506 novis
906 2466 1053 2513 ediffis,
1085 2474 1122 2505 et
1148 2465 1394 2518 iniquiffimis
1427 2465 1609 2505 institutis
1641 2466 1727 2519 plus
1759 2467 1957 2519 aliquanto
