2201 2792
519 210 595 263 362
947 209 1037 249 IN
1108 211 1489 250 VERREM

516 308 708 360 populum
746 307 972 347 Romanum
1005 308 1145 348 habere
1179 309 1353 348 debetis?
1385 311 1529 363 Ecquae
1562 310 1695 348 civitas
1729 308 1798 353 est,
1839 321 1919 347 non

516 375 634 413 modo
668 376 708 412 in
738 375 946 427 provinciis
977 376 1126 420 nostris,
1158 390 1292 415 verum
1312 377 1429 415 etiam
1449 377 1489 415 in
1510 377 1659 415 ultimis
1680 375 1917 420 nationibus,

516 450 582 479 aut
603 450 681 479 tam
702 451 853 494 potens,
884 450 949 479 aut
969 451 1049 480 tam
1069 442 1201 487 libera,
1229 452 1294 481 aut
1313 443 1429 482 etiam
1450 452 1528 481 tam
1547 443 1744 488 immanis,
1765 456 1809 481 ac
1829 442 1918 480 bar-

516 507 630 552 bara3
663 521 728 545 rex
762 507 928 560 denique
961 508 1094 560 ecquis
1129 508 1195 554 est,
1238 509 1307 561 qui
1341 509 1551 547 senatorem
1579 510 1714 562 populi
1748 508 1919 547 Romani

516 575 630 619 tecto,
661 587 704 612 ac
738 573 857 612 domo
889 587 966 613 non
987 575 1154 613 invitet?
1186 576 1254 628 qui
1273 575 1396 614 honos
1418 589 1497 614 non
1526 574 1681 614 homini
1701 575 1827 614 solum
1846 573 1917 612 ha-

516 639 641 685 betur,
664 639 724 677 sed
745 640 919 692 primum
940 641 1086 693 populo
1106 644 1301 687 Romano,
1323 643 1432 694 cujus
1454 641 1641 680 beneficio
1660 655 1730 680 nos
1750 641 1791 679 in
1810 639 1917 678 hunc

514 707 692 744 ordinem
726 707 903 744 venimus
920 725 932 751 3
965 707 1103 745 deinde
1136 708 1280 746 ordinis
1312 709 1542 754 audtoritatL
1579 722 1665 760 quae
1695 708 1764 746 nifi
1793 707 1917 760 gravis

514 773 586 810 erit
606 771 707 825 apud
726 772 861 816 socios,
892 781 1005 825 atque
1025 782 1168 812 exteras
1200 774 1386 819 nationes,
1420 775 1488 812 ubi
1508 774 1580 812 erit
1599 773 1754 827 imperii
1773 771 1918 811 nomen

514 847 553 876 et
584 839 783 890 dignitas?
815 839 1046 877 Mamertini
1067 853 1131 878 me
1161 840 1317 892 publice
1350 855 1427 879 non
1458 841 1684 879 invitarunt.
1722 840 1794 879 Me
1822 853 1916 878 cum

513 904 615 948 dico,
631 904 713 942 leve
733 904 784 942 est
802 919 811 942 z
834 904 1044 943 senatorem
1064 907 1199 958 populi
1221 906 1391 944 Romani
1412 907 1437 944 fi
1460 921 1537 945 non
1554 907 1823 950 invitaverunt,
1841 905 1916 943 ho-

513 984 647 1008 norem
669 970 846 1008 debitum
867 970 1126 1016 detraxerunt,
1160 986 1237 1010 non
1259 972 1426 1017 homini,
1457 972 1520 1010 sed
1547 973 1687 1011 ordini.
1719 972 1826 1010 Nam
1846 971 1915 1025 ipsi

512 1037 652 1074 Tullio
672 1037 824 1089 patebat
844 1037 982 1074 domus
1003 1037 1311 1089 locupletissima,
1335 1049 1372 1076 et
1392 1039 1623 1091 ampliffima
1644 1039 1718 1076 Cn.
1738 1038 1917 1091 Pompeii

511 1102 695 1148 Basilisci,
717 1116 809 1155 quo,
842 1103 958 1140 etiam
982 1102 1006 1140 si
1027 1103 1115 1141 effet
1136 1104 1319 1141 invitatus
1339 1117 1359 1141 a
1380 1105 1501 1148 vobis,
1535 1115 1663 1142 tamen
1695 1103 1913 1141 divertiflet.

511 1169 606 1206 Erat
625 1169 743 1206 etiam
776 1169 1092 1213 Parcenniorum,
1124 1169 1192 1221 qui
1213 1183 1317 1207 nune
1338 1170 1432 1207 item
1455 1171 1633 1222 Pompeii
1654 1169 1754 1214 sunt,
1776 1169 1915 1208 domus

510 1233 797 1279 honestiffima3
830 1248 909 1286 quo
930 1236 978 1272 L.
1001 1234 1116 1272 frater
1146 1249 1255 1273 meus
1276 1236 1425 1273 summa
1445 1236 1604 1274 illorum
1631 1236 1827 1273 voluntate
1853 1235 1914 1273 di-

511 1301 640 1339 vertit.
673 1301 830 1339 Senator
852 1301 987 1354 populi
1008 1302 1193 1346 Romani,
1211 1302 1316 1353 quod
1337 1302 1375 1339 in
1397 1301 1506 1339 vobis
1526 1301 1615 1346 fuit,
1637 1302 1678 1339 in
1699 1301 1820 1341 vestro
1839 1315 1913 1355 op-

510 1367 604 1420 pido
618 1367 755 1419 jacuit,
777 1375 815 1404 et
830 1367 1068 1419 pern06h1vit
1088 1367 1128 1405 in
1148 1368 1322 1420 publico.
1355 1368 1477 1406 Nulla
1495 1367 1570 1406 hoc
1590 1368 1722 1406 civitas
1741 1381 1914 1420 unquam

510 1434 583 1471 alia
601 1432 810 1471 commifit.
833 1434 1023 1472 Amicum
1041 1434 1145 1472 enim
1166 1434 1338 1471 nostrum
1361 1434 1400 1471 in
1415 1434 1611 1486 judicium
1632 1433 1806 1472 vocabas.
1830 1435 1912 1479 Tu,

510 1499 607 1552 quid
638 1512 710 1552 ego
741 1499 922 1552 privatim
956 1500 1101 1552 negotii
1131 1513 1275 1552 geram,
1306 1500 1600 1554 interpretabere
1627 1500 1668 1538 in
1700 1500 1913 1539 minuendo

509 1564 656 1604 honore
676 1564 861 1603 senatorio
880 1565 893 1602 ?

565 1632 714 1670 Verum
735 1630 818 1670 haec
839 1641 924 1670 tum
945 1645 1162 1684 queremur,
1194 1633 1219 1671 fi
1249 1633 1344 1685 quid
1374 1633 1421 1671 de
1447 1633 1556 1672 vobis
1588 1647 1655 1687 per
1685 1647 1776 1671 eum
1806 1632 1911 1671 ordi-

510 1711 602 1735 nem
637 1705 783 1750 agetur‚
815 1698 883 1750 qui
903 1698 997 1736 ordo
1023 1712 1043 1736 a
1073 1699 1182 1738 vobis
1201 1698 1335 1737 ⁴adhuc
1365 1698 1452 1738 solis
1488 1708 1735 1752 contemptus
1767 1698 1832 1737 est.
1866 1699 1912 1737 In

511 1763 645 1815 populi
672 1763 844 1800 Romani
875 1763 1036 1815 quidem
1062 1763 1312 1817 conspeffitum
1332 1778 1410 1817 quo
1441 1778 1503 1803 ore
1537 1779 1602 1803 vos
1634 1764 1909 1803 commisistis?

510 1830 718 1881 nec‘prius
753 1828 860 1867 illam
894 1843 1067 1874 crucem,
1099 1844 1184 1883 quae
1217 1831 1333 1869 etiam
1361 1844 1465 1868 nunc
1499 1831 1594 1869 civis
1629 1831 1799 1869 Romani
1825 1830 1909 1867 san-

509 1895 626 1946 guine
657 1894 857 1939 redundat,
888 1909 973 1946 quae
1007 1895 1082 1933 fixa
1114 1896 1167 1933 est
1201 1897 1247 1934 ad
1283 1905 1454 1949 portum,
1487 1897 1700 1948 urbemque
1735 1895 1909 1940 vestram,

510 1961 717 2005 revellistis,
750 1974 873 2012 neque
893 1961 933 1998 in
954 1960 1194 2013 profundum
1224 1962 1425 2014 abjecistis,
1448 1962 1658 2015 locumque
1679 1963 1794 2000 illum
1819 1976 1910 2001 om-

508 2042 598 2066 nem
620 2028 811 2080 expiastis,
833 2042 949 2080 quam
972 2029 1158 2074 Romam,
1191 2039 1306 2082 atque
1335 2031 1376 2068 in
1407 2029 1548 2068 horum
1569 2040 1805 2069 conventum
1842 2030 1909 2068 ad-

509 2094 646 2131 iretis?
679 2094 724 2131 In
747 2094 1076 2133 Mamertinorum
1111 2095 1191 2133 solo
1221 2095 1407 2134 foederato
1438 2105 1552 2148 atque
1586 2107 1733 2150 pacato,
1766 2110 1909 2135 monu-

508 2170 688 2198 mentum
710 2159 815 2197 istius
836 2160 1071 2199 crudelitatis
1092 2162 1347 2201 constitutum
1368 2162 1433 2201 est.
1467 2163 1646 2201 Vestrane
1678 2164 1767 2201 urbs
1794 2163 1911 2200 electa

509 2227 574 2271 est,
605 2227 651 2264 ad
672 2239 789 2279 quam
817 2239 908 2264 cum
930 2227 1076 2266 adirent
1098 2242 1143 2266 ex
1166 2230 1288 2274 Italia,
1304 2243 1459 2268 crucem
1483 2230 1576 2267 civis
1598 2230 1766 2268 Romani
1786 2230 1907 2282 prius,

510 2306 627 2345 quam
648 2305 885 2344 quemquam
918 2293 1089 2330 amicum
1112 2295 1246 2346 populi
1268 2296 1438 2333 Romani
1469 2295 1638 2332 viderent
1657 2296 1669 2331 ?
1705 2308 1821 2347 quam
1843 2307 1908 2332 vos

509 2358 715 2411 Rheginis‚
738 2371 905 2410 quorum
926 2358 1071 2396 civitati
1093 2359 1286 2404 invidetis,
1320 2361 1414 2398 item
1436 2360 1572 2397 incolis
1595 2360 1736 2405 vestris,
1757 2361 1907 2398 civibus

510 2425 711 2469 Romanis,
743 2424 935 2462 ostendere
970 2424 1123 2471 soleti53
1160 2439 1238 2478 quo
1272 2426 1401 2464 minus
1436 2425 1505 2463 fibi
1539 2436 1728 2478 arrogent,
1760 2427 1909 2465 minus-

510 2504 585 2543 que
617 2504 681 2528 vos
702 2491 924 2543 despiciant,
957 2504 1048 2530 cum
1084 2492 1235 2530 videant
1261 2493 1325 2545 jus
1352 2492 1518 2531 civitatis
1539 2492 1609 2531 illo
1629 2493 1818 2547 supplicio
1838 2493 1908 2531 effe

510 2558 734 2595 maRatum.
