2201 2792
498 237 573 276 154
920 224 1010 263 IN
1080 225 1460 263 VERREM

493 318 686 357 deferendi
707 321 891 365 nominis,
923 321 985 359 sed
1015 335 1062 359 ne
1082 321 1343 360 subscribendi
1364 322 1540 374 quidem,
1573 334 1665 360 cum
1695 321 1734 359 id
1754 320 1886 373 postu-

493 383 597 428 laret,
619 384 785 423 facerent
805 386 1040 437 potestatem.

547 451 593 487 In
625 451 795 488 Siciliam
826 451 909 489 sum
929 451 1150 504 inquirendi
1170 451 1279 490 causa
1310 451 1529 504 profectus:
1562 465 1641 504 quo
1672 452 1712 489 in
1734 451 1888 503 negotio

493 515 717 553 industriam
748 530 876 554 meam
907 518 1076 555 celeritas
1097 518 1310 562 reditionis,
1343 518 1585 570 diligentiam
1605 517 1819 556 multitudo
1836 516 1887 553 li—

494 589 658 618 terarum
690 591 727 619 et
759 582 924 627 testium,
957 583 1186 627 declaravit3
1219 583 1405 635 pudorem
1437 597 1538 627 vero,
1573 596 1615 620 ac
1645 582 1887 634 religionem,

493 646 611 697 quod,
634 659 725 684 cum
747 647 926 685 veniffem
947 647 1093 686 senator
1111 648 1158 686 ad
1188 647 1307 685 socios
1337 648 1472 701 popul-i
1493 648 1676 692 Romani,
1699 648 1768 699 qui
1787 648 1829 684 in
1848 659 1891 683 ea

492 712 690 763 provincia
710 713 884 764 Qaestor
900 713 1066 759 fuiffem,
1086 714 1134 753 ad
1153 713 1319 766 hospites
1340 728 1461 759 meOS,
1475 728 1517 753 ac
1535 713 1756 752 neceffarios
1773 712 1891 750 causae

493 778 713 815 communis
736 778 906 817 defensor
925 780 1068 817 deverti
1087 780 1229 832 potius,
1260 793 1379 831 quam
1399 780 1445 818 ad
1464 793 1542 824 eos,
1570 780 1639 832 qui
1658 793 1679 817 a
1696 792 1759 817 me
1778 778 1889 816 auxi-

493 841 591 879 lium
622 843 851 894 petiviflent.
894 845 1060 882 Nemini
1090 858 1198 883 meus
1227 845 1410 883 adventus
1442 845 1577 889 labori,
1607 854 1672 882 aut
1703 843 1889 896 sumptui,

493 921 617 959 neque
633 909 806 960 publice,
836 924 960 963 neque
990 911 1169 962 privatim
1188 910 1278 949 fuit.
1310 911 1403 949 Vim
1434 912 1475 949 in
1494 910 1723 962 inquirendo
1744 919 1891 947 tantam

493 971 626 1018 habui,
654 984 837 1026 quantam
858 976 958 1013 mihi
992 977 1053 1014 lex
1073 976 1200 1021 dabat,
1235 990 1314 1014 non
1333 986 1518 1028 quantam
1547 975 1686 1013 habere
1716 983 1892 1027 poteram

493 1037 651 1076 istorum
671 1039 808 1084 studio,
837 1054 932 1092 quos
948 1041 1020 1082 ‚iste
1039 1050 1204 1078 vexarat.
1822 1085 1824 1088 ‚

546 1104 718 1144 Romam
739 1114 783 1142 ut
802 1119 850 1142 ex
871 1106 1000 1144 Sicilia
1019 1106 1127 1150 redii,
1159 1119 1252 1143 cum
1283 1105 1363 1149 iste,
1394 1115 1508 1157 atque
1527 1105 1633 1143 istius
1654 1105 1785 1150 amici,
1814 1103 1891 1143 ho-

492 1169 615 1206 mines
646 1170 755 1214 lauti,
786 1179 824 1208 et
845 1171 994 1215 urbani,
1025 1170 1216 1208 sermones
1249 1169 1517 1221 hujuscemodi
1543 1170 1784 1222 diffipaffent‚
1811 1183 1891 1221 quo

491 1234 638 1271 animos
660 1234 814 1272 testium
833 1235 1077 1279 retardarent,
1091 1248 1154 1272 me
1169 1235 1310 1286 magna
1327 1235 1491 1286 pecunia
1510 1248 1531 1271 a
1549 1248 1635 1273 vera
1653 1234 1891 1273 accusatione

493 1298 563 1336 effe
585 1299 808 1344 dedustum,
843 1300 988 1338 tametsi
1024 1300 1255 1352 probabatur
1285 1301 1447 1345 nemini,
1478 1300 1584 1352 quod
1613 1310 1651 1338 et
1681 1314 1728 1339 ex
1761 1301 1892 1340 Sicilia

492 1363 600 1401 testes
631 1374 736 1402 erant
769 1365 810 1409 ii,
843 1365 910 1416 qui
932 1364 1171 1416 Qaestorem
1192 1379 1254 1403 me
1273 1365 1314 1402 in
1335 1367 1530 1417 provincia
1550 1376 1820 1418 cognoverant,
1851 1375 1890 1404 et

492 1429 584 1467 hinc
618 1429 795 1468 homines
830 1431 1000 1469 maxime
1031 1431 1205 1476 illustres,
1237 1432 1319 1482 qui,
1352 1440 1394 1468 ut
1415 1431 1484 1483 ipsi
1505 1431 1587 1468 noti
1608 1431 1708 1476 sunt,
1730 1431 1779 1469 fic
1801 1431 1888 1470 nos-

493 1494 596 1531 trum
618 1508 940 1547 unumquemque
959 1496 1107 1548 optime
1128 1506 1295 1540 norunt3
1329 1505 1457 1533 tamen
1478 1495 1594 1547 usque
1616 1510 1661 1534 eo
1682 1496 1812 1540 timui,
1841 1509 1890 1534 ne

492 1560 578 1610 quis
601 1560 647 1598 de
666 1574 749 1598 mea
769 1560 842 1598 fide
863 1571 975 1614 atque
994 1562 1211 1614 integritate
1231 1562 1435 1607 dubitaret,
1456 1561 1577 1600 donec
1598 1562 1643 1599 ad
1664 1561 1889 1613 rejiciendos

486 1625 634 1677 judices
656 1626 846 1664 venimus.

547 1691 639 1728 VII.
684 1691 858 1728 Sciebam
891 1691 932 1728 in
964 1692 1180 1742 rejiciendis
1201 1692 1413 1744 -judicibus
1451 1692 1660 1730 nonnullos
1701 1691 1891 1731 memoria

491 1754 613 1792 nostr-a
638 1755 823 1807 pad‘tionis
845 1755 1096 1808 suspicionem
1117 1770 1195 1795 non
1216 1757 1355 1801 vitasse,
1372 1770 1465 1795 cum
1484 1757 1563 1809 ipsa
1581 1758 1621 1795 in
1637 1757 1888 1802 accusatione,

490 1827 623 1858 eorum
645 1820 825 1857 industria
844 1834 885 1858 ac
917 1821 1116 1873 diligentia
1134 1823 1371 1874 probaretur.
1414 1824 1473 1861 Ita
1502 1824 1616 1874 rejeci
1644 1823 1811 1873 judices,
1847 1830 1891 1859 ut

490 1884 564 1922 hoc
585 1885 743 1928 constet,
775 1885 857 1936 post
877 1884 982 1922 hunc
1003 1886 1142 1923 statum
1163 1887 1397 1937 reipublicae,
1426 1900 1504 1938 quo
1522 1901 1625 1924 nunc
1647 1887 1807 1932 utimur,
1840 1888 1888 1925 s1-

492 1951 577 1989 mili
598 1950 792 2002 splendore
813 1958 850 1987 et
883 1950 1070 2002 dignitate
1103 1951 1306 1988 confilium
1326 1952 1480 1990 nullum
1500 1951 1610 1990 fuisse
1628 1968 1637 1991 ε
1669 1967 1787 2005 quam
1821 1954 1890 1992 iste

492 2015 643 2052 laudem
664 2028 916 2052 communem
944 2015 995 2053 ait
1016 2016 1085 2053 fibi
1104 2015 1174 2053 effe
1204 2029 1361 2054 mecum
1380 2031 1388 2055 :
1420 2018 1502 2069 qui,
1525 2031 1618 2055 cum
1649 2020 1695 2056 P.
1719 2020 1889 2058 Galbam

486 2080 662 2132 judicem
693 2080 886 2131 rejeciffet,
919 2082 981 2119 M.
1004 2082 1231 2120 Lucretium
1253 2083 1433 2127 retinuit,-
1466 2092 1516 2128 et,
1544 2097 1636 2121 cum
1658 2085 1737 2136 ejus
1757 2095 1888 2137 patro-

491 2159 562 2183 nus
582 2159 628 2183 ex
660 2159 704 2183 eo
725 2156 920 2197 quaereret,
952 2160 1020 2184 cur
1054 2146 1138 2185 suos
1168 2146 1495 2193 familiariffimos‚
1531 2150 1616 2187 Sex.
1641 2150 1886 2195 Paeduceum,

492 2210 808 2262 QConfidium‚
831 2211 1070 2262 QJunium
1090 2212 1195 2263 rejici
1215 2212 1335 2264 passus
1354 2212 1456 2258 effet,
1478 2214 1683 2265 respondit,
1702 2215 1806 2265 quod
1824 2227 1888 2252 eos

491 2278 531 2315 in
546 2276 755 2328 judicando
776 2276 945 2314 nimium
966 2277 1021 2314 sui
1036 2278 1133 2328 juris
1155 2277 1422 2330 sententiaeque
1442 2279 1698 2330 cognosceret.

547 2343 680 2393 Itaque
709 2342 910 2393 judicibus
944 2342 1107 2393 rejeffis,
1147 2342 1341 2394 sperabam
1370 2345 1454 2395 jam
1474 2356 1570 2381 onus
1593 2357 1726 2381 meum
1757 2344 1885 2382 vobis-

493 2421 583 2445 cum
604 2408 674 2446 effe
701 2422 922 2446 commune.
955 2408 1143 2446 Putabam
1165 2422 1241 2446 non
1265 2409 1389 2447 solum
1410 2410 1525 2453 notis,
1558 2409 1617 2446 sed
1637 2411 1753 2447 etiam
1774 2411 1887 2463 igno-

493 2475 555 2518 tis,
587 2475 783 2525 probatam
815 2488 940 2512 meam
962 2474 1079 2513 fidem
1109 2474 1190 2520 effe,
1222 2484 1260 2512 et
1293 2475 1559 2527 diligentiam:
1593 2476 1697 2527 quod
1718 2491 1780 2514 me
1811 2491 1888 2515 non

492 2537 646 2578 fefellit.
678 2539 785 2578 Nam
819 2540 988 2579 comitiis
1009 2540 1118 2586 meis,
1150 2554 1241 2579 cum
1262 2541 1328 2579 iste
1359 2541 1510 2580 infinita
1537 2541 1738 2594 largitione
1758 2552 1890 2581 contra
