<?xml version="1.0" encoding="UTF-8"?>
<!DOCTYPE html PUBLIC "-//W3C//DTD XHTML 1.0 Transitional//EN"
    "http://www.w3.org/TR/xhtml1/DTD/xhtml1-transitional.dtd">
<html xmlns="http://www.w3.org/1999/xhtml" xml:lang="en" lang="en">
 <head>
  <title>
</title>
<meta http-equiv="Content-Type" content="text/html;charset=utf-8" />
  <meta name='ocr-system' content='tesseract 3.04.00' />
  <meta name='ocr-capabilities' content='ocr_page ocr_carea ocr_par ocr_line ocrx_word'/>
</head>
<body>
  <div class='ocr_page' id='page_1' title='image "./operacumindicibu04ciceuoft_0058.png"; bbox 0 0 2201 2792; ppageno 0'>
   <div class='ocr_carea' id='block_1_1' title="bbox 427 191 1307 240">
    <p class='ocr_par' dir='ltr' id='par_1_1' title="bbox 427 191 1307 240">
     <span class='ocr_line' id='line_1_1' title="bbox 427 191 1307 240; baseline 0.001 -11"><span class='ocrx_word' id='word_1_1' title='bbox 427 203 478 240; x_wconf 83' lang='lat'>42</span> <span class='ocrx_word' id='word_1_2' title='bbox 952 191 1307 230; x_wconf 84' lang='lat' dir='ltr'><strong>ORATIO</strong></span> 
     </span>
    </p>
   </div>
   <div class='ocr_carea' id='block_1_2' title="bbox 427 288 1839 2587">
    <p class='ocr_par' dir='ltr' id='par_1_2' title="bbox 427 288 1830 607">
     <span class='ocr_line' id='line_1_2' title="bbox 427 288 1828 342; baseline 0 -16"><span class='ocrx_word' id='word_1_3' title='bbox 427 288 598 327; x_wconf 76' lang='lat' dir='ltr'>verterit·</span> <span class='ocrx_word' id='word_1_4' title='bbox 623 289 645 315; x_wconf 45' lang='lat'>*³</span> <span class='ocrx_word' id='word_1_5' title='bbox 668 299 692 314; x_wconf 42' lang='grc' dir='ltr'>Ν</span> <span class='ocrx_word' id='word_1_6' title='bbox 722 289 813 340; x_wconf 81' lang='lat' dir='ltr'>Qo</span> <span class='ocrx_word' id='word_1_7' title='bbox 834 297 1006 342; x_wconf 84' lang='lat' dir='ltr'>tempore</span> <span class='ocrx_word' id='word_1_8' title='bbox 1033 291 1225 329; x_wconf 84' lang='lat' dir='ltr'>existimas</span> <span class='ocrx_word' id='word_1_9' title='bbox 1245 289 1462 342; x_wconf 72' lang='lat' dir='ltr'>oportuiss&#39;e,</span> <span class='ocrx_word' id='word_1_10' title='bbox 1484 289 1611 335; x_wconf 79' lang='lat' dir='ltr'>Naevi,</span> <span class='ocrx_word' id='word_1_11' title='bbox 1633 288 1828 327; x_wconf 77' lang='lat' dir='ltr'>absentem</span> 
     </span>
     <span class='ocr_line' id='line_1_3' title="bbox 429 354 1830 409; baseline 0 -17"><span class='ocrx_word' id='word_1_12' title='bbox 429 354 640 404; x_wconf 82' lang='lat' dir='ltr'>Qintium</span> <span class='ocrx_word' id='word_1_13' title='bbox 672 354 838 399; x_wconf 83' lang='lat' dir='ltr'>defendi,</span> <span class='ocrx_word' id='word_1_14' title='bbox 871 365 936 392; x_wconf 87' lang='lat' dir='ltr'>aut</span> <span class='ocrx_word' id='word_1_15' title='bbox 970 369 1047 408; x_wconf 86' lang='lat' dir='ltr'>quo</span> <span class='ocrx_word' id='word_1_16' title='bbox 1068 357 1214 394; x_wconf 88' lang='lat' dir='ltr'>modo?</span> <span class='ocrx_word' id='word_1_17' title='bbox 1245 358 1369 401; x_wconf 89' lang='lat' dir='ltr'>Tum,</span> <span class='ocrx_word' id='word_1_18' title='bbox 1402 370 1494 394; x_wconf 89' lang='lat' dir='ltr'>cum</span> <span class='ocrx_word' id='word_1_19' title='bbox 1524 355 1752 409; x_wconf 89' lang='lat' dir='ltr'>postulabas,</span> <span class='ocrx_word' id='word_1_20' title='bbox 1785 364 1830 392; x_wconf 82' lang='lat' dir='ltr'>ut</span> 
     </span>
     <span class='ocr_line' id='line_1_4' title="bbox 429 420 1830 475; baseline -0.001 -17"><span class='ocrx_word' id='word_1_21' title='bbox 429 420 529 458; x_wconf 87' lang='lat' dir='ltr'>bona</span> <span class='ocrx_word' id='word_1_22' title='bbox 548 421 777 473; x_wconf 77' lang='lat' dir='ltr'>poliideres?</span> <span class='ocrx_word' id='word_1_23' title='bbox 820 422 953 459; x_wconf 70' lang='lat' dir='ltr'>Nemo</span> <span class='ocrx_word' id='word_1_24' title='bbox 971 421 1095 460; x_wconf 84' lang='lat' dir='ltr'>affuit.</span> <span class='ocrx_word' id='word_1_25' title='bbox 1139 423 1279 475; x_wconf 84' lang='lat' dir='ltr'>Neque</span> <span class='ocrx_word' id='word_1_26' title='bbox 1310 423 1415 460; x_wconf 88' lang='lat' dir='ltr'>enim</span> <span class='ocrx_word' id='word_1_27' title='bbox 1436 422 1639 474; x_wconf 87' lang='lat' dir='ltr'>quisquam</span> <span class='ocrx_word' id='word_1_28' title='bbox 1661 421 1830 459; x_wconf 86' lang='lat' dir='ltr'>divinare</span> 
     </span>
     <span class='ocr_line' id='line_1_5' title="bbox 429 487 1828 541; baseline 0 -17"><span class='ocrx_word' id='word_1_29' title='bbox 429 496 591 539; x_wconf 88' lang='lat' dir='ltr'>poterat,</span> <span class='ocrx_word' id='word_1_30' title='bbox 628 497 663 525; x_wconf 85' lang='lat' dir='ltr'>te</span> <span class='ocrx_word' id='word_1_31' title='bbox 693 487 1002 539; x_wconf 83' lang='lat' dir='ltr'>postulaturum:</span> <span class='ocrx_word' id='word_1_32' title='bbox 1034 502 1159 540; x_wconf 86' lang='lat' dir='ltr'>neque</span> <span class='ocrx_word' id='word_1_33' title='bbox 1178 502 1418 541; x_wconf 83' lang='lat' dir='ltr'>quemquam</span> <span class='ocrx_word' id='word_1_34' title='bbox 1449 489 1634 526; x_wconf 84' lang='lat' dir='ltr'>attinebat</span> <span class='ocrx_word' id='word_1_35' title='bbox 1653 488 1693 526; x_wconf 92' lang='lat' dir='ltr'>id</span> <span class='ocrx_word' id='word_1_36' title='bbox 1719 501 1828 525; x_wconf 85' lang='lat' dir='ltr'>recu-</span> 
     </span>
     <span class='ocr_line' id='line_1_6' title="bbox 430 553 1707 607; baseline 0.002 -17"><span class='ocrx_word' id='word_1_37' title='bbox 430 553 519 598; x_wconf 89' lang='lat' dir='ltr'>sare,</span> <span class='ocrx_word' id='word_1_38' title='bbox 541 553 645 605; x_wconf 84' lang='lat' dir='ltr'>quod</span> <span class='ocrx_word' id='word_1_39' title='bbox 667 554 821 597; x_wconf 78' lang='lat' dir='ltr'>Praetor,</span> <span class='ocrx_word' id='word_1_40' title='bbox 845 567 923 591; x_wconf 90' lang='lat' dir='ltr'>non</span> <span class='ocrx_word' id='word_1_41' title='bbox 943 553 1039 598; x_wconf 89' lang='lat' dir='ltr'>fieri,</span> <span class='ocrx_word' id='word_1_42' title='bbox 1062 554 1123 591; x_wconf 88' lang='lat' dir='ltr'>sed</span> <span class='ocrx_word' id='word_1_43' title='bbox 1143 569 1189 593; x_wconf 84' lang='lat' dir='ltr'>ex</span> <span class='ocrx_word' id='word_1_44' title='bbox 1208 555 1333 592; x_wconf 66' lang='lat' dir='ltr'>edicto</span> <span class='ocrx_word' id='word_1_45' title='bbox 1353 555 1418 592; x_wconf 91' lang='lat' dir='ltr'>suo</span> <span class='ocrx_word' id='word_1_46' title='bbox 1435 554 1516 593; x_wconf 85' lang='lat' dir='ltr'>fieri</span> <span class='ocrx_word' id='word_1_47' title='bbox 1531 555 1707 607; x_wconf 86' lang='lat' dir='ltr'>jubebat.</span> 
     </span>
    </p>

    <p class='ocr_par' dir='ltr' id='par_1_3' title="bbox 431 618 1838 1661">
     <span class='ocr_line' id='line_1_7' title="bbox 485 618 1829 673; baseline -0.001 -17"><span class='ocrx_word' id='word_1_48' title='bbox 485 620 568 670; x_wconf 84' lang='lat' dir='ltr'>Qi</span> <span class='ocrx_word' id='word_1_49' title='bbox 588 619 695 657; x_wconf 85' lang='lat' dir='ltr'>locus</span> <span class='ocrx_word' id='word_1_50' title='bbox 715 619 834 671; x_wconf 83' lang='lat' dir='ltr'>igitur</span> <span class='ocrx_word' id='word_1_51' title='bbox 864 620 1027 657; x_wconf 83' lang='lat' dir='ltr'>absentis</span> <span class='ocrx_word' id='word_1_52' title='bbox 1059 619 1290 659; x_wconf 88' lang='lat' dir='ltr'>defendendi</span> <span class='ocrx_word' id='word_1_53' title='bbox 1321 621 1556 673; x_wconf 82' lang='lat' dir='ltr'>procuratori</span> <span class='ocrx_word' id='word_1_54' title='bbox 1585 620 1734 673; x_wconf 90' lang='lat' dir='ltr'>primus</span> <span class='ocrx_word' id='word_1_55' title='bbox 1762 618 1829 656; x_wconf 83' lang='lat' dir='ltr'>da-</span> 
     </span>
     <span class='ocr_line' id='line_1_8' title="bbox 431 684 1830 740; baseline -0.001 -17"><span class='ocrx_word' id='word_1_56' title='bbox 431 694 492 723; x_wconf 89' lang='lat' dir='ltr'>tus</span> <span class='ocrx_word' id='word_1_57' title='bbox 513 686 565 723; x_wconf 89' lang='lat' dir='ltr'>est</span> <span class='ocrx_word' id='word_1_58' title='bbox 583 686 596 722; x_wconf 89' lang='lat'>?</span> <span class='ocrx_word' id='word_1_59' title='bbox 620 687 725 724; x_wconf 88' lang='lat' dir='ltr'>Cum</span> <span class='ocrx_word' id='word_1_60' title='bbox 746 685 1002 738; x_wconf 86' lang='lat' dir='ltr'>proscribebas</span> <span class='ocrx_word' id='word_1_61' title='bbox 1021 688 1033 724; x_wconf 90' lang='lat'>?</span> <span class='ocrx_word' id='word_1_62' title='bbox 1057 687 1166 739; x_wconf 84' lang='lat' dir='ltr'>Ergo</span> <span class='ocrx_word' id='word_1_63' title='bbox 1182 686 1292 725; x_wconf 81' lang='lat' dir='ltr'>affuit</span> <span class='ocrx_word' id='word_1_64' title='bbox 1310 702 1319 724; x_wconf 72' lang='grc' dir='ltr'>ε</span> <span class='ocrx_word' id='word_1_65' title='bbox 1342 701 1419 725; x_wconf 89' lang='lat' dir='ltr'>non</span> <span class='ocrx_word' id='word_1_66' title='bbox 1439 687 1560 740; x_wconf 85' lang='lat' dir='ltr'>paffus</span> <span class='ocrx_word' id='word_1_67' title='bbox 1581 687 1656 724; x_wconf 86' lang='lat' dir='ltr'>est:</span> <span class='ocrx_word' id='word_1_68' title='bbox 1679 684 1830 723; x_wconf 85' lang='lat' dir='ltr'>libellos</span> 
     </span>
     <span class='ocr_line' id='line_1_9' title="bbox 431 750 1830 807; baseline -0.001 -18"><span class='ocrx_word' id='word_1_69' title='bbox 431 752 570 803; x_wconf 89' lang='lat' dir='ltr'>dejecit</span> <span class='ocrx_word' id='word_1_70' title='bbox 601 752 686 790; x_wconf 82' lang='lat' dir='ltr'>Sex.</span> <span class='ocrx_word' id='word_1_71' title='bbox 708 750 936 804; x_wconf 86' lang='lat' dir='ltr'>Alphenus:</span> <span class='ocrx_word' id='word_1_72' title='bbox 968 753 1037 806; x_wconf 80' lang='lat' dir='ltr'>qui</span> <span class='ocrx_word' id='word_1_73' title='bbox 1068 755 1216 807; x_wconf 84' lang='lat' dir='ltr'>primus</span> <span class='ocrx_word' id='word_1_74' title='bbox 1247 762 1325 792; x_wconf 89' lang='lat' dir='ltr'>erat</span> <span class='ocrx_word' id='word_1_75' title='bbox 1344 754 1462 792; x_wconf 89' lang='lat' dir='ltr'>officii</span> <span class='ocrx_word' id='word_1_76' title='bbox 1481 753 1634 806; x_wconf 87' lang='lat' dir='ltr'>gradus,</span> <span class='ocrx_word' id='word_1_77' title='bbox 1666 752 1830 789; x_wconf 84' lang='lat' dir='ltr'>servatus</span> 
     </span>
     <span class='ocr_line' id='line_1_10' title="bbox 431 816 1832 872; baseline -0.001 -18"><span class='ocrx_word' id='word_1_78' title='bbox 431 817 483 855; x_wconf 91' lang='lat' dir='ltr'>est</span> <span class='ocrx_word' id='word_1_79' title='bbox 504 831 523 854; x_wconf 89' lang='lat' dir='ltr'>a</span> <span class='ocrx_word' id='word_1_80' title='bbox 542 826 783 870; x_wconf 83' lang='lat' dir='ltr'>procuratore</span> <span class='ocrx_word' id='word_1_81' title='bbox 803 817 954 856; x_wconf 85' lang='lat' dir='ltr'>summa</span> <span class='ocrx_word' id='word_1_82' title='bbox 973 833 1066 857; x_wconf 91' lang='lat' dir='ltr'>cum</span> <span class='ocrx_word' id='word_1_83' title='bbox 1086 820 1298 872; x_wconf 86' lang='lat' dir='ltr'>diligentia.</span> <span class='ocrx_word' id='word_1_84' title='bbox 1330 820 1554 864; x_wconf 81' lang='lat' dir='ltr'>Videamus,</span> <span class='ocrx_word' id='word_1_85' title='bbox 1584 832 1668 870; x_wconf 82' lang='lat' dir='ltr'>quae</span> <span class='ocrx_word' id='word_1_86' title='bbox 1694 816 1832 854; x_wconf 88' lang='lat' dir='ltr'>deinde</span> 
     </span>
     <span class='ocr_line' id='line_1_11' title="bbox 431 883 1830 939; baseline -0.002 -17"><span class='ocrx_word' id='word_1_87' title='bbox 431 883 504 922; x_wconf 85' lang='lat' dir='ltr'>fint</span> <span class='ocrx_word' id='word_1_88' title='bbox 535 885 749 922; x_wconf 86' lang='lat' dir='ltr'>consecuta.</span> <span class='ocrx_word' id='word_1_89' title='bbox 792 885 1012 923; x_wconf 88' lang='lat' dir='ltr'>Hominem</span> <span class='ocrx_word' id='word_1_90' title='bbox 1038 887 1083 924; x_wconf 90' lang='lat' dir='ltr'>P.</span> <span class='ocrx_word' id='word_1_91' title='bbox 1107 887 1263 939; x_wconf 82' lang='lat' dir='ltr'>Qintii</span> <span class='ocrx_word' id='word_1_92' title='bbox 1293 885 1544 939; x_wconf 85' lang='lat' dir='ltr'>deprehendis</span> <span class='ocrx_word' id='word_1_93' title='bbox 1574 886 1615 922; x_wconf 89' lang='lat' dir='ltr'>in</span> <span class='ocrx_word' id='word_1_94' title='bbox 1643 883 1830 937; x_wconf 87' lang='lat' dir='ltr'>publico:</span> 
     </span>
     <span class='ocr_line' id='line_1_12' title="bbox 431 950 1832 1004; baseline -0.002 -16"><span class='ocrx_word' id='word_1_95' title='bbox 431 951 579 988; x_wconf 84' lang='lat' dir='ltr'>conaris</span> <span class='ocrx_word' id='word_1_96' title='bbox 599 950 800 988; x_wconf 89' lang='lat' dir='ltr'>abducere.</span> <span class='ocrx_word' id='word_1_97' title='bbox 833 950 926 989; x_wconf 92' lang='lat' dir='ltr'>Non</span> <span class='ocrx_word' id='word_1_98' title='bbox 947 952 1090 1003; x_wconf 87' lang='lat' dir='ltr'>patitur</span> <span class='ocrx_word' id='word_1_99' title='bbox 1110 951 1313 1004; x_wconf 84' lang='lat' dir='ltr'>Alphenus</span> <span class='ocrx_word' id='word_1_100' title='bbox 1333 967 1342 990; x_wconf 89' lang='lat'>:</span> <span class='ocrx_word' id='word_1_101' title='bbox 1375 953 1412 989; x_wconf 84' lang='lat' dir='ltr'>vi</span> <span class='ocrx_word' id='word_1_102' title='bbox 1433 953 1506 989; x_wconf 89' lang='lat' dir='ltr'>tibi</span> <span class='ocrx_word' id='word_1_103' title='bbox 1524 951 1685 994; x_wconf 80' lang='lat' dir='ltr'>adimit3</span> <span class='ocrx_word' id='word_1_104' title='bbox 1711 957 1832 991; x_wconf 81' lang='lat' dir='ltr'>curat,</span> 
     </span>
     <span class='ocr_line' id='line_1_13' title="bbox 433 1013 1836 1068; baseline -0.002 -15"><span class='ocrx_word' id='word_1_105' title='bbox 433 1025 475 1053; x_wconf 87' lang='lat' dir='ltr'>ut</span> <span class='ocrx_word' id='word_1_106' title='bbox 495 1016 659 1054; x_wconf 90' lang='lat' dir='ltr'>domum</span> <span class='ocrx_word' id='word_1_107' title='bbox 680 1015 880 1053; x_wconf 82' lang='lat' dir='ltr'>reducatur</span> <span class='ocrx_word' id='word_1_108' title='bbox 900 1017 945 1054; x_wconf 90' lang='lat' dir='ltr'>ad</span> <span class='ocrx_word' id='word_1_109' title='bbox 967 1017 1193 1067; x_wconf 83' lang='lat' dir='ltr'>Qintium.</span> <span class='ocrx_word' id='word_1_110' title='bbox 1240 1017 1321 1054; x_wconf 84' lang='lat' dir='ltr'>Hic</span> <span class='ocrx_word' id='word_1_111' title='bbox 1342 1030 1499 1068; x_wconf 88' lang='lat' dir='ltr'>quoque</span> <span class='ocrx_word' id='word_1_112' title='bbox 1518 1016 1669 1053; x_wconf 89' lang='lat' dir='ltr'>summe</span> <span class='ocrx_word' id='word_1_113' title='bbox 1688 1013 1836 1051; x_wconf 87' lang='lat' dir='ltr'>constat</span> 
     </span>
     <span class='ocr_line' id='line_1_14' title="bbox 431 1079 1831 1134; baseline -0.003 -15"><span class='ocrx_word' id='word_1_114' title='bbox 431 1082 684 1134; x_wconf 84' lang='lat' dir='ltr'>procuratoris</span> <span class='ocrx_word' id='word_1_115' title='bbox 716 1081 912 1132; x_wconf 84' lang='lat' dir='ltr'>diligentis</span> <span class='ocrx_word' id='word_1_116' title='bbox 946 1081 1135 1119; x_wconf 86' lang='lat' dir='ltr'>officium.</span> <span class='ocrx_word' id='word_1_117' title='bbox 1182 1081 1337 1119; x_wconf 87' lang='lat' dir='ltr'>Debere</span> <span class='ocrx_word' id='word_1_118' title='bbox 1371 1081 1444 1119; x_wconf 82' lang='lat' dir='ltr'>tibi</span> <span class='ocrx_word' id='word_1_119' title='bbox 1474 1081 1568 1118; x_wconf 90' lang='lat' dir='ltr'>dicis</span> <span class='ocrx_word' id='word_1_120' title='bbox 1603 1079 1831 1130; x_wconf 87' lang='lat' dir='ltr'>Qintium.</span> 
     </span>
     <span class='ocr_line' id='line_1_15' title="bbox 432 1146 1833 1198; baseline -0.004 -11"><span class='ocrx_word' id='word_1_121' title='bbox 432 1150 660 1187; x_wconf 78' lang='lat' dir='ltr'>Procurator</span> <span class='ocrx_word' id='word_1_122' title='bbox 692 1156 818 1198; x_wconf 85' lang='lat' dir='ltr'>negat.</span> <span class='ocrx_word' id='word_1_123' title='bbox 851 1147 991 1183; x_wconf 78' lang='lat' dir='ltr'>vadari</span> <span class='ocrx_word' id='word_1_124' title='bbox 1011 1148 1094 1184; x_wconf 89' lang='lat' dir='ltr'>vis:</span> <span class='ocrx_word' id='word_1_125' title='bbox 1127 1148 1335 1198; x_wconf 88' lang='lat' dir='ltr'>promittit.</span> <span class='ocrx_word' id='word_1_126' title='bbox 1378 1148 1424 1184; x_wconf 88' lang='lat' dir='ltr'>In</span> <span class='ocrx_word' id='word_1_127' title='bbox 1449 1147 1514 1197; x_wconf 83' lang='lat' dir='ltr'>jus</span> <span class='ocrx_word' id='word_1_128' title='bbox 1534 1159 1672 1184; x_wconf 87' lang='lat' dir='ltr'>vocas:</span> <span class='ocrx_word' id='word_1_129' title='bbox 1705 1146 1833 1197; x_wconf 88' lang='lat' dir='ltr'>sequi—</span> 
     </span>
     <span class='ocr_line' id='line_1_16' title="bbox 433 1210 1835 1264; baseline -0.003 -12"><span class='ocrx_word' id='word_1_130' title='bbox 433 1224 508 1253; x_wconf 90' lang='lat' dir='ltr'>tur.</span> <span class='ocrx_word' id='word_1_131' title='bbox 540 1213 742 1264; x_wconf 89' lang='lat' dir='ltr'>Judicium</span> <span class='ocrx_word' id='word_1_132' title='bbox 764 1211 955 1264; x_wconf 87' lang='lat' dir='ltr'>postulas:</span> <span class='ocrx_word' id='word_1_133' title='bbox 987 1225 1063 1249; x_wconf 90' lang='lat' dir='ltr'>non</span> <span class='ocrx_word' id='word_1_134' title='bbox 1086 1212 1242 1250; x_wconf 87' lang='lat' dir='ltr'>recusat.</span> <span class='ocrx_word' id='word_1_135' title='bbox 1291 1212 1400 1264; x_wconf 83' lang='lat' dir='ltr'>Qid</span> <span class='ocrx_word' id='word_1_136' title='bbox 1430 1211 1534 1249; x_wconf 89' lang='lat' dir='ltr'>aliud</span> <span class='ocrx_word' id='word_1_137' title='bbox 1564 1211 1608 1249; x_wconf 86' lang='lat' dir='ltr'>fit</span> <span class='ocrx_word' id='word_1_138' title='bbox 1638 1210 1835 1249; x_wconf 84' lang='lat' dir='ltr'>absentem</span> 
     </span>
     <span class='ocr_line' id='line_1_17' title="bbox 434 1276 1836 1330; baseline -0.003 -13"><span class='ocrx_word' id='word_1_139' title='bbox 434 1279 600 1322; x_wconf 87' lang='lat' dir='ltr'>defendi,</span> <span class='ocrx_word' id='word_1_140' title='bbox 623 1291 694 1330; x_wconf 86' lang='lat' dir='ltr'>ego</span> <span class='ocrx_word' id='word_1_141' title='bbox 714 1290 792 1315; x_wconf 89' lang='lat' dir='ltr'>non</span> <span class='ocrx_word' id='word_1_142' title='bbox 808 1276 999 1328; x_wconf 79' lang='lat' dir='ltr'>intelllgo.</span> <span class='ocrx_word' id='word_1_143' title='bbox 1045 1279 1100 1314; x_wconf 92' lang='lat' dir='ltr'>At</span> <span class='ocrx_word' id='word_1_144' title='bbox 1120 1277 1206 1328; x_wconf 89' lang='lat' dir='ltr'>quis</span> <span class='ocrx_word' id='word_1_145' title='bbox 1227 1286 1305 1314; x_wconf 88' lang='lat' dir='ltr'>erat</span> <span class='ocrx_word' id='word_1_146' title='bbox 1330 1277 1583 1330; x_wconf 90' lang='lat' dir='ltr'>procurator?</span> <span class='ocrx_word' id='word_1_147' title='bbox 1616 1276 1742 1314; x_wconf 88' lang='lat' dir='ltr'>Credo</span> <span class='ocrx_word' id='word_1_148' title='bbox 1761 1276 1836 1313; x_wconf 89' lang='lat' dir='ltr'>ali-</span> 
     </span>
     <span class='ocr_line' id='line_1_18' title="bbox 435 1342 1835 1399; baseline -0.003 -15"><span class='ocrx_word' id='word_1_149' title='bbox 435 1360 552 1399; x_wconf 87' lang='lat' dir='ltr'>quem</span> <span class='ocrx_word' id='word_1_150' title='bbox 581 1346 745 1397; x_wconf 61' lang='lat' dir='ltr'>ejeffitum</span> <span class='ocrx_word' id='word_1_151' title='bbox 778 1342 981 1381; x_wconf 89' lang='lat' dir='ltr'>hominem</span> <span class='ocrx_word' id='word_1_152' title='bbox 1012 1353 1207 1396; x_wconf 84' lang='lat' dir='ltr'>egentem,</span> <span class='ocrx_word' id='word_1_153' title='bbox 1236 1344 1464 1396; x_wconf 87' lang='lat' dir='ltr'>litigiosum,</span> <span class='ocrx_word' id='word_1_154' title='bbox 1496 1344 1736 1396; x_wconf 88' lang='lat' dir='ltr'>improbum,</span> <span class='ocrx_word' id='word_1_155' title='bbox 1766 1343 1835 1394; x_wconf 89' lang='lat' dir='ltr'>qui</span> 
     </span>
     <span class='ocr_line' id='line_1_19' title="bbox 434 1408 1836 1465; baseline -0.004 -14"><span class='ocrx_word' id='word_1_156' title='bbox 434 1411 553 1465; x_wconf 80' lang='lat' dir='ltr'>poffet</span> <span class='ocrx_word' id='word_1_157' title='bbox 586 1412 718 1450; x_wconf 83' lang='lat' dir='ltr'>scurrae</span> <span class='ocrx_word' id='word_1_158' title='bbox 749 1409 880 1447; x_wconf 87' lang='lat' dir='ltr'>divitis</span> <span class='ocrx_word' id='word_1_159' title='bbox 916 1409 1188 1461; x_wconf 84' lang='lat' dir='ltr'>quotidianum</span> <span class='ocrx_word' id='word_1_160' title='bbox 1224 1410 1447 1447; x_wconf 82' lang='lat' dir='ltr'>convicium</span> <span class='ocrx_word' id='word_1_161' title='bbox 1479 1409 1670 1447; x_wconf 83' lang='lat' dir='ltr'>sustinere.</span> <span class='ocrx_word' id='word_1_162' title='bbox 1717 1408 1836 1447; x_wconf 90' lang='lat' dir='ltr'>Nihil</span> 
     </span>
     <span class='ocr_line' id='line_1_20' title="bbox 435 1474 1838 1529; baseline -0.004 -12"><span class='ocrx_word' id='word_1_163' title='bbox 435 1480 581 1516; x_wconf 86' lang='lat' dir='ltr'>minus.</span> <span class='ocrx_word' id='word_1_164' title='bbox 613 1478 742 1529; x_wconf 87' lang='lat' dir='ltr'>Eques</span> <span class='ocrx_word' id='word_1_165' title='bbox 765 1475 965 1513; x_wconf 89' lang='lat' dir='ltr'>Romanus</span> <span class='ocrx_word' id='word_1_166' title='bbox 986 1475 1172 1526; x_wconf 87' lang='lat' dir='ltr'>locuples,</span> <span class='ocrx_word' id='word_1_167' title='bbox 1203 1474 1258 1512; x_wconf 89' lang='lat' dir='ltr'>sui</span> <span class='ocrx_word' id='word_1_168' title='bbox 1286 1475 1432 1527; x_wconf 86' lang='lat' dir='ltr'>negotii</span> <span class='ocrx_word' id='word_1_169' title='bbox 1458 1475 1554 1513; x_wconf 91' lang='lat' dir='ltr'>bene</span> <span class='ocrx_word' id='word_1_170' title='bbox 1575 1488 1732 1527; x_wconf 87' lang='lat' dir='ltr'>gerens:</span> <span class='ocrx_word' id='word_1_171' title='bbox 1765 1476 1838 1512; x_wconf 86' lang='lat' dir='ltr'>de-</span> 
     </span>
     <span class='ocr_line' id='line_1_21' title="bbox 434 1540 1837 1598; baseline -0.004 -14"><span class='ocrx_word' id='word_1_172' title='bbox 434 1546 554 1598; x_wconf 87' lang='lat' dir='ltr'>nique</span> <span class='ocrx_word' id='word_1_173' title='bbox 573 1545 619 1588; x_wconf 88' lang='lat' dir='ltr'>is,</span> <span class='ocrx_word' id='word_1_174' title='bbox 642 1555 774 1595; x_wconf 89' lang='lat' dir='ltr'>quem,</span> <span class='ocrx_word' id='word_1_175' title='bbox 797 1541 946 1594; x_wconf 88' lang='lat' dir='ltr'>quoties</span> <span class='ocrx_word' id='word_1_176' title='bbox 967 1540 1126 1579; x_wconf 83' lang='lat' dir='ltr'>Naevius</span> <span class='ocrx_word' id='word_1_177' title='bbox 1147 1541 1190 1578; x_wconf 86' lang='lat' dir='ltr'>in</span> <span class='ocrx_word' id='word_1_178' title='bbox 1205 1541 1376 1580; x_wconf 81' lang='lat' dir='ltr'>Galliam</span> <span class='ocrx_word' id='word_1_179' title='bbox 1396 1540 1587 1594; x_wconf 67' lang='lat' dir='ltr'>profeous</span> <span class='ocrx_word' id='word_1_180' title='bbox 1603 1541 1668 1586; x_wconf 86' lang='lat' dir='ltr'>est,</span> <span class='ocrx_word' id='word_1_181' title='bbox 1690 1555 1837 1594; x_wconf 89' lang='lat' dir='ltr'>procu-</span> 
     </span>
     <span class='ocr_line' id='line_1_22' title="bbox 435 1608 948 1661; baseline -0.008 -11"><span class='ocrx_word' id='word_1_182' title='bbox 435 1621 600 1650; x_wconf 84' lang='lat' dir='ltr'>ratorem</span> <span class='ocrx_word' id='word_1_183' title='bbox 619 1610 757 1647; x_wconf 87' lang='lat' dir='ltr'>Romae</span> <span class='ocrx_word' id='word_1_184' title='bbox 778 1608 948 1661; x_wconf 88' lang='lat' dir='ltr'>reliquit.</span> 
     </span>
    </p>

    <p class='ocr_par' dir='ltr' id='par_1_4' title="bbox 430 1675 1839 1992">
     <span class='ocr_line' id='line_1_23' title="bbox 490 1675 1839 1730; baseline -0.002 -14"><span class='ocrx_word' id='word_1_185' title='bbox 490 1678 582 1716; x_wconf 92' lang='lat' dir='ltr'>XX.</span> <span class='ocrx_word' id='word_1_186' title='bbox 616 1677 668 1714; x_wconf 87' lang='lat' dir='ltr'>Et</span> <span class='ocrx_word' id='word_1_187' title='bbox 696 1675 823 1720; x_wconf 87' lang='lat' dir='ltr'>audes,</span> <span class='ocrx_word' id='word_1_188' title='bbox 861 1678 945 1714; x_wconf 85' lang='lat' dir='ltr'>Sex.</span> <span class='ocrx_word' id='word_1_189' title='bbox 979 1676 1106 1722; x_wconf 86' lang='lat' dir='ltr'>Naevi,</span> <span class='ocrx_word' id='word_1_190' title='bbox 1137 1690 1273 1730; x_wconf 84' lang='lat' dir='ltr'>negare</span> <span class='ocrx_word' id='word_1_191' title='bbox 1306 1677 1500 1716; x_wconf 85' lang='lat' dir='ltr'>absentem</span> <span class='ocrx_word' id='word_1_192' title='bbox 1532 1675 1729 1714; x_wconf 85' lang='lat' dir='ltr'>defensum</span> <span class='ocrx_word' id='word_1_193' title='bbox 1764 1676 1839 1714; x_wconf 75' lang='lat' dir='ltr'>esse</span> 
     </span>
     <span class='ocr_line' id='line_1_24' title="bbox 437 1741 1835 1797; baseline -0.002 -15"><span class='ocrx_word' id='word_1_194' title='bbox 437 1744 664 1797; x_wconf 87' lang='lat' dir='ltr'>Qintium,</span> <span class='ocrx_word' id='word_1_195' title='bbox 686 1755 778 1780; x_wconf 91' lang='lat' dir='ltr'>cum</span> <span class='ocrx_word' id='word_1_196' title='bbox 797 1755 888 1780; x_wconf 90' lang='lat' dir='ltr'>eum</span> <span class='ocrx_word' id='word_1_197' title='bbox 909 1741 1122 1780; x_wconf 87' lang='lat' dir='ltr'>defenderit</span> <span class='ocrx_word' id='word_1_198' title='bbox 1142 1743 1260 1788; x_wconf 89' lang='lat' dir='ltr'>idem,</span> <span class='ocrx_word' id='word_1_199' title='bbox 1283 1744 1351 1795; x_wconf 91' lang='lat' dir='ltr'>qui</span> <span class='ocrx_word' id='word_1_200' title='bbox 1372 1753 1409 1781; x_wconf 90' lang='lat' dir='ltr'>te</span> <span class='ocrx_word' id='word_1_201' title='bbox 1430 1743 1599 1781; x_wconf 86' lang='lat' dir='ltr'>solebat?</span> <span class='ocrx_word' id='word_1_202' title='bbox 1623 1751 1673 1786; x_wconf 90' lang='lat' dir='ltr'>et,</span> <span class='ocrx_word' id='word_1_203' title='bbox 1691 1755 1783 1780; x_wconf 91' lang='lat' dir='ltr'>cum</span> <span class='ocrx_word' id='word_1_204' title='bbox 1803 1743 1835 1779; x_wconf 88' lang='lat' dir='ltr'>is</span> 
     </span>
     <span class='ocr_line' id='line_1_25' title="bbox 430 1808 1837 1863; baseline -0.002 -15"><span class='ocrx_word' id='word_1_205' title='bbox 430 1811 624 1863; x_wconf 85' lang='lat' dir='ltr'>judicium</span> <span class='ocrx_word' id='word_1_206' title='bbox 656 1809 841 1860; x_wconf 89' lang='lat' dir='ltr'>acceperit</span> <span class='ocrx_word' id='word_1_207' title='bbox 861 1822 930 1860; x_wconf 92' lang='lat' dir='ltr'>pro</span> <span class='ocrx_word' id='word_1_208' title='bbox 951 1809 1133 1858; x_wconf 67' lang='lat' dir='ltr'>Qinfio,</span> <span class='ocrx_word' id='word_1_209' title='bbox 1161 1810 1225 1846; x_wconf 90' lang='lat' dir='ltr'>cui</span> <span class='ocrx_word' id='word_1_210' title='bbox 1256 1819 1299 1847; x_wconf 89' lang='lat' dir='ltr'>tu</span> <span class='ocrx_word' id='word_1_211' title='bbox 1318 1819 1355 1847; x_wconf 86' lang='lat' dir='ltr'>et</span> <span class='ocrx_word' id='word_1_212' title='bbox 1376 1823 1471 1853; x_wconf 91' lang='lat' dir='ltr'>rem,</span> <span class='ocrx_word' id='word_1_213' title='bbox 1506 1819 1543 1846; x_wconf 92' lang='lat' dir='ltr'>et</span> <span class='ocrx_word' id='word_1_214' title='bbox 1562 1808 1708 1846; x_wconf 86' lang='lat' dir='ltr'>famam</span> <span class='ocrx_word' id='word_1_215' title='bbox 1729 1817 1837 1846; x_wconf 86' lang='lat' dir='ltr'>tuam</span> 
     </span>
     <span class='ocr_line' id='line_1_26' title="bbox 437 1872 1836 1925; baseline -0.003 -10"><span class='ocrx_word' id='word_1_216' title='bbox 437 1875 707 1915; x_wconf 89' lang='lat' dir='ltr'>commendare</span> <span class='ocrx_word' id='word_1_217' title='bbox 726 1873 982 1925; x_wconf 85' lang='lat' dir='ltr'>proficiscens,</span> <span class='ocrx_word' id='word_1_218' title='bbox 1003 1882 1041 1911; x_wconf 91' lang='lat' dir='ltr'>et</span> <span class='ocrx_word' id='word_1_219' title='bbox 1061 1875 1288 1912; x_wconf 88' lang='lat' dir='ltr'>concredere</span> <span class='ocrx_word' id='word_1_220' title='bbox 1307 1875 1448 1912; x_wconf 89' lang='lat' dir='ltr'>solebas</span> <span class='ocrx_word' id='word_1_221' title='bbox 1466 1893 1478 1919; x_wconf 81' lang='lat'>3</span> <span class='ocrx_word' id='word_1_222' title='bbox 1510 1874 1657 1912; x_wconf 82' lang='lat' dir='ltr'>conaris</span> <span class='ocrx_word' id='word_1_223' title='bbox 1679 1872 1754 1911; x_wconf 91' lang='lat' dir='ltr'>hoc</span> <span class='ocrx_word' id='word_1_224' title='bbox 1775 1874 1836 1911; x_wconf 89' lang='lat' dir='ltr'>di-</span> 
     </span>
     <span class='ocr_line' id='line_1_27' title="bbox 438 1939 1708 1992; baseline -0.002 -12"><span class='ocrx_word' id='word_1_225' title='bbox 438 1956 535 1987; x_wconf 89' lang='lat' dir='ltr'>cere,</span> <span class='ocrx_word' id='word_1_226' title='bbox 558 1941 755 1979; x_wconf 82' lang='lat' dir='ltr'>neminem</span> <span class='ocrx_word' id='word_1_227' title='bbox 776 1939 951 1983; x_wconf 73' lang='lat' dir='ltr'>extitisse,</span> <span class='ocrx_word' id='word_1_228' title='bbox 973 1939 1041 1991; x_wconf 83' lang='lat' dir='ltr'>qui</span> <span class='ocrx_word' id='word_1_229' title='bbox 1062 1940 1273 1989; x_wconf 85' lang='lat' dir='ltr'>Qintium</span> <span class='ocrx_word' id='word_1_230' title='bbox 1289 1941 1445 1992; x_wconf 85' lang='lat' dir='ltr'>judicio.</span> <span class='ocrx_word' id='word_1_231' title='bbox 1461 1939 1708 1978; x_wconf 85' lang='lat' dir='ltr'>defenderet?</span> 
     </span>
    </p>

    <p class='ocr_par' dir='ltr' id='par_1_5' title="bbox 435 2004 1839 2587">
     <span class='ocr_line' id='line_1_28' title="bbox 495 2004 1836 2058; baseline -0.001 -13"><span class='ocrx_word' id='word_1_232' title='bbox 495 2006 751 2049; x_wconf 72' lang='lat' dir='ltr'>postulabam,</span> <span class='ocrx_word' id='word_1_233' title='bbox 775 2005 916 2056; x_wconf 91' lang='lat' dir='ltr'>inquit,</span> <span class='ocrx_word' id='word_1_234' title='bbox 934 2014 977 2042; x_wconf 89' lang='lat' dir='ltr'>ut</span> <span class='ocrx_word' id='word_1_235' title='bbox 998 2004 1197 2042; x_wconf 86' lang='lat' dir='ltr'>satisdaret.</span> <span class='ocrx_word' id='word_1_236' title='bbox 1230 2005 1376 2057; x_wconf 72' lang='lat' dir='ltr'>Injuria</span> <span class='ocrx_word' id='word_1_237' title='bbox 1391 2005 1618 2058; x_wconf 86' lang='lat' dir='ltr'>postulabas.</span> <span class='ocrx_word' id='word_1_238' title='bbox 1652 2007 1709 2043; x_wconf 88' lang='lat' dir='ltr'>Ita</span> <span class='ocrx_word' id='word_1_239' title='bbox 1729 2006 1836 2044; x_wconf 87' lang='lat' dir='ltr'>vide-</span> 
     </span>
     <span class='ocr_line' id='line_1_29' title="bbox 438 2069 1837 2122; baseline -0.002 -10"><span class='ocrx_word' id='word_1_240' title='bbox 438 2075 539 2112; x_wconf 82' lang='lat' dir='ltr'>bare.</span> <span class='ocrx_word' id='word_1_241' title='bbox 564 2071 776 2110; x_wconf 86' lang='lat' dir='ltr'>Recusabat</span> <span class='ocrx_word' id='word_1_242' title='bbox 795 2069 1013 2122; x_wconf 87' lang='lat' dir='ltr'>Alphenus.</span> <span class='ocrx_word' id='word_1_243' title='bbox 1046 2071 1129 2108; x_wconf 88' lang='lat' dir='ltr'>Ita:</span> <span class='ocrx_word' id='word_1_244' title='bbox 1153 2084 1286 2109; x_wconf 90' lang='lat' dir='ltr'>verum</span> <span class='ocrx_word' id='word_1_245' title='bbox 1307 2071 1451 2109; x_wconf 81' lang='lat' dir='ltr'>Praetor</span> <span class='ocrx_word' id='word_1_246' title='bbox 1471 2071 1709 2109; x_wconf 85' lang='lat' dir='ltr'>decernebat.</span> <span class='ocrx_word' id='word_1_247' title='bbox 1742 2072 1837 2109; x_wconf 86' lang='lat' dir='ltr'>Tri-</span> 
     </span>
     <span class='ocr_line' id='line_1_30' title="bbox 441 2137 1838 2191; baseline -0.002 -13"><span class='ocrx_word' id='word_1_248' title='bbox 441 2140 535 2178; x_wconf 88' lang='lat' dir='ltr'>buni</span> <span class='ocrx_word' id='word_1_249' title='bbox 555 2140 673 2191; x_wconf 85' lang='lat' dir='ltr'>igitur</span> <span class='ocrx_word' id='word_1_250' title='bbox 693 2137 997 2190; x_wconf 84' lang='lat' dir='ltr'>appellabantur.</span> <span class='ocrx_word' id='word_1_251' title='bbox 1042 2137 1121 2175; x_wconf 92' lang='lat' dir='ltr'>Hic</span> <span class='ocrx_word' id='word_1_252' title='bbox 1142 2146 1193 2181; x_wconf 89' lang='lat' dir='ltr'>te,</span> <span class='ocrx_word' id='word_1_253' title='bbox 1230 2138 1372 2189; x_wconf 87' lang='lat' dir='ltr'>inquit,</span> <span class='ocrx_word' id='word_1_254' title='bbox 1401 2147 1510 2176; x_wconf 90' lang='lat' dir='ltr'>teneo</span> <span class='ocrx_word' id='word_1_255' title='bbox 1529 2153 1536 2176; x_wconf 93' lang='lat'><strong>:</strong></span> <span class='ocrx_word' id='word_1_256' title='bbox 1570 2152 1648 2175; x_wconf 88' lang='lat' dir='ltr'>non</span> <span class='ocrx_word' id='word_1_257' title='bbox 1669 2137 1722 2175; x_wconf 90' lang='lat' dir='ltr'>est</span> <span class='ocrx_word' id='word_1_258' title='bbox 1739 2137 1838 2175; x_wconf 90' lang='lat' dir='ltr'>istud</span> 
     </span>
     <span class='ocr_line' id='line_1_31' title="bbox 435 2202 1837 2257; baseline -0.003 -14"><span class='ocrx_word' id='word_1_259' title='bbox 435 2205 630 2257; x_wconf 86' lang='lat' dir='ltr'>judicium</span> <span class='ocrx_word' id='word_1_260' title='bbox 652 2204 754 2256; x_wconf 84' lang='lat' dir='ltr'>pati,</span> <span class='ocrx_word' id='word_1_261' title='bbox 790 2215 914 2254; x_wconf 90' lang='lat' dir='ltr'>neque</span> <span class='ocrx_word' id='word_1_262' title='bbox 939 2203 1090 2254; x_wconf 84' lang='lat' dir='ltr'>judicio</span> <span class='ocrx_word' id='word_1_263' title='bbox 1124 2202 1338 2247; x_wconf 88' lang='lat' dir='ltr'>defendere,</span> <span class='ocrx_word' id='word_1_264' title='bbox 1370 2217 1462 2241; x_wconf 87' lang='lat' dir='ltr'>cum</span> <span class='ocrx_word' id='word_1_265' title='bbox 1494 2204 1683 2241; x_wconf 84' lang='lat' dir='ltr'>auxilium</span> <span class='ocrx_word' id='word_1_266' title='bbox 1715 2216 1736 2239; x_wconf 89' lang='lat' dir='ltr'>a</span> <span class='ocrx_word' id='word_1_267' title='bbox 1766 2204 1837 2240; x_wconf 86' lang='lat' dir='ltr'>tri-</span> 
     </span>
     <span class='ocr_line' id='line_1_32' title="bbox 442 2268 1838 2323; baseline -0.003 -14"><span class='ocrx_word' id='word_1_268' title='bbox 442 2272 553 2309; x_wconf 83' lang='lat' dir='ltr'>bunis</span> <span class='ocrx_word' id='word_1_269' title='bbox 575 2280 691 2323; x_wconf 86' lang='lat' dir='ltr'>petas.</span> <span class='ocrx_word' id='word_1_270' title='bbox 735 2269 826 2306; x_wconf 89' lang='lat' dir='ltr'>Hoc</span> <span class='ocrx_word' id='word_1_271' title='bbox 851 2282 937 2320; x_wconf 81' lang='lat' dir='ltr'>ege,</span> <span class='ocrx_word' id='word_1_272' title='bbox 971 2281 1063 2305; x_wconf 91' lang='lat' dir='ltr'>cum</span> <span class='ocrx_word' id='word_1_273' title='bbox 1097 2269 1251 2306; x_wconf 87' lang='lat' dir='ltr'>attendo</span> <span class='ocrx_word' id='word_1_274' title='bbox 1281 2282 1357 2320; x_wconf 88' lang='lat' dir='ltr'>qua</span> <span class='ocrx_word' id='word_1_275' title='bbox 1377 2269 1578 2321; x_wconf 85' lang='lat' dir='ltr'>prudentia</span> <span class='ocrx_word' id='word_1_276' title='bbox 1598 2268 1642 2306; x_wconf 83' lang='lat' dir='ltr'>sit</span> <span class='ocrx_word' id='word_1_277' title='bbox 1663 2269 1838 2306; x_wconf 89' lang='lat' dir='ltr'>Horten-</span> 
     </span>
     <span class='ocr_line' id='line_1_33' title="bbox 442 2333 1838 2380; baseline -0.003 -6"><span class='ocrx_word' id='word_1_278' title='bbox 442 2337 528 2380; x_wconf 82' lang='lat' dir='ltr'>sius,</span> <span class='ocrx_word' id='word_1_279' title='bbox 549 2336 744 2373; x_wconf 56' lang='lat' dir='ltr'>disturum</span> <span class='ocrx_word' id='word_1_280' title='bbox 773 2333 845 2371; x_wconf 82' lang='lat' dir='ltr'>effe</span> <span class='ocrx_word' id='word_1_281' title='bbox 874 2346 965 2371; x_wconf 90' lang='lat' dir='ltr'>eum</span> <span class='ocrx_word' id='word_1_282' title='bbox 986 2346 1063 2371; x_wconf 89' lang='lat' dir='ltr'>non</span> <span class='ocrx_word' id='word_1_283' title='bbox 1083 2333 1257 2371; x_wconf 87' lang='lat' dir='ltr'>arbitror.</span> <span class='ocrx_word' id='word_1_284' title='bbox 1303 2335 1410 2371; x_wconf 89' lang='lat' dir='ltr'>Cum</span> <span class='ocrx_word' id='word_1_285' title='bbox 1430 2344 1558 2372; x_wconf 89' lang='lat' dir='ltr'>autem</span> <span class='ocrx_word' id='word_1_286' title='bbox 1578 2343 1686 2371; x_wconf 83' lang='lat' dir='ltr'>antea</span> <span class='ocrx_word' id='word_1_287' title='bbox 1706 2333 1838 2371; x_wconf 80' lang='lat' dir='ltr'>dixiffe</span> 
     </span>
     <span class='ocr_line' id='line_1_34' title="bbox 441 2399 1839 2452; baseline -0.001 -13"><span class='ocrx_word' id='word_1_288' title='bbox 441 2403 566 2446; x_wconf 83' lang='lat' dir='ltr'>audio,</span> <span class='ocrx_word' id='word_1_289' title='bbox 598 2411 636 2439; x_wconf 90' lang='lat' dir='ltr'>et</span> <span class='ocrx_word' id='word_1_290' title='bbox 669 2400 818 2438; x_wconf 91' lang='lat' dir='ltr'>causam</span> <span class='ocrx_word' id='word_1_291' title='bbox 853 2399 974 2452; x_wconf 87' lang='lat' dir='ltr'>ipsam</span> <span class='ocrx_word' id='word_1_292' title='bbox 1007 2400 1230 2444; x_wconf 80' lang='lat' dir='ltr'>confidere,</span> <span class='ocrx_word' id='word_1_293' title='bbox 1275 2400 1371 2451; x_wconf 88' lang='lat' dir='ltr'>quid</span> <span class='ocrx_word' id='word_1_294' title='bbox 1402 2399 1505 2437; x_wconf 89' lang='lat' dir='ltr'>aliud</span> <span class='ocrx_word' id='word_1_295' title='bbox 1539 2399 1663 2438; x_wconf 88' lang='lat' dir='ltr'>dicere</span> <span class='ocrx_word' id='word_1_296' title='bbox 1703 2399 1839 2452; x_wconf 72' lang='lat' dir='ltr'>postit,</span> 
     </span>
     <span class='ocr_line' id='line_1_35' title="bbox 443 2464 1839 2519; baseline -0.002 -14"><span class='ocrx_word' id='word_1_297' title='bbox 443 2481 521 2506; x_wconf 91' lang='lat' dir='ltr'>non</span> <span class='ocrx_word' id='word_1_298' title='bbox 542 2467 700 2519; x_wconf 86' lang='lat' dir='ltr'>reperio.</span> <span class='ocrx_word' id='word_1_299' title='bbox 744 2467 901 2505; x_wconf 88' lang='lat' dir='ltr'>Fatetur</span> <span class='ocrx_word' id='word_1_300' title='bbox 934 2465 1041 2503; x_wconf 87' lang='lat' dir='ltr'>enim</span> <span class='ocrx_word' id='word_1_301' title='bbox 1072 2466 1224 2504; x_wconf 90' lang='lat' dir='ltr'>libellos</span> <span class='ocrx_word' id='word_1_302' title='bbox 1244 2464 1474 2518; x_wconf 87' lang='lat' dir='ltr'>Alphenum</span> <span class='ocrx_word' id='word_1_303' title='bbox 1501 2465 1700 2518; x_wconf 71' lang='lat' dir='ltr'>dejeciffe5</span> <span class='ocrx_word' id='word_1_304' title='bbox 1732 2466 1839 2503; x_wconf 90' lang='lat' dir='ltr'>vadi-</span> 
     </span>
     <span class='ocr_line' id='line_1_36' title="bbox 443 2531 1838 2587; baseline -0.003 -14"><span class='ocrx_word' id='word_1_305' title='bbox 443 2532 622 2573; x_wconf 88' lang='lat' dir='ltr'>monium</span> <span class='ocrx_word' id='word_1_306' title='bbox 656 2531 887 2586; x_wconf 77' lang='lat' dir='ltr'>promisiffe5</span> <span class='ocrx_word' id='word_1_307' title='bbox 913 2531 1110 2585; x_wconf 86' lang='lat' dir='ltr'>judicium</span> <span class='ocrx_word' id='word_1_308' title='bbox 1136 2532 1232 2585; x_wconf 90' lang='lat' dir='ltr'>quin</span> <span class='ocrx_word' id='word_1_309' title='bbox 1262 2532 1447 2587; x_wconf 87' lang='lat' dir='ltr'>acciperet</span> <span class='ocrx_word' id='word_1_310' title='bbox 1476 2532 1517 2571; x_wconf 85' lang='lat' dir='ltr'>in</span> <span class='ocrx_word' id='word_1_311' title='bbox 1547 2545 1590 2570; x_wconf 89' lang='lat' dir='ltr'>ea</span> <span class='ocrx_word' id='word_1_312' title='bbox 1615 2532 1694 2586; x_wconf 88' lang='lat' dir='ltr'>ipsa</span> <span class='ocrx_word' id='word_1_313' title='bbox 1711 2532 1838 2576; x_wconf 85' lang='lat' dir='ltr'>verba,</span> 
     </span>
    </p>
   </div>
  </div>
 </body>
</html>
