2201 2792
500 164 573 216 196
923 166 1014 207 IN
1086 167 1471 208 VERREM

491 265 712 319 pecuniam,
733 274 771 306 et
792 266 877 306 satis
898 267 1169 321 impudentem
1191 267 1261 306 effe
1279 283 1288 307 :
1311 268 1392 314 iste,
1413 267 1482 321 qui
1501 267 1699 320 aliquanto
1718 266 1806 321 plus
1825 279 1899 306 co·

490 331 653 384 gitaffet,
674 332 775 370 male
795 332 937 385 accipit
955 333 1078 371 verbis
1100 333 1324 371 Rabonium
1337 351 1350 378 ;
1373 342 1486 386 negat
1500 346 1592 371 eum
1613 333 1682 371 fibi
1702 333 1770 370 illa
1787 332 1896 371 deci-

490 397 594 436 110116
613 397 824 436 satisfacere
844 399 959 451 poffe.
990 398 1055 437 Ne
1075 399 1212 443 multa,
1234 399 1453 437 locaturum
1470 399 1506 437 se
1525 399 1596 437 effe
1617 399 1837 437 confirmat.

545 465 714 503 Tutores
734 464 816 503 haec
837 465 1011 503 nesciunt
1028 479 1037 503 :
1069 465 1174 517 quod
1194 466 1323 503 aarum
1339 474 1418 504 erat
1431 478 1525 504 cum
1545 466 1740 510 Rabonio,
1756 473 1897 518 putant

489 529 529 568 id
548 529 621 568 effe
652 530 931 576 certiffimum5
963 530 1112 568 nullam
1144 530 1330 582 majorem
1349 530 1503 583 pupillo
1532 539 1714 569 metuunt
1732 530 1893 569 calami-

490 604 624 634 tatem.
666 595 739 634 Iste
758 609 846 634 vero
866 609 945 635 non
970 595 1215 649 procrastinat
1233 611 1242 633 ε
1274 595 1398 634 locare
1417 596 1571 649 incipit,
1601 609 1681 634 non
1700 595 1894 648 proscrip-

488 670 540 708 ta,
572 675 696 715 neque
715 662 838 700 ediCta
867 663 943 707 die,
975 661 1201 700 alieniffimo
1232 671 1416 715 tempore,
1446 662 1549 701 ludis
1580 662 1668 714 ipfis
1689 661 1896 706 Romanis,

488 727 573 767 foro
603 737 751 767 ornato.
798 729 934 781 Itaque
964 728 1159 767 renuntiat
1192 728 1393 766 Rabonius
1424 728 1534 767 illam
1567 727 1796 767 decifionem
1826 736 1895 766 tu-

486 795 650 834 toribus.
672 797 896 834 Accurrunt
915 804 1043 834 tamen
1064 795 1110 833 ad
1130 804 1284 848 tempus
1304 803 1449 834 tutores
1467 810 1477 834 :
1508 794 1679 848 digitum
1698 793 1804 833 tollit
1819 794 1897 845 Ju-

485 861 572 900 nius
605 870 779 914 patruus.
825 860 890 900 Isti
923 861 1031 900 color
1063 861 1295 900 immutatus
1327 861 1408 907 est,
1439 860 1585 906 vultus,
1616 860 1752 906 oratio,
1782 871 1895 899 mens

485 927 652 981 denique
671 927 829 966 excidit.
875 928 985 980 Qid
1014 937 1156 980 ageret,
1187 928 1308 981 coepit
1333 927 1514 981 cogitare.
1561 928 1600 965 Si
1626 940 1722 979 opus
1742 925 1897 978 pupillo

485 994 751 1040 redimeretur,
782 993 809 1031 fi
831 1006 888 1032 res
909 994 1031 1032 abiret
1057 994 1104 1031 ab
1124 1007 1169 1032 eo
1189 994 1384 1046 mancipe,
1415 1006 1535 1045 quem
1555 992 1634 1045 ipse
1652 991 1896 1045 apposuiffet,

481 1059 554 1099 fibi
578 1059 729 1098 nullam
762 1059 932 1112 praedam
952 1059 1038 1098 effe.
1079 1060 1214 1112 Itaque
1233 1059 1442 1112 excogitat.
1473 1057 1613 1110 Qid?
1645 1057 1763 1097 Nihil
1781 1058 1895 1110 inge-

483 1126 618 1172 niose3
650 1125 767 1171 nihil,
797 1111 904 1178 {uod
937 1125 1141 1178 quisquam
1161 1126 1275 1179 poffit
1295 1127 1434 1172 dicere,
1463 1125 1640 1178 Improbe,
1668 1139 1797 1165 verum
1815 1125 1893 1164 cal-

480 1192 548 1232 lide
561 1209 576 1233 :
620 1191 722 1231 nihil
756 1192 804 1230 ab
837 1191 908 1229 isto
942 1193 1105 1236 testum,
1135 1190 1236 1229 nihil
1269 1191 1541 1229 veteratorium
1575 1190 1862 1243 expectaveritis
1879 1204 1892 1228 :

481 1258 614 1298 omnia
632 1267 773 1310 aperta,
794 1257 927 1295 omnia
945 1256 1145 1310 perspicua
1165 1256 1416 1310 reperientur,
1433 1256 1689 1310 impudentia,
1710 1257 1892 1302 amentia,

483 1324 651 1364 audacia.

537 1392 575 1430 Si
595 1389 748 1444 pupillo
780 1402 877 1443 opus
908 1389 1128 1435 redimitur,
1159 1387 1259 1427 mihi
1280 1389 1404 1441 praeda
1434 1388 1481 1427 de
1512 1388 1692 1427 manibus
1712 1388 1891 1441 eripitur.

483 1457 601 1509 Qod
622 1456 675 1495 est
694 1456 815 1509 igitur
835 1455 1051 1494 remedium
1075 1456 1088 1493 ?
1120 1455 1257 1508 quod?
1289 1469 1337 1493 ne
1362 1456 1476 1494 liceat
1504 1455 1658 1508 pupillo
1687 1455 1891 1494 redimere.

482 1523 565 1561 Ubi
585 1522 652 1561 illa
680 1521 917 1560 consuetudo
946 1522 986 1559 in
1015 1521 1140 1567 bonis,
1172 1520 1378 1575 praedibus,
1409 1520 1634 1574 praediisque
1663 1520 1890 1565 vendendis,

483 1589 663 1628 omnium
699 1587 943 1632 Consulum,
980 1587 1218 1632 censorum,
1262 1588 1499 1632 Paetorum,
1543 1585 1791 1638 Qaestorum
1820 1586 1890 1624 de-

481 1656 613 1707 nique,
645 1663 689 1692 ut
721 1654 870 1707 optima
890 1654 1111 1692 conditione
1141 1654 1186 1692 fit
1216 1654 1262 1698 is,
1293 1654 1380 1705 cuja
1405 1665 1461 1691 res
1482 1653 1541 1698 fit,
1572 1654 1707 1705 cujum
1734 1653 1890 1705 pericu-

481 1722 594 1759 lum?
618 1720 807 1759 Excludit
827 1733 918 1758 eum
939 1719 1078 1765 solum,
1096 1720 1160 1758 cui
1180 1712 1300 1773 prope
1321 1719 1448 1757 dicam
1469 1719 1539 1757 soli
1559 1718 1786 1772 potestatem
1805 1718 1890 1757 fac-

481 1797 560 1826 tam
581 1786 653 1828 effe
685 1786 900 1840 oportebat.
952 1786 1060 1839 Qid
1092 1787 1198 1825 enim
1227 1785 1432 1839 quisquam
1452 1786 1498 1824 ad
1518 1799 1647 1824 meam
1668 1785 1888 1838 pecuniam,

482 1866 545 1892 me
564 1853 700 1897 invito,
722 1853 857 1904 aspirat
873 1853 884 1888 ?
917 1853 1012 1904 quid
1033 1853 1208 1890 accedit?
1241 1853 1410 1890 Locatur
1426 1865 1522 1905 opus
1541 1851 1595 1896 id,
1617 1850 1722 1903 quod
1739 1864 1787 1888 ex
1803 1863 1890 1888 mea

481 1919 645 1972 pecunia
665 1918 883 1960 reficiatur;
917 1931 988 1969 ego
1021 1931 1083 1954 me
1114 1916 1347 1955 refecturum
1380 1917 1450 1954 effe
1477 1917 1592 1954 dico:
1625 1916 1802 1969 probatio
1820 1915 1888 1954 fu-

483 1994 567 2024 tura
585 1984 637 2022 est
656 1993 735 2029 tua,
766 1984 835 2035 qui
856 1982 956 2021 locas
976 1998 984 2022 ε
1017 1983 1209 2036 praedibus
1229 1992 1267 2021 et
1287 1983 1437 2036 praediis
1457 1983 1603 2036 populo
1622 1992 1782 2021 cautum
1809 1982 1888 2022 est:

483 2060 533 2096 et,
565 2050 590 2088 fi
613 2064 689 2088 non
712 2058 821 2103 putas
851 2058 1024 2095 cautum,
1058 2049 1200 2088 scilicet
1230 2059 1272 2088 tu
1294 2051 1437 2088 Praetor
1467 2050 1506 2087 in
1543 2063 1628 2088 mea
1647 2049 1762 2095 bona,
1789 2063 1889 2103 quos

481 2116 600 2162 voles,
622 2116 809 2155 immittes
827 2116 840 2152 ?
872 2129 934 2154 me
955 2116 1001 2154 ad
1022 2129 1124 2155 meas
1145 2115 1318 2155 fortunas
1340 2114 1594 2155 defendendas
1614 2115 1791 2155 accedere
1810 2129 1889 2155 non

482 2183 576 2221 fines
596 2183 609 2219 ?

539 2248 628 2287 LV.
662 2248 799 2300 Operae
832 2248 1002 2300 pretium
1034 2248 1086 2286 est
1120 2248 1240 2300 ipsam
1272 2248 1398 2302 legem
1430 2247 1673 2301 cognoscere.
1719 2246 1886 2293 Dicetis,

483 2314 651 2353 eundem
672 2313 938 2367 conscripsisse,
970 2314 1040 2366 qui
1059 2312 1157 2351 illud
1177 2314 1347 2352 edictum
1368 2314 1414 2352 de
1433 2312 1675 2357 haereditate,
1708 2313 1769 2350 Ex
1787 2321 1888 2365 opere

469 2379 646 2434 sizciundo
666 2393 746 2433 quae
757 2379 891 2432 pupilli
919 2378 1044 2432 Jttm't’.
1091 2378 1184 2424 Dic,
1213 2379 1288 2425 dic,
1312 2379 1451 2431 quaeso,
1482 2378 1635 2416 clarius.
1687 2379 1731 2416 C.
1757 2379 1888 2417 Verres

484 2447 557 2486 Pr.
581 2446 679 2484 urbis
694 2445 844 2485 adddit.
865 2446 1123 2498 Corriguntur
1139 2445 1241 2499 leges
1261 2445 1452 2484 censoriae.
1477 2445 1585 2496 Qid
1605 2443 1739 2482 enim?
1761 2444 1887 2483 Video

483 2512 525 2553 in
545 2512 680 2552 multis
694 2513 887 2553 veteribus
908 2512 1075 2566 legibus,
1092 2513 1161 2553 Cn.
1179 2512 1380 2559 Domitius,
1396 2513 1447 2552 L.
1463 2512 1648 2558 Mallus,
1670 2512 1722 2551 L.
1743 2511 1888 2564 Czssius
