2201 2792
392 166 442 218 36
917 162 1272 200 ORAT1o

435 262 551 300 XIII.
574 260 695 310 Quid,
719 259 743 298 fi
766 258 841 297 hoc
862 260 1002 312 ipsum,
1025 260 1129 312 quod
1150 274 1252 298 nunc
1275 259 1380 305 facit,
1402 258 1557 298 ostendo
1577 258 1799 297 testimonio

389 327 473 372 effe,
495 325 595 364 nihil
616 327 744 364 deberi
763 326 775 363 ?
809 325 916 376 Qid
937 326 1042 364 enim
1064 339 1167 363 nunc
1188 326 1266 378 agit
1288 327 1373 364 Sex.
1392 326 1552 364 Naevius
1571 325 1583 361 ?
1606 338 1681 377 qua
1696 324 1742 362 de
1759 337 1796 361 re

389 392 643 432 controverfia
663 392 715 430 est
734 393 745 428 ?
778 392 884 444 quod
903 391 954 429 est
974 391 1049 430 hoc
1075 391 1288 444 judicium,
1323 392 1363 429 in
1384 405 1464 443 quo
1488 392 1571 443 jam
1591 390 1797 428 biennium

388 460 581 498 versamur
600 460 613 497 ?
636 458 731 511 quid
751 459 897 511 negotii
916 459 1075 511 geritur,
1097 459 1138 496 in
1158 472 1236 511 quo
1256 459 1322 496 ille
1343 467 1414 503 tot,
1436 467 1474 496 et
1493 457 1585 496 tales
1605 457 1706 495 viros
1728 456 1796 494 de-

388 526 524 580 fatigat
545 528 556 563 ?
589 526 800 565 Pecuniam
831 526 943 578 petit.
990 526 1111 564 Nunc
1141 526 1308 578 denique
1327 525 1340 561 ?
1372 526 1636 564 Veruntamen
1668 523 1794 577 petit:

389 594 604 631 audiamus.
650 594 713 631 De
742 592 954 631 rationibus
986 602 1024 631 et
1053 592 1314 631 controversiis
1336 591 1524 630 societatis
1544 590 1629 629 vult
1649 589 1795 642 dijudi-

389 660 480 698 cari.
513 661 602 698 Sero
620 674 629 698 :
662 672 795 697 verum
815 658 1022 711 aliquando
1042 668 1170 697 tamen
1189 674 1197 697 :
1221 659 1491 697 concedamus.
1522 658 1632 702 Non,
1651 656 1796 709 inquit,

389 726 429 764 id
449 740 534 779 ago,
567 727 615 765 C.
639 725 791 778 Aquili,
823 737 949 778 neque
975 725 1016 764 in
1036 738 1082 764 eo
1101 739 1204 764 nunc
1231 725 1378 764 laboro.
1424 725 1591 763 Pecunia
1621 736 1707 762 mea
1738 731 1797 762 tot

388 806 505 831 annos
528 793 650 831 utitur
671 794 714 830 P.
739 792 954 844 Qintius:
987 802 1115 831 utatur
1145 792 1257 830 sane:
1291 806 1368 831 non
1397 801 1500 846 peto.
1547 790 1657 842 Qid
1676 789 1797 843 igitur

388 860 564 912 pugnas?
595 873 656 904 an,
683 859 790 911 quod
810 858 904 911 fiepe
925 859 1058 896 multis
1080 861 1120 897 in
1141 859 1235 897 locis
1256 859 1397 904 dixisti,
1420 872 1466 897 ne
1486 858 1527 896 in
1546 857 1700 896 civitate
1720 856 1793 895 fit?

388 938 436 962 ne
456 925 589 964 locum
609 924 736 970 suum,
758 938 876 977 quem
897 924 1022 963 adhuc
1043 923 1300 963 honestiffime
1321 923 1505 968 defendit,
1527 922 1726 962 obtineat?
1749 935 1796 959 ne

388 1000 612 1029 numeretur
632 991 732 1028 inter
752 990 858 1029 vivos
878 991 890 1026 ?
922 991 1098 1029 decernat
1118 990 1165 1027 de
1185 991 1275 1034 vita,
1297 999 1334 1027 et
1354 989 1589 1027 ornamentis
1610 987 1685 1026 suis
1705 1000 1795 1025 om—

388 1057 533 1094 nibus?
565 1057 665 1110 apud
690 1056 868 1108 judicem
899 1056 1049 1094 causam
1077 1056 1204 1108 priore
1235 1055 1322 1093 loco
1351 1055 1480 1099 dicat3
1512 1063 1564 1099 et,
1597 1066 1681 1092 eam
1703 1066 1796 1091 cum

386 1123 514 1166 orarit,
540 1131 626 1160 tum
647 1121 815 1174 denique
835 1135 970 1160 vocem
1001 1121 1226 1158 accusatoris
1252 1120 1408 1157 audiat?
1441 1119 1580 1170 Qid?
1610 1119 1687 1156 hoc
1717 1133 1796 1170 quo

387 1188 582 1240 pertinet?
615 1189 672 1224 Ut
705 1199 822 1238 ocyus
854 1187 900 1223 ad
921 1196 1034 1224 tuum
1055 1185 1280 1238 pervenias?
1313 1186 1382 1230 At,
1419 1185 1445 1222 fi
1473 1185 1513 1222 id
1532 1184 1662 1228 velles,
1688 1185 1793 1236 jarn-

386 1255 536 1306 pridem
570 1255 699 1290 aetum
733 1252 804 1290 effe
834 1261 995 1304 poterat.
1029 1253 1086 1290 Ut
1116 1251 1330 1290 honestiore
1358 1251 1510 1304 judicio
1542 1250 1792 1289 conflictere?

386 1322 441 1357 At
462 1320 536 1357 fine
556 1319 710 1357 summo
731 1317 866 1355 scelere
891 1319 935 1356 P.
960 1318 1186 1370 Qinfium,
1218 1318 1485 1370 propinquum
1511 1326 1640 1362 tuum,
1669 1318 1792 1370 jugu-

386 1387 461 1423 lare
482 1400 558 1424 non
579 1394 701 1438 potes·
748 1386 804 1423 Ut
823 1383 975 1422 facilius
990 1385 1187 1437 judicium
1208 1385 1252 1422 fit
1271 1384 1283 1421 ?
1315 1386 1370 1422 At
1391 1397 1515 1436 neque
1537 1385 1583 1422 C.
1608 1384 1792 1436 Aquilius

386 1453 431 1490 de
452 1453 576 1505 capite
596 1452 749 1489 alterius
770 1451 934 1489 libenter
947 1452 1125 1503 judicat3
1148 1460 1185 1489 et
1203 1451 1504 1502 QHortenfius
1525 1459 1657 1488 contra
1676 1461 1793 1503 caput

385 1532 462 1557 non
484 1518 621 1556 didicit
640 1518 779 1556 dicere.
826 1518 934 1569 Qid
969 1531 989 1555 a
1018 1518 1129 1556 nobis
1161 1528 1306 1562 autem,
1343 1519 1390 1556 C.
1415 1517 1566 1570 Aquili,
1598 1516 1790 1555 refertur?

386 1585 593 1622 Pecuniam
616 1585 739 1637 petit:
764 1597 947 1636 negamus
970 1584 1111 1622 deberi.
1144 1584 1346 1635 Judicium
1368 1583 1433 1622 fiat
1454 1584 1580 1622 statim
1600 1598 1608 1621 :
1632 1597 1709 1622 non
1731 1598 1791 1622 re-

385 1651 573 1689 cusamus
608 1652 719 1689 Num
741 1651 836 1702 quid
856 1659 1035 1703 praeterea
1053 1650 1066 1687 ?
1098 1652 1136 1688 Si
1156 1660 1319 1696 veretur,
1341 1659 1383 1688 ut
1405 1664 1476 1696 res,
1502 1650 1654 1702 judicio
1674 1650 1790 1696 faCto,

383 1727 508 1770 parata
543 1718 614 1761 sit5
641 1717 861 1769 judicatum
883 1716 977 1754 solvi
997 1717 1083 1754 satis
1119 1707 1294 1769 accipiat.
1342 1717 1497 1768 Qibus
1518 1730 1538 1754 a
1568 1729 1633 1754 me
1666 1717 1791 1755 verbis

384 1785 467 1822 satis
490 1784 667 1836 accipiet,
698 1783 832 1821 iisdem
854 1783 944 1836 ipse,
967 1784 1072 1836 quod
1092 1793 1195 1836 peto,
1218 1783 1377 1822 satisdet.
1409 1785 1556 1821 Adtum
1571 1783 1654 1834 jam
1669 1783 1792 1835 potest

383 1850 467 1895 effe,
492 1851 538 1888 C.
562 1849 699 1902 Aquili
720 1863 728 1888 :
755 1850 837 1900 jam
859 1858 901 1886 tu
922 1859 1028 1901 potes
1050 1849 1239 1887 discedere
1258 1849 1440 1887 liberatus
1462 1848 1647 1892 molestia,
1671 1862 1791 1902 prope

384 1917 525 1961 dicam,
547 1930 625 1954 non
646 1916 811 1959 minore,
834 1928 951 1967 quam
973 1915 1175 1966 QintIus.

440 1982 549 2034 Qid
575 1982 740 2034 agimuS,
779 1981 990 2019 Hortensi?
1022 1981 1116 2033 quid
1150 1981 1196 2019 de
1227 1980 1299 2019 hac
1333 1981 1557 2019 conditione
1588 1981 1788 2019 dicimus?

385 2047 585 2086 Possumus
617 2046 835 2099 aliquando,
871 2047 1050 2099 depositis
1080 2047 1209 2091 armis,
1243 2047 1319 2084 fine
1339 2047 1512 2100 periculo
1530 2046 1788 2092 fortunarum,

383 2114 427 2151 de
450 2128 486 2151 re
508 2114 725 2166 pecuniaria
746 2113 951 2166 disceptare
971 2114 983 2150 ?
1016 2112 1218 2151 Possumus
1239 2114 1291 2151 ita
1313 2127 1393 2151 rem
1415 2113 1581 2151 nostram
1601 2113 1787 2166 persequi,

385 2190 423 2217 ut
446 2180 616 2218 hominis
639 2180 849 2233 propinqui
880 2189 996 2233 caput
1016 2180 1214 2218 incolume
1233 2179 1304 2218 effe
1324 2180 1543 2232 patiamur?
1586 2179 1788 2218 Poffumus

383 2246 554 2296 petitoris
574 2245 771 2299 personam
791 2258 936 2298 capere,
973 2245 1196 2284 accusatoris
1218 2245 1434 2298 deponere?
1468 2247 1612 2290 Immo,
1644 2245 1786 2297 inquit,

382 2311 446 2347 abs
470 2321 503 2348 te
526 2311 610 2348 satis
631 2311 817 2363 accipiam
835 2329 847 2355 3
879 2324 951 2363 ego
971 2320 1101 2349 autem
1122 2310 1195 2348 tibi
1216 2324 1293 2348 non
1314 2310 1511 2348 satisdabo.

437 2378 548 2415 XIV.
582 2378 682 2434 Qis
714 2377 868 2415 tandem
890 2377 1000 2415 nobis
1022 2377 1089 2414 ista
1114 2377 1201 2429 jura
1222 2386 1301 2414 tam
1321 2390 1428 2429 aequa
1459 2376 1669 2414 describit?
1701 2375 1788 2428 quis

381 2441 456 2480 hoc
478 2443 619 2488 statuit,
655 2444 759 2495 quod
780 2457 935 2496 aequum
971 2443 1014 2481 fit
1045 2444 1084 2481 in
1107 2443 1334 2495 (Qintium,
1370 2443 1410 2480 id
1441 2443 1624 2495 iniquum
1644 2441 1714 2480 effe
1747 2442 1787 2479 in

382 2508 564 2546 Naevium
585 2509 596 2544 ?
630 2510 786 2560 Qintii
806 2511 919 2556 bona,
942 2510 1084 2563 inquit,
1106 2523 1152 2548 ex
1172 2509 1298 2548 edicto
1319 2509 1493 2548 Praetoris
1514 2507 1666 2561 poss‘effa
1686 2507 1786 2547 sunt.
