2201 2792
608 202 953 242 ACTIONIS
998 202 1049 240 ΙΙ.
1123 202 1407 241 LIBERI.
1639 206 1707 245 ῐὸι

309 305 386 358 ipse
405 301 587 348 ostendet,
609 301 865 355 quamobrem
887 302 962 340 Cn.
986 301 1208 340 Carbonem
1229 301 1427 355 reliquerit
1439 318 1450 346 3
1477 301 1561 353 jam
1583 302 1618 340 se
1636 302 1715 356 ipse

307 370 507 410 indicabit.

361 437 474 476 XIV.
511 436 694 475 Primum
724 436 954 474 brevitatem
985 435 1220 489 cognoscite.
1263 435 1411 489 Accepi,
1433 434 1578 488 inquit,
1607 435 1715 474 vicies

305 503 470 550 ducenta,
502 504 662 557 triginta
681 504 834 558 quinque
851 504 975 549 mzsszh,
997 502 1276 557 quadrzbtgentos
1296 516 1392 541 xvu
1414 517 1583 541 nummos.
1616 502 1719 541 Dedi

291 570 481 624 sttpendiffi
495 571 704 624 frumento,
735 570 876 624 legatis,
901 569 1215 624 proquaestoribus,
1247 570 1388 609 cohorti
1394 570 1599 623 praetoriae‚
1620 570 1716 608 H-S

306 639 397 678 mille
416 641 604 693 sexcenta,
640 639 801 692 triginta
830 638 983 692 quinque
1011 638 1135 683 mmm,
1168 637 1447 692 quadringentos
1478 651 1572 676 XVII
1609 652 1715 676 num-

306 720 390 745 mos.
440 706 587 760 Reliqui
602 706 770 745 Arimini
786 707 882 745 H-S
897 707 1072 760 stxcenta
1096 706 1221 745 millia.
1253 706 1347 745 Hoc
1380 705 1433 744 est
1462 706 1624 743 rationes
1654 718 1714 743 re-

305 771 435 810 ferre?
466 771 542 811 hoc
572 773 692 811 modo
712 781 777 810 aut
797 786 882 825 ego,
914 781 979 811 aut
999 782 1055 818 tu,
1086 773 1285 818 Hortensi,
1321 780 1388 811 aut
1407 771 1610 825 quisquam
1639 770 1714 810 ho-

305 838 461 878 minum
482 839 646 878 retulit?
676 839 781 892 quod
801 839 877 877 hoc
897 839 949 877 est
968 840 980 877 ?
1013 853 1099 892 quae
1116 839 1358 892 impudentia
1377 840 1390 876 ?
1422 853 1507 892 quae
1526 839 1683 877 audacia
1701 839 1714 875 ἓ

306 905 412 957 quod
443 906 669 959 exemplum
699 920 747 944 ex
782 915 840 944 tot
871 905 1080 945 hominum
1111 906 1324 945 rationibus
1344 906 1471 944 relatis
1491 905 1717 958 hujusmodi

305 971 390 1009 est?
422 972 495 1010 Illa
513 981 642 1010 tamen
663 973 756 1012 H-S
787 973 962 1011 sexcenta
988 972 1126 1018 millia,
1155 987 1240 1026 quae
1260 986 1309 1012 ne
1336 971 1431 1011 falso
1450 972 1612 1026 quidem
1642 984 1715 1026 po-

306 1038 397 1083 tuit,
429 1039 571 1091 quibus
592 1040 678 1077 data
711 1038 842 1084 essent,
873 1039 1098 1084 describere,
1129 1053 1215 1091 quae
1234 1039 1270 1078 se
1289 1041 1462 1079 Arimini
1494 1040 1628 1079 scribit
1655 1052 1715 1078 re·-

305 1105 471 1157 liquiffe,
505 1120 591 1158 quae
610 1105 689 1158 ipsa
709 1105 802 1143 H-S
823 1105 1001 1144 sexcenta
1020 1105 1145 1144 millia
1165 1106 1312 1158 reliqua
1331 1106 1429 1144 facta
1455 1106 1556 1151 sunt,
1590 1118 1717 1158 neque

307 1172 436 1210 Carbo
466 1173 608 1224 attigit,
639 1185 765 1223 neque
796 1172 898 1222 Sylla
917 1172 1028 1216 vidit,
1059 1186 1185 1224 neque
1210 1173 1251 1210 in
1272 1173 1446 1211 aerarium
1480 1173 1594 1211 relata
1613 1173 1716 1212 sunt.

306 1238 514 1291 Oppidum
545 1238 617 1276 fibi
647 1237 764 1290 elegit
783 1237 1026 1282 Ariminum,
1058 1238 1165 1290 quod
1199 1247 1300 1283 tum,
1331 1253 1425 1277 cum
1452 1239 1520 1277 iste
1552 1240 1717 1278 rationes

304 1303 506 1351 referebat,
537 1303 771 1358 oppreffum,
802 1303 1078 1357 direptumque
1108 1312 1199 1342 erat.
1246 1305 1343 1343 Non
1374 1305 1631 1358 suspicabatur
1661 1305 1715 1350 id,

305 1372 413 1424 quod
447 1385 552 1411 nunc
583 1371 735 1416 sentiet,
765 1370 851 1410 satis
878 1371 1025 1409 multos
1061 1385 1108 1410 ex
1139 1371 1206 1409 illa
1235 1371 1454 1410 calamitate
1486 1373 1716 1411 Ariminen-

253 1431 257 1434 *
305 1439 405 1477 fium
435 1438 544 1477 testes
575 1438 687 1476 nobis
718 1438 760 1476 in
779 1437 880 1476 hanc
901 1451 983 1476 rem
1015 1438 1184 1492 reliquos
1205 1438 1290 1478 effe.
1334 1439 1471 1478 Recita
1490 1440 1631 1478 denuo.
1663 1441 1714 1479 P.

305 1506 478 1551 Lentulo,
510 1507 563 1545 L.
587 1503 734 1544 Triario
764 1505 1004 1558 Qcaestoribus
1029 1506 1191 1551 urbanis,
1222 1521 1279 1545 res
1299 1507 1481 1546 rationum
1500 1507 1714 1546 relatarum.

305 1573 457 1612 Recita.
490 1573 552 1612 Ex
572 1572 937 1612 senatus-consulto.
984 1574 1043 1612 Ut
1061 1572 1138 1612 hoc
1157 1575 1268 1627 pacto
1288 1575 1479 1613 rationem
1509 1574 1647 1613 referre
1665 1575 1716 1613 li-

305 1648 422 1684 ceret,
444 1652 489 1677 eo
510 1638 688 1691 Syllanus
717 1648 872 1692 repente
891 1638 1014 1678 fastus
1049 1639 1115 1684 est,
1145 1654 1224 1678 non
1259 1649 1303 1678 ut
1333 1639 1456 1679 honos
1491 1650 1530 1679 et
1549 1641 1716 1693 dignitas

306 1705 501 1744 nobilitati
522 1705 794 1743 restitueretur.
826 1705 946 1756 Qod
965 1705 991 1744 fi
1025 1705 1137 1744 illinc
1163 1705 1288 1744 inanis
1314 1706 1554 1759 profugiffes,
1585 1716 1716 1744 tamen

306 1773 374 1811 ista
393 1783 458 1811 tua
477 1771 583 1824 fuga,
606 1771 748 1810 nefaria
763 1790 775 1818 ς
797 1772 967 1825 proditio
979 1772 1158 1812 Consulis
1179 1773 1251 1817 tui,
1273 1772 1449 1811 scelerata
1462 1774 1712 1825 judicaretur.

306 1839 439 1878 Malus
460 1840 569 1884 civis,
591 1839 793 1892 improbus
811 1839 972 1885 Consul,
1004 1839 1199 1878 seditiosus
1220 1839 1356 1885 homo,
1380 1842 1455 1878 Cn.
1475 1840 1602 1879 Carbo
1622 1840 1713 1879 fuit.

305 1907 439 1945 Fuerit
457 1906 566 1945 aliis:
599 1906 672 1944 tibi
692 1906 846 1958 quando
865 1905 935 1944 effe
954 1906 1102 1959 coepit?
1132 1906 1378 1959 posteaquam
1402 1907 1473 1945 tibi
1494 1908 1713 1960 pecuniam,

305 1987 389 2012 rem
407 1972 713 2017 frumentariam,
735 1973 898 2012 rationes
915 1985 1050 2011 omnes
1071 1972 1167 2018 suaS,
1189 1973 1482 2026 exercitumque
1503 1975 1712 2013 commisit.

307 2040 428 2085 Nam,
450 2040 476 2078 fi
497 2039 570 2078 tibi
590 2048 701 2078 antea
718 2039 980 2092 displicuisset,
999 2040 1103 2079 idem
1125 2039 1285 2085 fecisses,
1303 2041 1409 2092 quod
1429 2054 1529 2080 anno
1549 2041 1632 2094 post
1648 2042 1712 2080 M.

308 2105 408 2145 Piso.
441 2106 630 2158 Qaestor,
663 2119 756 2144 cum
776 2107 824 2144 L.
849 2107 1022 2159 Scipioni
1043 2106 1204 2145 Consuli
1225 2107 1444 2159 obtigiss‘et5
1477 2122 1554 2147 non
1585 2109 1714 2162 attigit

304 2172 509 2224 pecuniam
527 2190 539 2216 ς
571 2185 650 2210 non
684 2171 729 2209 ad
750 2173 963 2210 exercitum
984 2171 1177 2225 profectus
1198 2172 1263 2210 est.
1296 2174 1416 2225 Qod
1442 2174 1488 2212 de
1518 2175 1714 2228 republica

306 2239 429 2284 senfit,
453 2239 505 2276 ita
524 2237 647 2283 senfit,
681 2248 724 2276 ut
745 2251 814 2276 nec
834 2238 954 2278 fidem
974 2239 1094 2286 suam,
1128 2253 1198 2278 nec
1230 2248 1381 2279 morem
1402 2242 1609 2293 majorum,
1641 2253 1712 2278 nec

305 2305 621 2344 neceffitudinem
643 2303 750 2342 sortis
772 2305 936 2344 laederet.

351 2372 443 2409 XV.
467 2371 627 2409 Etenim
648 2371 674 2408 fi
695 2370 776 2409 haec
797 2372 1017 2424 perturbare
1037 2373 1183 2419 omnia,
1209 2384 1247 2412 et
1266 2373 1491 2426 permiscere
1512 2372 1708 2417 volumus,

307 2444 427 2474 totam
458 2438 579 2475 vitam
608 2437 885 2490 periculosam,
921 2440 1173 2484 invidiosam,
1209 2439 1461 2488 infestamque
1491 2437 1708 2482 reddemrm,

308 2502 333 2539 sl
355 2503 502 2542 nullam
534 2503 762 2556 religionem
792 2505 868 2544 sors
898 2505 1071 2551 habebit,
1104 2507 1250 2543 nullam
1279 2504 1497 2542 societatem
1519 2505 1708 2556 conjunc-

307 2569 362 2606 tio
396 2567 568 2606 recundae
607 2569 811 2623 dubiaeque
849 2570 1042 2616 fortunae,
1078 2570 1227 2609 nullam
1272 2571 1537 2608 auctoritatem
1584 2582 1710 2608 mores

389 2633 460 2670 To
477 2645 528 2671 M.
561 2633 633 2672 IV.
1372 2637 1407 2672 X
