2201 2792
734 213 1285 254 DIVINATIO.
1642 231 1715 268 1217

302 316 415 372 poffis
445 314 632 361 accusare,
665 323 810 361 tamen,
847 314 993 354 cumis
1021 313 1094 354 tibi
1118 313 1286 368 parentis
1318 326 1481 352 numero
1502 313 1642 360 fuisset,
1678 316 1718 353 id

301 385 365 439 pie
384 383 508 422 facere
527 397 608 422 non
639 382 777 436 poffes.
821 384 928 421 Cum
947 396 1038 421 vero
1069 395 1195 435 neque
1225 382 1409 435 injuriam
1443 382 1649 434 acceperis,
1680 391 1719 420 et

303 451 462 490 Praetori
482 459 551 489 tuo
570 449 793 503 periculum
810 463 912 488 crees
926 467 938 495 ς
960 448 1111 488 fatearis
1129 448 1274 487 necess‘e
1292 449 1359 494 est,
1378 458 1416 487 te
1436 448 1494 486 illi
1515 448 1717 500 injustum,

301 517 554 571 impiumque
577 516 727 555 bellum
746 515 887 555 inferre
907 517 1051 555 conari.
1084 516 1245 555 Etenim
1273 515 1341 554 ista
1361 515 1547 568 quaestura
1567 515 1613 553 ad
1633 528 1718 553 eam

303 597 386 623 rem
406 585 520 630 valet,
552 593 596 622 ut
615 583 895 622 elaborandum
926 583 1000 622 tibi
1030 583 1070 621 in
1102 583 1248 622 ratione
1275 582 1468 621 reddenda
1488 582 1545 627 fit,
1577 595 1719 634 quam-

304 651 453 697 obrem,
476 651 544 704 qui
566 651 743 700 Qaestor
761 650 841 704 ejus
862 650 996 696 fueris,
1017 650 1167 689 accuses
1180 668 1193 696 5
1225 663 1318 695 non,
1351 658 1395 688 ut
1421 650 1472 687 ob
1492 662 1576 687 eam
1597 648 1721 701 ipsam

302 717 454 756 causam
475 717 750 771 postulandum
770 717 829 764 fit,
851 726 896 756 ut
915 717 989 756 tibi
1009 717 1254 771 potiffimum
1274 716 1464 755 accusatio
1485 716 1609 754 detur.
1633 715 1718 753 Ne-

303 796 380 836 que
399 784 478 823 fere
494 799 669 838 unquam
688 785 794 824 venit
814 785 855 823 in
872 785 1167 824 contentionem
1188 784 1235 822 de
1255 783 1480 828 accusando,
1498 782 1568 835 qui
1582 780 1719 833 Qaes-

305 859 367 889 tor
395 850 537 897 fuisset,
569 852 667 905 quin
697 851 973 905 repudiaretur.
1018 853 1156 904 Itaque
1181 864 1308 904 neque
1339 851 1389 889 L.
1411 849 1573 889 Philoni
1602 849 1643 887 in
1669 848 1717 887 C.

307 918 514 956 Servilium
544 919 716 957 nominis
736 918 932 957 deferendi
951 918 1113 972 potestas
1143 918 1196 956 est
1227 917 1327 963 data,
1358 931 1484 970 neque
1504 917 1567 955 M.
1591 917 1720 954 Aure-

307 980 363 1020 lio
383 983 523 1021 Scauro
556 984 598 1020 in
633 985 683 1021 L.
706 984 909 1029 Flaccum,
940 998 1068 1036 neque
1089 986 1166 1022 Cn.
1196 985 1386 1037 Pompeio
1411 984 1453 1021 in
1473 984 1526 1022 T.
1549 981 1720 1021 Albuci·-

309 1061 378 1086 um
392 1067 403 1093 ;
436 1062 605 1101 quorum
625 1061 742 1086 nemo
760 1058 919 1101 propter
937 1049 1210 1102 indignitatem
1231 1050 1454 1102 repudiatus
1480 1049 1534 1086 est
1546 1067 1557 1094 5
1589 1048 1653 1087 sed
1673 1061 1722 1086 ne

308 1113 433 1152 libido
464 1115 650 1153 violandae
680 1115 965 1154 neceffitudinis
985 1116 1209 1154 auctoritate
1234 1115 1419 1168 judicum
1445 1115 1719 1168 comprobare-

307 1188 385 1218 tur.
417 1182 553 1232 Atque
571 1180 637 1217 ille
659 1181 736 1218 Cn.
759 1181 970 1233 Pompeius
990 1182 1043 1218 ita
1063 1194 1157 1219 cum
1179 1183 1228 1219 C.
1246 1182 1355 1232 Julio
1375 1182 1592 1227 contendit,
1615 1191 1659 1220 ut
1679 1191 1722 1220 tu

270 1276 272 1278 »
306 1259 491 1284 mecum:
570 1246 702 1284 uaestor
721 1247 828 1285 enim
851 1246 1014 1285 Albucii
1033 1245 1172 1292 fuerat,
1195 1255 1239 1284 ut
1255 1255 1298 1284 tu
1318 1248 1465 1285 Verris.
1495 1248 1624 1298 Julius
1644 1248 1720 1286 hoc

305 1311 437 1350 secum
457 1313 692 1352 auetoritatis
712 1313 759 1351 ad
779 1313 1037 1352 accusandum
1057 1313 1251 1358 afferebat,
1283 1313 1404 1365 quod,
1437 1323 1480 1352 ut
1509 1312 1585 1352 hoc
1618 1324 1721 1353 tem-

247 1414 252 1417 ,
306 1391 400 1432 pore
420 1392 489 1416 nos
523 1380 571 1417 ab
591 1380 744 1425 Siculis,
778 1380 828 1418 fic
849 1390 937 1418 tum
966 1380 1034 1418 ille
1067 1380 1115 1418 ab
1147 1380 1271 1419 Sardis
1293 1390 1463 1433 rogatus,
1492 1381 1538 1418 ad
1570 1382 1723 1421 causam

307 1445 520 1484 accefferat.
553 1447 712 1498 Semper
730 1444 813 1483 haec
833 1447 943 1484 causa
960 1447 1181 1499 plurimum
1202 1447 1347 1486 valuit:
1380 1447 1530 1500 semper
1548 1448 1630 1486 haec
1662 1463 1722 1488 ra-

306 1512 363 1551 tio
383 1511 584 1551 accusandi
604 1511 681 1550 fuit
701 1511 974 1558 honestiffima,
1003 1526 1073 1566 pro
1093 1513 1218 1558 sociis,
1250 1528 1320 1566 pro
1350 1514 1468 1552 salute
1498 1516 1722 1567 provinciae,

307 1593 378 1632 pro
397 1588 616 1617 exterarum
636 1579 840 1617 nationum
857 1580 1077 1619 commodis
1098 1580 1325 1618 inimicitias
1344 1581 1542 1634 suscipere,
1553 1583 1600 1621 ad
1617 1583 1723 1636 peri-

308 1644 444 1682 culum
466 1644 658 1689 accedere,
680 1657 852 1697 operam,
873 1645 1060 1691 studium,
1081 1645 1254 1683 laborem
1273 1646 1530 1699 interponere.

363 1711 457 1749 XX.
482 1710 642 1748 Etenim
660 1709 687 1748 fi
718 1711 930 1763 probabilis
961 1711 1015 1749 est
1033 1724 1169 1750 eorum
1195 1712 1318 1756 causa,
1354 1713 1424 1764 qui
1454 1713 1611 1764 injurias
1643 1713 1724 1753 suas

307 1775 485 1830 persequi
504 1776 643 1814 volunt
654 1793 666 1821 3
690 1790 766 1828 qua
785 1777 826 1814 in
846 1790 885 1814 re
902 1776 1026 1815 dolori
1047 1777 1127 1822 suo,
1149 1790 1228 1815 non
1245 1777 1467 1830 reipublicae
1487 1780 1724 1825 commodis,

308 1843 506 1888 serviunt;
543 1852 688 1896 quanto
708 1843 775 1881 illa
794 1843 902 1882 causa
921 1842 1130 1889 honestior,
1154 1858 1239 1897 quae
1257 1857 1337 1882 non
1357 1844 1483 1883 solum
1511 1846 1725 1899 probabilis

308 1911 444 1956 videri,
471 1910 533 1949 sed
553 1910 671 1948 etiam
691 1920 796 1963 grata
816 1910 888 1949 effe
908 1911 1036 1957 debet,
1060 1911 1166 1949 nulla
1191 1911 1374 1964 privatim
1395 1922 1550 1966 accepta
1571 1914 1724 1966 injuria,

310 1977 516 2022 sociorum,
538 1985 655 2030 atque
688 1976 904 2016 amicorum
926 1978 1062 2031 populi
1083 1978 1253 2016 Romani
1285 1978 1416 2018 dolore
1437 1989 1553 2032 atque
1575 1980 1725 2032 injuriis

311 2044 579 2081 commoveri?
603 2043 742 2096 Nuper
762 2057 855 2082 cum
876 2044 917 2082 in
934 2045 978 2082 P.
995 2044 1214 2082 Gabinium
1234 2044 1292 2082 vir
1307 2044 1534 2084 fortiffimus
1552 2055 1589 2084 et
1609 2047 1725 2084 inno-

312 2109 552 2147 centiffimus
575 2110 624 2147 L.
649 2109 734 2148 Piso
755 2109 988 2148 delationem
1010 2111 1181 2149 nominis
1202 2111 1424 2163 postularet,
1457 2122 1495 2151 et
1515 2123 1648 2151 contra
1669 2114 1735 2164 Q

312 2176 494 2215 Caecilius
514 2185 675 2230 peteret,
706 2176 813 2229 isque
839 2177 875 2215 se
906 2188 1048 2216 veteres
1081 2178 1307 2217 inimicitias
1329 2180 1411 2231 jam
1441 2180 1508 2218 diu
1540 2180 1726 2232 susceptas

311 2242 489 2296 persequi
508 2243 653 2282 diceret
671 2258 679 2281 ε
713 2257 806 2281 cum
827 2245 1027 2283 auctoritas
1053 2255 1091 2284 et
1111 2245 1278 2299 dignitas
1301 2246 1448 2285 Pisonis
1468 2246 1615 2284 valebat
1635 2246 1727 2297 plu-

311 2309 473 2355 rimum,
495 2318 582 2350 turn
602 2310 669 2348 illa
688 2320 765 2348 erat
786 2310 894 2349 causa
920 2311 1137 2364 justissima,
1171 2313 1278 2365 quod
1297 2325 1388 2350 eum
1409 2312 1479 2350 fibi
1499 2310 1635 2349 Achaei
1656 2324 1726 2364 pa-

311 2384 470 2415 tronum
491 2377 730 2430 adoptarant.
755 2374 931 2424 Etenim,
950 2392 1043 2417 cum
1064 2379 1126 2417 lex
1147 2379 1225 2432 ipsa
1246 2379 1292 2416 de
1311 2378 1485 2430 pecuniis
1506 2377 1728 2430 repetundis

313 2441 504 2482 sociorum
537 2452 653 2496 atque
673 2445 889 2483 amicorum
920 2446 1057 2499 populi
1077 2445 1249 2483 Romani
1280 2443 1389 2481 causa
1409 2453 1536 2496 parata
1556 2444 1615 2489 sit,
1649 2445 1728 2482 ini-

314 2521 439 2560 quum
456 2510 522 2554 est,
538 2523 615 2548 non
629 2524 720 2549 eum
737 2512 832 2563 legis
844 2512 1063 2564 judiciique
1077 2513 1241 2549 aetorem
1263 2509 1449 2549 idoneum
1466 2511 1636 2550 maxime
1652 2525 1728 2564 pu-

315 2575 402 2621 tari,
424 2588 544 2626 quem
574 2578 740 2615 atrorem
771 2578 889 2616 causa:
910 2577 982 2616 suae
1009 2577 1115 2621 socii,
1148 2575 1465 2630 defensoremque
1484 2577 1730 2617 fortunarum

399 2641 472 2679 To
491 2653 541 2679 M.
575 2641 631 2680 IV
638 2672 645 2680 .
1391 2644 1425 2680 R.
