2201 2792
448 175 500 225 84
955 179 1318 217 ORATIO.

471 276 705 315 XXXVIII.
720 277 838 315 Venit
858 277 898 315 in
919 278 1213 331 decem-primis
1231 280 1376 332 legatus
1397 279 1437 317 in
1453 278 1568 317 castra
1581 278 1734 331 Capito.
1752 279 1839 318 To-

443 350 522 379 tam
543 343 676 386 vitam,
696 352 882 388 naturam,
901 345 1098 396 moresque
1114 344 1284 384 hominis
1304 360 1352 385 ex
1371 346 1448 398 ipsa
1466 345 1656 397 legatione
1675 344 1838 398 cognos-

443 407 531 445 cite.
575 407 659 445 Nisi
680 409 958 454 intellexeritis,
981 411 1150 460 Judices,
1186 412 1342 449 nullum
1361 411 1431 449 effe
1460 411 1650 456 officium,
1682 411 1839 450 nullum

435 472 500 524 jus
522 482 600 511 tam
613 474 783 512 sanetum
804 485 916 526 atque
937 477 1145 528 integrum,
1160 477 1264 528 quod
1284 491 1361 516 non
1381 478 1460 528 ejus
1482 476 1601 519 scelus
1621 485 1734 528 atque
1749 489 1836 529 per-

443 537 533 576 fidia
552 540 716 584 violarit,
733 550 769 577 et
786 541 1042 586 imminuerit,
1056 543 1181 580 virum
1201 543 1398 594 optimum
1414 541 1485 580 effe
1503 556 1594 580 eum
1608 542 1836 594 judicatote.

497 605 784 657 Impedimento
818 607 884 652 est,
916 621 993 659 quo
1024 609 1153 646 minus
1188 608 1233 646 de
1263 608 1324 646 his
1356 608 1468 646 rebus
1495 608 1598 659 Sylla
1629 607 1836 646 doceatur:

442 678 668 709 caeterorum
686 671 899 724 legatorum
930 673 1085 711 consilia
1113 682 1151 711 et
1181 674 1421 712 voluntatem
1443 672 1694 726 Chrysogono
1713 685 1838 711 enun-

441 736 534 774 tiat:
558 748 704 782 monet,
725 746 768 775 ut
787 738 996 790 provideat,
1018 753 1065 777 ne
1085 739 1213 791 palam
1235 753 1291 777 res
1311 749 1467 792 agatur:
1499 739 1678 783 ostendit,
1699 738 1726 776 fi
1746 737 1835 777 sub-

441 800 517 839 lata
536 801 581 839 fit
598 802 766 840 venditio
787 803 991 848 bonorum,
1026 804 1140 842 illum
1160 804 1368 857 pecuniam
1393 805 1578 857 grandem
1597 802 1837 847 amissurum,

441 866 513 904 sese
532 868 667 919 capitis
698 869 916 920 periculum
946 869 1153 907 aditurum.
1187 870 1306 907 Illum
1326 883 1457 907 acuere
1472 888 1484 914 ς
1515 868 1601 914 hos,
1637 869 1705 921 qui
1725 867 1837 906 simul

439 943 545 972 erant
564 934 677 979 rnifli,
699 933 855 973 fallere:
891 935 1005 973 illum
1026 936 1236 974 identidem
1257 949 1427 981 monere,
1460 945 1503 974 ut
1529 945 1703 980 caveret3
1734 933 1838 972 hisce

439 999 612 1038 insidiose
631 999 736 1053 spem
755 999 888 1038 falsam
908 1001 1102 1038 ostendere
1119 1016 1128 1039 ε
1161 1014 1253 1038 cum
1273 1001 1342 1043 illo
1367 1009 1499 1038 contra
1517 999 1588 1038 hos
1618 1001 1715 1041 inire
1740 1013 1837 1038 con—

438 1065 544 1109 silia;
576 1065 716 1103 horum
738 1066 893 1103 consilia
922 1066 980 1103 illi
1001 1067 1223 1104 enuntiare:
1255 1080 1348 1104 cum
1368 1067 1438 1104 illo
1468 1076 1615 1119 partem
1636 1066 1742 1104 suain
1768 1066 1837 1104 de-

438 1132 576 1183 pacisci
593 1150 604 1176 ;
636 1131 738 1169 hisce
758 1132 884 1184 aliqua
904 1131 1023 1170 fretus
1044 1132 1137 1170 hora
1156 1133 1302 1184 semper
1320 1146 1453 1173 omnes
1473 1133 1597 1171 aditus
1618 1133 1664 1170 ad
1693 1132 1837 1182 Syllam

437 1198 704 1235 intercludere.
739 1198 948 1241 Postremo,
980 1197 1050 1235 isto
1080 1197 1286 1241 hortatore,
1318 1200 1482 1242 auctore,
1513 1196 1763 1241 interceffore,
1791 1197 1838 1235 ad

438 1264 582 1315 Syllam
602 1264 715 1315 legati
735 1277 812 1300 non
833 1263 1007 1300 adierunt
1025 1278 1033 1301 :
1067 1263 1172 1301 istius
1192 1263 1281 1308 fide,
1312 1277 1354 1300 ac
1374 1264 1502 1315 potius
1518 1263 1676 1316 perfidia
1695 1263 1835 1315 decep-

437 1330 482 1374 ti,
518 1330 573 1380 (id
595 1329 699 1381 quod
729 1342 775 1366 ex
806 1328 893 1381 ipsis
924 1329 1151 1380 cognoscere
1180 1330 1368 1381 poteritis,
1399 1330 1425 1367 fi
1452 1329 1644 1367 accusator
1673 1329 1836 1367 voluerit

437 1395 699 1433 testimonium
733 1395 786 1432 eis
822 1394 1062 1446 denuntiare)
1093 1407 1162 1447 pro
1193 1408 1231 1432 re
1263 1403 1365 1433 certa
1383 1394 1490 1447 spem
1509 1394 1643 1432 falsam
1669 1395 1836 1433 domum

438 1461 660 1499 retulerunt.

492 1528 537 1565 In
558 1526 712 1578 privatis
737 1525 848 1564 rebus
880 1526 906 1563 fi
927 1525 995 1578 qui
1015 1539 1096 1564 rein
1126 1526 1346 1564 mandatam
1373 1539 1449 1564 non
1471 1526 1589 1564 modo
1610 1525 1836 1564 malitiosius

435 1593 606 1645 gestisset,
638 1592 694 1630 sui
714 1590 891 1644 quaestsis,
921 1601 986 1630 aut
1018 1593 1218 1631 commodi
1249 1591 1371 1637 causd,
1401 1606 1537 1630 verum
1563 1592 1680 1630 etiam
1707 1592 1834 1644 negli-

434 1659 584 1710 gentius
601 1676 613 1702 3
645 1671 735 1696 eum
757 1658 916 1709 majores
937 1657 1135 1696 summum
1165 1657 1348 1696 admififfe
1368 1658 1531 1697 dedecus
1549 1657 1834 1696 existimabant.

435 1724 569 1775 Itaque
605 1722 774 1760 mandati
808 1722 1061 1762 constitutum
1095 1723 1147 1760 est
1170 1711 1367 1774 judicium
1384 1752 1395 1768 ,
1438 1737 1515 1761 non
1542 1723 1672 1761 minus
1708 1731 1834 1775 turpe,

434 1802 550 1840 quam
571 1787 678 1832 furti.
722 1787 848 1826 Credo
868 1796 1078 1840 propterea,
1114 1789 1234 1840 quod,
1266 1789 1407 1841 quibus
1427 1789 1468 1826 in
1489 1789 1601 1827 rebus
1621 1788 1690 1840 ipsi
1711 1788 1832 1826 inter-

434 1855 504 1892 effe
524 1868 600 1892 non
622 1853 830 1907 possumus,
862 1853 901 1889 in
932 1852 994 1890 his
1026 1867 1148 1905 operae
1178 1854 1311 1891 nostrae
1336 1854 1474 1891 vicaria
1503 1854 1596 1891 fides
1616 1853 1833 1891 amicorum

435 1920 686 1972 supponitur3
720 1932 838 1969 quani
860 1918 927 1969 qui
948 1918 1065 1962 laedit,
1087 1927 1286 1970 oppugnat
1304 1919 1484 1957 omnium
1504 1932 1715 1957 commune
1734 1933 1832 1972 prae-

435 1987 586 2029 sidium,
609 1994 659 2028 et,
682 1993 870 2035 quantum
890 1984 929 2021 in
950 1983 1032 2035 ipso
1053 1984 1117 2028 est,
1150 1984 1334 2023 disturbat
1354 1986 1439 2023 vitae
1460 1985 1693 2023 societatem.
1737 1986 1832 2024 Non

434 2052 537 2088 enim
560 2049 753 2103 poffunius
775 2050 906 2087 omnia
937 2063 1002 2102 per
1029 2063 1096 2088 nos
1117 2064 1239 2103 agere.
1270 2051 1382 2089 Alius
1410 2051 1450 2088 in
1471 2052 1543 2089 alia
1561 2051 1612 2089 est
1639 2065 1678 2089 re
1709 2053 1832 2104 magis

433 2117 552 2155 utilis.
586 2116 735 2154 Idcirco
756 2115 933 2154 amicitiae
954 2126 1238 2168 comparantur,
1271 2125 1316 2154 ut
1344 2129 1555 2154 commune
1575 2117 1833 2155 commodum

432 2183 579 2221 mutuis
601 2181 752 2220 officiiis
772 2182 1019 2234 gubernetur.
1063 2182 1173 2233 Qid
1192 2182 1331 2235 recipis
1352 2183 1594 2227 mandatum,
1620 2182 1647 2220 fi
1675 2191 1739 2220 aut
1760 2195 1830 2219 ne-

432 2249 637 2300 glecturus‚
669 2256 733 2284 aut
763 2247 809 2284 ad
830 2256 943 2284 tuum
974 2248 1230 2286 commodum
1262 2248 1508 2286 conversurus
1540 2247 1610 2285 es?
1641 2261 1710 2284 cur
1730 2246 1831 2285 inihi

434 2325 470 2351 te
490 2313 618 2359 offers,
651 2326 692 2351 ac
714 2314 809 2351 meis
831 2312 1063 2356 commodis,
1085 2314 1215 2352 officio
1235 2314 1425 2358 simulato,
1458 2313 1581 2350 officis
1608 2322 1645 2349 et
1675 2313 1797 2350 obstas
1816 2314 1829 2348 ?

432 2380 562 2418 recede
582 2380 627 2417 de
645 2379 798 2423 medio;
821 2392 887 2431 per
903 2378 1023 2416 alium
1044 2379 1258 2431 transigam.
1282 2378 1446 2430 Suscipis
1465 2391 1560 2416 onus
1577 2377 1709 2421 officii,
1725 2378 1829 2429 quod

432 2455 468 2482 te
489 2456 598 2496 putas
619 2445 795 2484 sustinere
816 2444 916 2498 poffe
931 2463 944 2492 5
969 2444 1074 2497 quod
1094 2445 1259 2483 minime
1279 2445 1430 2483 videtur
1448 2457 1559 2497 grave
1578 2444 1639 2489 iis,
1662 2443 1731 2495 qui
1750 2443 1829 2482 ini-

432 2511 538 2550 nime
558 2511 625 2565 ipsi
648 2511 744 2550 leves
768 2511 867 2551 sunt.
