2201 2792
565 183 645 221 490
1065 166 1466 204 ORATIO

565 265 751 304 haberent
782 273 846 303 aut
880 263 925 302 ad
947 264 1236 303 ementiendum
1255 264 1391 309 animi,
1419 272 1484 302 aut
1514 263 1560 301 ad
1592 261 1820 316 fingendum
1851 262 1960 315 inge-

566 333 652 377 nii;
684 346 762 370 non
798 331 955 370 meliore
986 330 1140 368 fortuna
1173 331 1218 368 ad
1253 331 1391 383 probra
1421 344 1498 368 non
1529 329 1715 368 audienda
1748 329 1961 373 Fonteius,

567 413 685 452 quam
707 399 779 444 illi,
813 399 858 436 de
878 398 1020 450 quibus
1042 407 1150 435 antea
1168 397 1485 442 commemoravi,
1517 396 1658 436 fuiffet.
1690 397 1812 449 Frugi
1843 396 1965 449 igitur

566 465 784 510 hominem,
806 465 976 516 Judices,
1000 463 1117 516 frugi,
1140 464 1316 516 inquam,
1349 472 1387 501 et
1407 464 1447 501 in
1474 464 1658 502 omnibus
1684 464 1771 502 vitae
1791 462 1965 516 partibus

567 532 811 570 moderatum
838 544 881 568 ac
913 538 1207 583 temperantem,
1240 530 1403 582 plenum
1432 529 1604 582 pudoris,
1636 529 1798 583 plenum
1828 528 1964 573 officii,

568 598 729 650 plenum
751 596 962 649 religionis,
998 596 1134 633 videtis
1158 595 1327 648 positum
1347 596 1388 633 in
1410 595 1527 634 vestra
1556 595 1646 641 fide,
1678 608 1721 634 ac
1750 594 1934 649 potestate
1950 611 1964 638 ;

568 673 682 717 atque
702 665 768 709 ita,
791 673 832 701 ut
853 662 1076 701 commiffus
1097 663 1141 701 fit
1161 662 1263 708 fidei,
1285 661 1486 715 permiffus
1506 662 1697 715 potestati.

624 731 762 768 Videte
793 730 931 782 igitur,
967 738 1099 767 utrum
1131 729 1174 767 fit
1205 729 1373 782 aequius,
1407 727 1612 767 hominem
1642 727 1965 772 honestiflimum,

568 795 698 833 virum
730 794 994 838 fortiffimum,
1031 794 1157 832 civem
1187 795 1401 846 optimum,
1436 793 1524 831 dedi
1550 794 1822 832 inimiciffimis
1853 802 1968 846 atque

568 859 854 899 immaniffimis
883 859 1118 905 nationibus,
1154 873 1200 897 an
1231 859 1337 897 reddi
1368 859 1527 904 amicis3
1559 859 1766 912 praesertim
1797 872 1889 898 cum
1910 866 1968 897 tot

570 940 627 964 res
648 926 720 964 sint
734 955 745 971 ,
779 939 864 978 quae
895 925 1022 964 vestris
1044 925 1181 963 animis
1213 939 1282 979 pro
1302 924 1418 978 hujus
1438 926 1655 964 innocentis
1677 925 1793 964 salute
1819 924 1967 978 suppli-

570 1002 685 1031 cent:
718 992 890 1045 primum
912 993 1059 1044 generis
1090 992 1311 1044 antiquitas,
1345 1005 1463 1044 quam
1483 992 1656 1030 Tusculo
1686 1006 1733 1030 ex
1764 991 1970 1030 clariffimo

571 1060 790 1112 municipio
823 1058 1050 1111 profectam,
1084 1058 1124 1096 in
1146 1060 1410 1097 monumentis
1432 1073 1560 1096 rerum
1592 1059 1781 1111 gestarum
1811 1057 1970 1096 incisam

572 1139 614 1164 ac
637 1134 804 1164 notatam
825 1125 1002 1163 videmus
1021 1140 1029 1163 :
1055 1134 1139 1164 tum
1161 1134 1291 1163 autem
1311 1126 1504 1164 continuae
1524 1134 1709 1178 praeturae,
1731 1139 1816 1178 quae
1835 1133 1874 1162 et
1894 1138 1969 1162 cae-

572 1192 662 1228 teris
682 1191 932 1234 ornamentis,
970 1199 1007 1228 et
1033 1191 1315 1229 existimatione
1347 1192 1590 1236 innocentiae,
1627 1191 1797 1229 maxime
1827 1190 1969 1228 florue-

574 1267 691 1295 runt:
724 1257 860 1294 deinde
893 1270 1021 1294 recens
1044 1257 1231 1295 memoria
1263 1258 1442 1309 parentis,
1472 1258 1581 1308 cujus
1609 1257 1789 1309 sanguine
1809 1269 1887 1294 non
1909 1255 1969 1293 so-

574 1324 658 1361 lum
682 1323 964 1360 Asculanorum
987 1337 1138 1367 manus,
1171 1336 1190 1360 a
1209 1337 1284 1376 qua
1303 1323 1524 1362 interfeecus
1545 1324 1610 1368 est,
1641 1323 1703 1361 sed
1724 1331 1852 1361 totum
1872 1322 1971 1360 illud

575 1390 711 1427 sociale
733 1389 881 1427 bellum
902 1389 1052 1427 macula
1072 1389 1219 1427 sceleris
1236 1390 1436 1427 imbutum
1457 1390 1533 1428 est:
1557 1390 1748 1443 postremo
1768 1389 1861 1442 ipse,
1878 1403 1972 1428 cum

576 1458 616 1494 in
647 1457 830 1494 omnibus
862 1456 947 1493 vitae
980 1457 1150 1508 partibus
1182 1455 1361 1494 honestus
1393 1466 1507 1508 atque
1538 1458 1711 1509 integer,
1746 1465 1833 1494 tum
1864 1457 1905 1494 in
1932 1470 1971 1494 re

576 1524 735 1561 militari
770 1537 861 1561 cum
898 1522 1041 1560 summi
1076 1522 1224 1560 consilii
1244 1531 1282 1560 et
1315 1523 1478 1560 maximi
1512 1523 1645 1567 animi,
1677 1531 1762 1560 turn
1794 1536 1883 1560 vero
1904 1523 1971 1560 usu

577 1603 731 1642 quoque
758 1589 948 1626 bellorum
970 1589 1225 1640 gerendorum
1256 1590 1296 1627 in
1329 1589 1465 1642 primis
1495 1603 1629 1628 eorum
1648 1588 1873 1634 hominum,
1904 1589 1973 1641 qui

578 1669 681 1693 nunc
704 1656 803 1700 sunt,
825 1656 1069 1693 exercitatus.

633 1723 723 1760 XV.
758 1723 900 1773 Qare,
934 1722 959 1759 fi
980 1723 1097 1760 etiam
1119 1715 1303 1759 monendi
1334 1721 1419 1759 estis
1440 1735 1460 1760 a
1481 1736 1556 1767 me,
1578 1722 1749 1773 Judices,
1772 1721 1877 1774 quod
1897 1733 1974 1759 non

577 1789 678 1832 estis,
712 1788 840 1826 videor
873 1787 949 1826 hoc
981 1788 1115 1825 leviter
1150 1802 1220 1840 pro
1256 1801 1340 1825 mea
1371 1789 1592 1826 auctoritate
1627 1788 1736 1826 vobis
1770 1787 1974 1840 praecipere

580 1854 693 1906 poffe,
712 1864 754 1892 ut
775 1867 822 1892 ex
840 1868 884 1892 eo
904 1867 1040 1906 genere
1060 1853 1253 1898 homiues,
1269 1867 1436 1906 quorum
1454 1855 1609 1906 cognita
1624 1854 1759 1897 virtus,
1777 1853 1973 1898 industria,

579 1920 757 1964 felicitas,
794 1920 833 1956 in
855 1933 893 1956 re
914 1920 1073 1956 militari
1095 1920 1153 1964 fit,
1182 1919 1385 1971 diligenter
1412 1920 1518 1957 vobis
1540 1919 1756 1956 retinendos
1777 1919 1975 1957 existime-

580 1986 641 2022 tis.
678 1985 767 2022 Fuit
788 1985 893 2022 enim
916 1985 1036 2035 major
1063 1984 1200 2022 talium
1233 1984 1402 2022 virorum
1436 1985 1474 2021 in
1506 1983 1577 2022 hac
1610 1984 1806 2036 republica
1839 1985 1974 2037 copia:

581 2064 663 2103 quae
685 2064 777 2088 cum
798 2050 899 2095 effet,
917 2060 1043 2087 tamen
1064 2064 1196 2088 eorum
1221 2064 1295 2088 non
1319 2050 1436 2088 modo
1457 2049 1580 2095 saluti,
1602 2051 1663 2088 sed
1684 2051 1801 2088 etiam
1820 2049 1975 2095 honorI,

581 2116 863 2153 confluebatur.
897 2115 1005 2166 (Qid
1037 2129 1141 2153 nunc
1163 2116 1271 2154 vobis
1293 2114 1513 2153 faciendum
1544 2116 1611 2161 est,
1642 2116 1773 2154 studiis
1795 2115 1976 2154 militari-

582 2183 653 2220 bus
675 2182 775 2235 apud
801 2183 1046 2233 juventutem
1079 2182 1286 2228 obsoletis,
1320 2182 1547 2221 hominibus
1569 2192 1712 2228 autem,
1745 2196 1788 2222 ac
1815 2182 1977 2220 summis

582 2248 761 2292 ducibus,
784 2247 923 2300 partim
946 2256 1066 2292 oetate,
1102 2249 1242 2300 partim
1274 2249 1439 2286 civitatis
1461 2248 1657 2286 discordiis
1688 2261 1729 2285 ac
1756 2247 1978 2299 reipublicae

582 2315 810 2358 calamitate,
829 2313 1093 2366 consumptis?
1115 2327 1206 2352 cum
1229 2323 1285 2352 tot
1307 2315 1407 2352 bella
1427 2323 1491 2351 aut
1511 2327 1531 2351 a
1551 2314 1662 2351 nobis
1684 2313 1884 2352 necessario
1900 2313 1976 2351 sus-

582 2381 787 2433 cipiantur,
806 2389 869 2417 aut
891 2379 1017 2417 subito
1038 2379 1151 2431 atque
1172 2379 1377 2431 improvisa
1397 2378 1616 2417 nascantur?
1640 2392 1767 2417 nonne
1786 2388 1824 2416 et
1844 2377 1976 2417 homi-

584 2461 674 2484 nem
696 2446 821 2499 ipsum
843 2446 888 2484 ad
909 2445 1026 2483 dubia
1042 2445 1262 2498 reipublicae
1281 2454 1454 2497 tempora
1474 2445 1752 2492 reservandum,
1767 2455 1804 2484 et
1824 2454 1977 2484 caeteros

585 2513 708 2551 studio
730 2512 850 2551 laudis
872 2526 913 2551 ac
935 2512 1086 2551 virtutis
1107 2511 1417 2558 inflammandos,
1438 2512 1581 2565 putatis
1600 2512 1614 2549 ?
