2201 2792
759 121 897 161 PRO
955 122 1007 160 A.
1068 123 1384 164 CAECINA.
1695 143 1772 184 503

378 219 490 259 Visus
511 220 564 258 est
583 218 685 258 mihi
715 219 843 273 primo
863 227 1050 258 veterator
1070 220 1287 274 intelligere
1321 224 1512 275 praeclare,
1543 227 1636 278 quid
1668 230 1777 268 causa

376 296 526 340 optaret
543 305 555 332 ς
587 295 626 324 et
656 287 933 324 tantummodo
963 300 1097 333 errare,
1130 289 1235 341 quod
1256 302 1390 327 omnes
1419 290 1527 329 testes
1548 292 1775 341 infirmaret,

375 356 444 406 qui
475 364 562 392 ante
581 367 673 392 eum
692 353 898 393 dixissent:
930 368 1023 393 cum
1050 355 1177 394 subito
1196 369 1285 395 ecce
1305 357 1425 403 idem,
1447 358 1516 411 qui
1547 358 1655 406 solet,
1688 361 1774 400 suos

375 420 472 459 solos
495 421 616 460 servos
637 430 801 459 armatos
822 420 932 459 fuiffe
951 421 1063 461 dixit.

429 488 503 525 XI.
537 487 646 539 Qid
666 485 761 524 huic
782 496 824 525 tu
844 485 999 526 homini
1020 487 1137 526 facias
1157 489 1170 525 ?
1201 502 1330 527 nonne
1350 490 1538 529 concedas
1559 492 1771 539 interdum,

375 562 420 592 ut
439 553 682 592 excusatione
703 553 863 592 summae
883 554 1054 593 stultitiae
1075 554 1236 594 summae
1256 555 1518 609 improbitatis
1539 559 1676 598 odium
1703 561 1771 599 de-

372 621 584 673 precetur?
617 621 780 664 Utrum,
802 622 1120 672 Recuperatores‚
1152 621 1214 659 his
1243 622 1401 661 testibus
1432 637 1512 662 non
1546 626 1769 672 credidistis,

372 699 480 730 cum,
518 686 614 738 quid
647 685 826 736 liqueret,
864 699 942 723 non
969 685 1189 725 habuistis?
1220 689 1276 726 At
1307 690 1560 728 controverfia
1579 705 1658 730 non
1679 703 1770 739 erat,

371 753 468 804 quin
489 766 624 791 verum
656 752 840 790 dicerent.
873 754 954 798 An,
985 753 1026 791 in
1052 756 1180 792 coacta
1200 755 1471 800 multitudine,
1504 757 1545 795 in
1567 760 1698 804 armis,
1730 761 1771 799 in

370 820 471 865 telis,
491 820 530 857 in
551 819 725 872 praesenti
745 828 852 857 metu
874 821 1025 865 mortis,
1047 821 1248 874 perspicuo
1266 823 1441 875 periculo
1460 825 1587 870 caedis,
1605 825 1768 866 dubium

370 886 480 924 vobis
502 885 594 931 fuit,
617 894 750 923 utrum
771 885 844 923 effe
864 886 920 924 vis
941 887 1069 940 aliqua
1087 888 1294 934 videretur,
1328 902 1449 927 necne
1468 891 1480 927 ?
1514 892 1669 943 Qibus
1691 895 1767 947 igi-

369 961 433 991 tur
463 953 504 990 in
522 953 634 990 rebus
666 953 722 990 vis
743 952 913 1005 intelligi
934 953 1070 1006 potest,
1102 954 1128 992 si
1160 955 1202 992 in
1222 954 1283 993 his
1301 969 1380 994 non
1402 956 1640 1010 intelligetur
1658 960 1671 996 ?
1704 963 1768 999 An

366 1032 456 1058 vero
476 1019 543 1058 illa
561 1018 729 1057 defenfio
742 1019 851 1057 vobis
868 1020 1046 1072 praeclara
1063 1021 1139 1059 visa
1157 1021 1235 1059 est?
1260 1021 1354 1060 Non
1371 1023 1506 1075 dejeci,
1529 1024 1591 1063 sed
1611 1026 1764 1066 obstiti:

367 1098 447 1123 non
467 1085 573 1123 enim
594 1094 631 1123 te
652 1085 736 1123 sum
752 1084 873 1138 paffus
887 1086 927 1123 in
944 1085 1113 1125 fundum
1130 1087 1300 1141 ingredi3
1325 1087 1386 1126 sed
1401 1098 1564 1128 armatos
1585 1089 1765 1131 homines

367 1151 546 1204 opposui,
574 1160 618 1189 ut
638 1151 884 1204 intelligeres,
907 1153 933 1190 s1
953 1152 994 1190 in
1025 1152 1149 1191 fundo
1169 1153 1307 1206 pedem
1328 1154 1522 1207 posuisses,
1545 1156 1673 1196 statim
1695 1160 1767 1198 tibi

366 1217 438 1255 effe
456 1218 712 1271 pereundum.
757 1218 864 1271 Qid
896 1220 980 1256 ais?
1011 1220 1057 1265 is,
1090 1220 1160 1271 qui
1181 1221 1296 1258 armis
1316 1221 1556 1274 perterritus,
1591 1223 1765 1278 fugatus,

365 1283 497 1337 pulsus
518 1284 584 1330 est,
616 1298 695 1322 non
715 1284 866 1322 videtur
884 1285 956 1323 effe
977 1285 1144 1338 dejectus
1169 1286 1182 1323 ?

420 1351 611 1390 Posterius
638 1352 685 1390 de
721 1351 836 1390 verbo
865 1352 1115 1392 videbimus:
1153 1367 1259 1392 nunc
1290 1368 1372 1393 rem
1404 1355 1525 1409 ipsam
1557 1371 1764 1411 ponamus,

366 1431 486 1469 quam
506 1419 565 1457 illi
584 1433 664 1457 non
694 1427 863 1471 negant,
896 1428 934 1457 et
964 1421 1045 1471 ejus
1067 1421 1120 1458 rei
1145 1421 1210 1472 jus
1242 1421 1512 1475 actionemque
1532 1438 1762 1477 quaeramus.

364 1485 434 1523 Est
452 1484 535 1523 haec
557 1499 613 1523 res
633 1485 767 1538 pofita,
801 1498 886 1536 quae
917 1485 964 1523 ab
984 1486 1193 1524 adversario
1223 1500 1301 1524 non
1333 1498 1515 1541 negatur:
1550 1492 1762 1538 Caecinam,

364 1563 458 1588 cum
478 1551 524 1590 ad
544 1551 792 1589 constitutam
813 1551 933 1596 diem,
955 1552 1199 1605 tempusque,
1217 1553 1386 1599 venisset,
1410 1565 1452 1593 ut
1467 1556 1532 1608 jus
1552 1571 1596 1595 ac
1616 1558 1761 1597 deduc-

364 1616 421 1654 tio
441 1617 615 1654 moribus
636 1616 758 1662 fieret,
778 1616 934 1669 pulsum
954 1616 1279 1671 prohibitumque
1300 1619 1370 1657 effe
1391 1621 1443 1666 vi,
1466 1624 1606 1660 coactis
1627 1622 1762 1663 homi-

363 1683 479 1721 nibus
500 1692 538 1721 et
558 1684 727 1722 armatis.
761 1684 866 1722 Cum
886 1682 962 1722 hoc
982 1685 1142 1730 constet,
1165 1698 1250 1738 ego,
1283 1684 1404 1725 homo
1424 1687 1630 1741 imperitus
1645 1691 1758 1742 juris,

362 1749 518 1802 ignarus
540 1750 783 1802 negotiorum
804 1764 846 1788 ac
877 1751 1024 1796 litium,
1055 1750 1155 1790 hanc
1186 1761 1282 1804 puto
1302 1767 1365 1791 me
1385 1753 1526 1793 habere
1551 1757 1757 1803 actionem,

363 1825 408 1854 ut
426 1831 493 1869 per
513 1817 762 1856 interdictum
784 1831 918 1856 meum
933 1819 998 1871 jus
1020 1828 1184 1864 teneam,
1206 1828 1321 1872 atque
1341 1821 1523 1873 injuriam
1544 1832 1648 1861 tuam
1669 1838 1758 1877 per-

362 1883 509 1935 sequar.
548 1885 580 1922 F
583 1898 626 1922 ac
646 1885 686 1922 in
707 1884 781 1922 hoc
802 1899 922 1923 errare
943 1899 1019 1930 me,
1051 1899 1122 1924 nec
1144 1886 1224 1925 ullo
1245 1887 1363 1925 modo
1383 1889 1484 1939 poffe
1510 1904 1578 1942 per
1597 1889 1673 1928 hoc
1694 1891 1756 1929 in-

362 1950 570 1988 terdictum
591 1951 630 1988 id
647 1950 801 2003 assequi,
821 1952 925 2004 quod
946 1953 1084 1991 velim:
1108 1962 1145 1990 te
1166 1953 1223 1991 uti
1243 1953 1283 1991 in
1305 1952 1376 1992 hac
1397 1968 1436 1992 re
1456 1957 1636 2008 magistro
1652 1958 1755 1997 volo.

363 2016 520 2066 QaerO,
554 2017 648 2055 fitne
670 2017 796 2069 aliqua
816 2017 933 2070 hujus
954 2019 1006 2056 rei
1027 2020 1139 2064 actio,
1168 2033 1214 2057 an
1236 2019 1354 2059 nulla.
1388 2022 1602 2060 Convocari
1621 2022 1756 2062 homi-

361 2095 426 2119 nes
448 2093 603 2135 propter
623 2084 853 2136 poffcffionis
875 2086 1168 2123 controversiam
1189 2100 1268 2124 non
1288 2096 1465 2139 oportet:
1489 2091 1626 2127 armari
1647 2091 1755 2128 mul-

362 2148 585 2193 titudinem,
616 2150 715 2201 juris
739 2151 928 2188 retinendi
949 2151 1069 2195 causa,
1097 2165 1175 2189 non
1195 2153 1404 2191 convenit:
1439 2168 1509 2192 nec
1535 2156 1615 2207 juri
1636 2157 1752 2208 quid-

360 2228 478 2266 quam
511 2224 589 2252 tam
611 2216 834 2261 inimicum,
870 2231 987 2268 quam
1020 2217 1099 2255 vis:
1134 2232 1204 2256 nec
1237 2219 1406 2271 aequitati
1437 2222 1650 2274 quidquam
1673 2231 1751 2259 tam

360 2280 544 2319 infestum
565 2282 630 2326 est,
653 2296 768 2334 quam
791 2285 990 2321 convocati
1008 2283 1201 2329 homines,
1224 2294 1260 2322 et
1279 2287 1428 2324 armati.

415 2348 510 2385 XII.
542 2348 659 2399 Qod
679 2363 769 2386 cum
792 2349 844 2387 ita
865 2350 922 2393 fit,
956 2349 1085 2402 resque
1112 2351 1299 2403 ejusmodi
1331 2352 1389 2396 sit,
1422 2360 1463 2388 ut
1495 2352 1534 2388 in
1565 2353 1700 2403 primis
1731 2367 1750 2390 a

360 2413 641 2464 magistratibus
674 2415 1005 2453 animadvertenda
1024 2416 1093 2454 effe
1114 2417 1297 2460 videatur,
1330 2417 1470 2454 iterum
1492 2431 1634 2468 quaem,
1657 2419 1751 2456 sitne

359 2479 438 2530 ejus
460 2478 513 2516 rei
534 2479 660 2531 aliqua
681 2481 791 2525 actio,
811 2494 856 2519 an
878 2481 996 2520 nulla.
1021 2482 1185 2520 Nullam
1206 2481 1276 2519 effe
1299 2482 1399 2519 dices
1419 2483 1429 2519 ἓ
1454 2483 1582 2520 audire
1603 2485 1718 2537 cupio
1736 2501 1745 2523 ;
