2201 2792
535 192 665 232 PRO
698 190 836 229 SEX.
868 189 1125 229 ROSCIO
1156 189 1513 230 AMERINO.
1686 210 1733 250 57

324 294 443 338 malo,
479 306 596 345 quam
617 291 672 336 id,
701 291 808 344 quod
834 289 933 330 mihi
957 304 1050 328 cum
1079 289 1155 329 fide
1176 289 1293 329 semel
1320 291 1548 344 impositum
1576 292 1640 337 est,
1673 305 1738 332 aut

323 369 478 414 propter
497 358 699 412 perfidiam
725 359 903 411 abjicere,
935 368 1000 396 aut
1030 368 1186 412 propter
1216 357 1487 397 infirmitatem
1518 359 1639 398 animi
1669 360 1737 399 de-

324 441 480 481 ponere.
514 428 576 465 Te
609 439 767 479 quoque
787 439 1034 479 magnopere,
1071 427 1135 465 M.
1159 426 1299 471 Fanni,
1332 426 1472 479 quaeso,
1502 435 1560 472 ut,
1583 427 1739 480 qualem

326 505 362 533 te
374 495 458 548 jam
479 504 587 532 antea
601 494 749 547 populo
770 494 950 532 Romano
966 493 1176 547 praebuisti,
1193 507 1287 532 cum
1304 492 1397 533 huic
1417 494 1524 533 idem
1541 494 1740 548 quaestioni

317 562 442 614 judex
462 561 644 615 praeeffes‚
667 562 785 600 talem
807 570 844 600 te
876 571 913 600 et
934 562 1062 607 nobis,
1093 571 1132 600 et
1152 561 1301 616 populo
1321 561 1505 601 Romano
1539 561 1615 602 hoc
1637 571 1739 602 tem-

322 642 417 681 pore
437 628 649 682 impertias.

380 695 431 734 V.
465 697 622 749 Qanta
642 695 857 734 multitudo
883 695 1096 734 hominum
1127 695 1351 734 convenerit
1377 695 1425 734 ad
1443 694 1520 734 hoc
1543 695 1743 749 judicium

322 760 428 801 vides
447 777 456 801 ε
489 777 576 816 quae
595 763 641 802 fit
660 763 843 802 omnium
865 763 1093 802 mortalium
1113 763 1341 816 expectatio,
1365 775 1451 816 quae
1471 763 1680 817 cupiditas,
1700 772 1743 801 ut

323 830 438 876 acria,
459 844 502 869 ac
521 829 646 869 severa
668 831 818 883 judicia
837 830 945 877 fiant,
968 830 1169 884 intelligis.
1213 831 1354 883 Longo
1374 830 1578 870 intervallo
1591 830 1742 884 judici-

326 910 396 935 um
416 899 515 936 inter
534 897 684 936 ficarios
706 896 783 937 hoc
813 898 988 952 primum
1019 897 1298 943 committitur,
1325 911 1421 936 cum
1448 898 1593 937 interea
1621 897 1742 937 caedes

325 962 611 1016 indigniffimae‚
635 965 896 1017 maximaeque
916 963 1023 1003 factae
1048 965 1135 1003 fint.
1170 965 1321 1002 Omnes
1342 963 1443 1002 hanc
1474 964 1742 1018 quaestionem,

326 1037 363 1066 te
385 1031 564 1074 Praetore‚
583 1030 630 1067 de
651 1029 862 1068 manifestis
883 1030 1099 1076 maleficiis,
1113 1031 1421 1084 quotidianoque
1441 1030 1624 1085 sanguine
1641 1030 1744 1070 haud

326 1096 514 1134 remiffius
535 1096 686 1148 sperant
705 1094 892 1134 futuram.

384 1162 474 1212 Qa
503 1159 780 1199 vociferatione
809 1161 852 1198 in
878 1161 1024 1199 caeteris
1049 1162 1211 1212 judiciis
1238 1162 1474 1202 accusatores
1502 1163 1560 1202 uti
1581 1163 1743 1202 consue«

325 1235 475 1272 verunt,
506 1239 550 1264 ea
568 1239 638 1265 nos
658 1224 736 1265 hoc
757 1235 934 1280 tempore
964 1226 1128 1271 utimur,
1165 1226 1235 1278 qui
1266 1227 1418 1266 causam
1440 1228 1623 1268 dicimus.
1669 1232 1743 1268 Pe-

327 1293 448 1333 timus
480 1293 546 1332 abs
568 1302 619 1339 te,
653 1293 718 1331 M.
740 1293 880 1339 Fanni,
911 1306 932 1331 a
966 1292 1163 1346 vobisque,
1186 1292 1359 1345 Judices‚
1394 1303 1438 1333 ut
1467 1308 1585 1347 quam
1606 1297 1744 1335 acerri=

323 1374 391 1399 me
410 1360 602 1400 maleficia
629 1359 834 1399 vindicetis
847 1378 861 1406 5
893 1367 937 1398 ut
957 1373 1077 1413 quam
1096 1358 1302 1399 fortiffime
1321 1359 1552 1401 hominibus
1573 1363 1745 1403 audacis-

327 1427 432 1467 fimis
464 1427 661 1472 refistatis;
694 1436 739 1465 ut
770 1426 847 1466 hoc
868 1427 1063 1481 cogitetis,
1095 1427 1166 1466 nifi
1193 1427 1234 1466 in
1265 1426 1339 1466 hac
1370 1428 1493 1474 causa,
1525 1429 1595 1482 qui
1629 1430 1748 1469 vester

328 1494 481 1533 animus
500 1493 559 1540 fit,
581 1493 803 1540 ostendetis,
834 1507 880 1533 eo
898 1508 1150 1548 prorumpere
1172 1492 1386 1534 hominum
1405 1495 1677 1550 cupiditatem,
1710 1507 1749 1536 et

324 1560 466 1608 scelus,
498 1570 537 1600 et
567 1560 781 1608 audaciam,
817 1569 861 1599 ut
893 1575 972 1601 non
1004 1561 1123 1600 modo
1153 1561 1272 1607 clam,
1305 1575 1440 1601 verum
1459 1563 1579 1602 etiam
1607 1562 1675 1602 hic
1706 1564 1748 1603 in

327 1627 428 1673 foro,
460 1637 546 1667 ante
576 1628 747 1667 tribunal
777 1636 907 1674 tuum,
938 1629 1003 1668 Μ.
1024 1628 1165 1675 Fanni,
1196 1638 1283 1668 ante
1313 1629 1427 1683 pedes
1453 1629 1609 1677 vestros,
1629 1631 1747 1683 Judi-

329 1708 408 1740 ces,
439 1695 540 1732 inter
558 1695 637 1748 ipsa
657 1694 834 1733 subsellia
853 1695 973 1733 caedes
1003 1695 1144 1734 futurae
1177 1696 1264 1734 fint.
1315 1697 1478 1735 Etenim
1514 1697 1610 1748 quid
1644 1697 1749 1735 aliud

329 1760 407 1800 hoc
428 1761 582 1814 judicio
602 1769 785 1806 tentatur,
817 1760 886 1799 nifi
908 1769 952 1799 ut
971 1761 1012 1799 id
1030 1761 1115 1799 fieri
1140 1761 1282 1799 liceat?
1314 1761 1510 1800 Accusant
1536 1762 1579 1807 ii,
1610 1763 1679 1814 qui
1707 1763 1748 1801 in

330 1827 504 1867 fortunas
523 1827 641 1881 hujus
662 1827 906 1866 invaserunt:
937 1827 1090 1867 causam
1121 1828 1217 1866 dicit
1235 1828 1282 1874 is,
1317 1828 1395 1874 cui,
1431 1838 1567 1882 praeter
1586 1829 1748 1868 calami·

331 1904 467 1940 tatem,
508 1893 610 1933 nihil
645 1894 898 1947 reliquerunt.
955 1893 1153 1933 Accusant
1178 1894 1222 1940 ii,
1265 1894 1407 1947 quibus
1441 1895 1570 1933 occidi
1596 1905 1750 1949 patrem

331 1963 418 2002 Sex.
442 1961 589 2008 Roscii,
620 1962 725 2000 bono
745 1960 849 2000 fuit:
880 1961 1032 2000 causam
1053 1961 1150 2000 dicit
1169 1962 1216 2006 is,
1247 1962 1312 2000 cui
1344 1975 1423 2000 non
1446 1961 1566 2001 modo
1597 1962 1750 2002 lud'tum

334 2043 436 2068 mors
464 2029 581 2082 patris
611 2029 757 2075 attulit,
792 2043 926 2068 verum
961 2030 1079 2068 etiam
1113 2029 1331 2083 egestatem.
1378 2029 1574 2068 Accusant
1605 2029 1649 2075 ii,
1681 2030 1750 2084 qui

331 2095 439 2134 hunc
467 2095 594 2148 ipsum
624 2097 804 2149 jugulare
838 2096 990 2135 summe
1020 2096 1255 2150 cupierunt:
1287 2095 1440 2134 causam
1477 2097 1573 2136 dicit
1603 2097 1651 2142 is,
1683 2098 1751 2150 qui

333 2162 451 2201 etiam
472 2162 517 2200 ad
538 2161 614 2200 hoc
636 2163 763 2216 ipsum
790 2163 990 2216 judicium
1017 2177 1110 2202 cum
1141 2163 1315 2217 praefidio
1347 2163 1466 2209 venit,
1497 2177 1544 2202 ne
1571 2162 1636 2202 hic
1671 2164 1750 2202 ibi-

332 2230 423 2269 dem
445 2238 532 2268 ante
551 2230 685 2268 oculos
712 2230 852 2270 vestros
874 2231 1102 2270 trucidetur.
1149 2231 1335 2284 Denique
1366 2230 1544 2269 accusant
1578 2231 1620 2275 ii,
1653 2244 1749 2282 quos

333 2296 499 2350 populus
521 2297 643 2350 poscit
661 2313 670 2336 :
693 2297 846 2337 causam
867 2298 963 2337 dicit
982 2299 1029 2346 is,
1046 2299 1115 2351 qui
1136 2312 1236 2338 unus
1258 2299 1412 2336 relictus
1430 2312 1476 2336 ex
1497 2298 1659 2336 illorum
1679 2310 1748 2334 ne-

333 2361 427 2401 saria
446 2363 548 2402 caede
567 2364 693 2403 restat.

390 2431 524 2482 Atque
555 2441 599 2469 ut
633 2431 786 2470 facilius
816 2432 1035 2485 intelligere
1069 2433 1230 2486 poffitis,
1251 2431 1424 2483 JudiceS,
1457 2443 1511 2475 ca,
1541 2443 1625 2482 quae
1656 2428 1753 2469 faeta

337 2494 437 2540 sunt,
459 2497 680 2550 indigniora
698 2498 784 2544 effe,
817 2513 937 2552 quam
962 2499 1045 2539 haec
1066 2500 1167 2544 sunt,
1199 2512 1285 2551 quae
1316 2497 1511 2542 dicimus5
1543 2497 1590 2535 ab
1622 2497 1751 2541 initio,

337 2574 395 2599 res
415 2564 750 2613 quemadmodum
770 2566 873 2618 gesta
905 2566 965 2612 fit,
996 2567 1106 2606 vobis
1138 2577 1378 2619 exponemus
1395 2583 1406 2609 3
1440 2578 1519 2617 quo
1540 2563 1692 2603 facilius
1714 2572 1752 2600 et

423 2629 494 2666 To
511 2641 562 2666 M.
595 2630 668 2669 IV.
1406 2631 1447 2670 H
