2201 2792
536 238 615 276 224
958 223 1048 262 IN
1114 223 1502 263 VERREM

532 327 625 364 H-S
659 336 740 362 ccc
774 321 1036 375 extorquenda
1066 322 1213 360 curavit
1231 337 1240 360 :
1283 321 1465 374 quodque
1495 320 1691 373 judicium
1723 317 1934 360 secundum

532 393 764 432 Heraclium
796 390 841 428 de
872 388 1152 441 compromiffis
1184 388 1330 426 factum
1362 397 1453 432 erat,
1485 388 1589 440 quod
1621 388 1714 426 civis
1747 388 1934 426 Centuri-

530 461 646 513 pinus
668 460 765 497 inter
785 457 879 494 duos
900 456 999 493 cives
1021 454 1234 506 judicafi'et,
1266 454 1306 492 id
1332 454 1608 506 irritumjuffit
1636 454 1731 500 effe3
1763 467 1934 507 eumque

527 527 704 579 judicem
737 523 877 561 falsum
905 521 1088 574 judicaffe
1115 521 1305 572 judicavit
1324 535 1333 558 ε
1379 521 1419 559 in
1450 520 1579 558 senatu
1611 535 1658 559 ne
1692 520 1796 566 effet,
1839 521 1935 558 locis

534 590 829 642 commodisque
849 588 1018 641 publicis
1039 588 1109 631 uti,
1142 587 1278 625 vetuit.
1313 587 1352 624 Si
1372 586 1458 638 quis
1479 600 1570 624 eum
1590 586 1778 638 pulsasset,
1798 586 1935 631 edixit,

533 658 605 696 sese
621 658 817 710 judicium
838 655 1065 707 injuriarum
1086 667 1164 691 non
1185 653 1365 691 daturum
1384 668 1392 691 :
1427 653 1619 705 quidquid
1645 653 1692 691 ab
1722 648 1766 691 e'o
1787 662 1934 705 petere-

531 733 608 768 tur,
625 723 800 775 judicem
818 721 863 758 de
884 720 946 757 sua
967 719 1125 758 cohorte
1141 719 1336 764 daturum,
1354 719 1422 772 ipfi
1438 727 1567 756 autem
1586 718 1730 756 nullius
1746 718 1938 756 actionem

532 791 586 828 rei
607 789 678 826 sese
699 790 893 826 daturum.
927 787 1024 836 Qae
1045 785 1150 823 istius
1170 786 1372 823 auctoritas
1397 793 1550 823 tantum
1570 785 1705 829 valuit,
1739 792 1782 822 ut
1813 797 1938 836 neque

532 857 648 894 illum
684 854 848 907 pulsaret
882 852 1100 904 quisquam,
1132 864 1225 889 cum
1260 853 1403 890 Praetor
1432 852 1474 890 in
1505 851 1702 905 provincia
1732 851 1795 889 sua
1819 851 1938 889 verbo

534 922 786 976 permitteret,
809 933 847 957 re
867 918 1106 963 hortaretur;
1130 931 1255 970 neque
1275 918 1479 970 quisquam
1499 918 1547 955 ab
1567 931 1613 956 eo
1634 918 1849 969 quidquam
1870 930 1938 969 pe-

531 997 641 1033 teret,
659 1001 751 1025 cum
768 986 834 1023 iste
854 985 1058 1023 calumniae
1074 985 1272 1022 licentiam
1292 984 1355 1021 sua
1371 984 1593 1021 auctoritate
1613 982 1852 1036 praebuiffet:
1874 983 1938 1037 ig-

532 1053 707 1093 nominia
726 1061 855 1090 autem
876 1050 941 1088 illa
961 1050 1084 1102 gravis
1116 1049 1265 1088 tamdiu
1291 1049 1331 1087 in
1352 1049 1422 1087 illo
1440 1048 1603 1087 homine
1623 1049 1713 1094 fuit,
1749 1049 1937 1102 quamdiu

531 1121 598 1160 iste
620 1122 659 1158 in
680 1117 876 1172 provincia
896 1117 1046 1155 manfit.
1070 1117 1161 1155 Hoc
1182 1117 1323 1169 injecto
1339 1125 1448 1154 metu
1461 1116 1678 1169 judicibus,
1698 1129 1799 1155 novo
1813 1129 1935 1161 more,

532 1188 642 1227 nullo
662 1185 856 1238 exemplo,
876 1197 1041 1236 ecquam
1062 1197 1143 1221 rem
1162 1183 1305 1235 putatis
1326 1182 1397 1220 effe
1417 1183 1458 1220 in
1479 1182 1622 1227 Sicilia,
1641 1183 1710 1220 nifi
1729 1183 1776 1220 ad
1795 1190 1938 1221 nutum

531 1251 861 1303 istiusjudicatam
882 1249 895 1285 ?
928 1250 1074 1286 Utrum
1105 1248 1145 1285 id
1175 1247 1299 1285 solum
1320 1247 1470 1285 videtur
1489 1246 1558 1285 effe
1579 1249 1721 1293 aetum,
1754 1248 1859 1300 quod
1885 1248 1939 1286 est

531 1329 662 1358 tamen
682 1319 824 1360 actum,
847 1323 889 1352 ut
911 1315 1094 1352 Heraclio
1113 1314 1275 1367 pecunia
1295 1314 1531 1366 eriperetur?
1563 1327 1610 1352 an
1631 1315 1747 1352 etiam
1768 1313 1880 1359 illud,
1897 1313 1939 1352 in

531 1399 611 1439 quo
631 1383 756 1438 praeda
775 1390 853 1420 erat
873 1381 1058 1426 maxima,
1091 1389 1149 1426 ut,
1174 1380 1331 1418 nomine
1344 1380 1602 1432 judiciorum,
1636 1381 1818 1419 omnium
1838 1381 1940 1420 bona

531 1461 648 1504 atque
669 1449 832 1488 fortuna:
853 1447 893 1485 in
914 1447 1019 1485 istius
1041 1447 1155 1485 unius
1171 1446 1287 1485 essent
1307 1447 1489 1499 potestate
1507 1447 1520 1483 ?

573 1515 770 1556 XXVIII.
790 1515 878 1565 Jam
898 1526 986 1551 vero
1005 1513 1046 1550 in
1067 1525 1196 1550 rerum
1216 1512 1442 1565 capitalium
1458 1511 1732 1564 quaestionibus
1753 1511 1848 1564 quid
1867 1525 1940 1565 ego

533 1593 850 1635 unamquamque
884 1592 963 1616 rem
984 1578 1181 1632 colligam,
1216 1587 1255 1616 et
1275 1578 1456 1616 causam?
1489 1579 1551 1616 Ex
1581 1578 1718 1616 multis
1749 1577 1939 1617 similibus

532 1664 575 1689 ea
594 1650 758 1691 sumam,
792 1659 876 1698 quae
899 1645 1068 1682 maxime
1088 1645 1337 1697 improbitate
1356 1644 1544 1682 excellere
1570 1643 1818 1682 videbuntur.
1868 1644 1938 1683 So-

532 1725 639 1770 pater
659 1713 818 1767 quidam
837 1710 913 1749 fuit
930 1711 1175 1756 Halicienfis,
1197 1710 1318 1749 homo
1337 1710 1445 1749 domi
1466 1710 1539 1748 suae
1560 1724 1652 1748 cum
1673 1710 1809 1763 primis
1826 1710 1938 1749 locu-

532 1783 613 1835 ples
646 1789 760 1832 atque
791 1776 985 1815 honestus.
1032 1778 1068 1815 Is
1101 1777 1148 1815 ab
1179 1777 1349 1815 inimicis
1381 1777 1456 1814 suis
1483 1776 1586 1828 apud
1618 1777 1666 1814 C.
1695 1776 1938 1815 Sacerdotem

534 1850 742 1887 I'raetorem
773 1844 827 1882 rei
846 1843 1019 1894 capitalis
1047 1855 1140 1880 cum
1160 1842 1353 1880 accusatus
1374 1841 1477 1886 effet,
1512 1840 1626 1879 facile
1646 1854 1692 1878 eo
1716 1841 1869 1892 judicio
1888 1840 1942 1879 est

532 1914 729 1951 liberatus.
771 1909 890 1950 ,Huic
925 1908 1052 1953 eidem
1088 1909 1247 1960 Sopatro
1280 1908 1400 1945 iidem
1433 1907 1587 1945 inimici
1618 1906 1664 1944 ad
1691 1907 1739 1945 C.
1762 1907 1938 1953 Verrem,

534 1991 627 2016 cum
666 1976 697 2013 is
733 1973 925 2012 Sacerdoti
959 1972 1197 2018 succeffiffet,
1234 1972 1404 2024 ejusdem
1435 1973 1489 2010 rei
1524 1985 1667 2010 nomen
1701 1971 1939 2013 detulerunt.

536 2046 614 2083 Res
638 2044 796 2094 Sopatro
816 2039 940 2077 facilis
972 2039 1185 2084 videbatur,
1216 2049 1254 2077 et
1288 2039 1393 2091 quod
1424 2046 1501 2077 erat
1531 2038 1733 2084 innocens,
1765 2048 1802 2077 et
1834 2039 1941 2091 quod

538 2107 748 2148 Sacerdotis
764 2106 959 2158 judicium
990 2105 1208 2158 improbare
1228 2105 1345 2143 istum
1365 2105 1546 2144 ausurum
1575 2118 1653 2143 non
1674 2105 1941 2144 arbitrabatur.

537 2175 690 2214 Citatur
712 2186 794 2211 reus
813 2187 821 2209 :
853 2171 961 2209 causa
992 2172 1119 2223 agitur
1152 2171 1365 2223 Syracufis:
1397 2171 1561 2210 crimina
1581 2172 1789 2210 tractantur
1808 2171 1855 2208 ab
1875 2184 1941 2208 ac-

536 2241 706 2280 cusatore
726 2252 781 2284 ea,
814 2251 899 2290 quae
920 2247 1025 2275 erant
1045 2247 1154 2276 antea
1173 2251 1250 2276 non
1272 2237 1396 2276 solum
1414 2237 1647 2282 defenfione,
1669 2250 1803 2275 verum
1823 2236 1942 2274 etiam

531 2306 697 2360 judicio,
720 2303 910 2342 diffoluta.

593 2370 757 2410 Causam
793 2368 940 2421 Sopatri
974 2366 1202 2406 defendebat
1237 2370 1305 2420 Q
1326 2368 1542 2412 Minucius,
1583 2380 1698 2419 eques
1739 2367 1940 2405 Romanus

539 2438 579 2475 in
611 2437 748 2489 primis
778 2434 995 2488 splendidus
1025 2443 1140 2486 atque
1168 2433 1373 2479 honestus,
1402 2433 1612 2485 vobisque,
1648 2433 1830 2484 Judices,
1861 2445 1942 2470 non

539 2504 708 2556 ignotus.
754 2500 872 2541 Nihil
906 2509 983 2539 erat
1016 2502 1056 2540 in
1086 2500 1206 2546 causa,
1238 2499 1342 2553 quod
1374 2500 1643 2546 metuendum,
1687 2508 1752 2539 aut
1781 2499 1942 2539 omnino
