2201 2792
555 222 635 272 406
990 221 1079 261 IN
1154 223 1533 261 VERREM

558 321 825 366 Athenienses,
859 329 901 358 ut
921 333 968 358 ex
989 334 1179 358 marmore
1199 320 1399 366 Iacchum,
1422 330 1486 359 aut
1508 320 1684 359 Paralum
1704 319 1868 373 pictum,
1891 327 1955 357 aut

556 403 603 428 ex
623 402 692 427 aere
720 387 900 440 Myronis
936 387 1120 424 buculam
1141 388 1153 424 ?
1186 388 1371 440 Longum
1408 387 1473 431 est,
1506 397 1544 425 et
1579 401 1656 425 non
1691 386 1953 430 necessarium,

557 467 877 498 commemorare,
895 467 980 505 quae
997 453 1098 506 apud
1119 453 1289 505 quosque
1309 453 1461 491 visenda
1479 453 1566 491 sunt
1585 463 1664 492 tota
1683 454 1770 491 Afia
1786 462 1824 491 et
1841 453 1953 490 Grae-

555 524 640 561 cia:
674 535 807 560 verum
829 520 926 558 illud
958 519 1024 564 est,
1056 520 1311 572 quamobrem
1345 518 1428 557 haec
1460 521 1816 564 commemorat-im,
1848 518 1954 571 quod

555 589 770 627 existimare
790 601 856 625 vos
877 585 952 624 hoc
974 586 1075 630 volo,
1110 587 1256 624 mirum
1285 586 1479 638 quendam
1501 586 1675 624 dolorem
1702 585 1872 624 accidere
1891 585 1953 629 iis,

556 671 603 695 ex
623 669 790 709 quorum
814 654 973 691 urbibus
995 652 1076 691 haec
1098 652 1328 690 auferantur.

612 723 721 761 LXI.
755 723 899 773 Atque,
923 729 966 757 ut
984 729 1139 758 caeteros
1160 720 1403 764 omittamus,
1426 719 1471 757 de
1491 720 1578 772 ipsis
1601 719 1839 771 Syracusanis
1859 732 1954 771 cog-

556 789 722 827 noscite:
757 788 803 825 ad
823 800 920 838 quos
941 800 1012 838 ego
1033 800 1125 824 cum
1146 786 1344 830 venissem,
1377 787 1426 824 fic
1446 787 1575 838 primo
1600 786 1879 830 existimabam,
1911 794 1955 822 ut

556 857 693 895 Romae
714 867 760 891 ex
779 853 885 891 istius
907 853 1042 890 amicis
1063 866 1297 906 acceperam,
1325 853 1521 890 civitatem
1544 852 1813 904 Syracusanam
1834 865 1952 905 prop-

556 931 611 960 ter
632 920 806 959 Heraclii
838 918 1114 963 hereditatem,
1151 932 1229 956 non
1260 919 1390 956 minus
1422 918 1491 956 effe
1525 918 1584 956 isti
1612 918 1803 962 amicam,
1835 932 1953 970 quam

557 988 836 1025 Mamertinam
858 994 1014 1038 propter
1034 985 1262 1038 praedarum,
1294 999 1336 1023 ac
1368 983 1562 1022 furtorum
1593 985 1774 1022 omnium
1795 985 1954 1022 societa-

556 1065 636 1091 tem
656 1068 664 1091 :
699 1052 810 1090 s1mul
832 1060 870 1088 et
891 1051 1056 1096 verebar,
1088 1064 1136 1088 ne
1167 1051 1378 1088 mulierum
1399 1051 1610 1095 nobilium,
1641 1060 1679 1088 et
1698 1049 1953 1088 formosarum

554 1120 687 1173 gratia,
720 1132 885 1171 quarum
918 1117 984 1155 iste
1008 1117 1166 1155 arbitrio
1197 1127 1402 1170 praeturam
1436 1131 1504 1170 per
1537 1118 1749 1155 triennium
1784 1116 1953 1170 gefferat,

555 1187 821 1238 virorumque,
844 1183 1078 1236 quibuscum
1100 1183 1176 1221 illae
1208 1193 1337 1235 nuptae
1358 1193 1478 1228 erant,
1510 1184 1632 1221 nimia
1662 1184 1702 1221 in
1724 1184 1840 1221 istum
1874 1197 1954 1221 non

555 1253 783 1297 lenitudine,
816 1251 877 1289 sed
898 1251 1015 1288 etiam
1045 1250 1286 1295 liberalitate,
1312 1264 1567 1303 oppugnares,
1599 1251 1623 1288 fi
1646 1250 1740 1302 quid
1765 1264 1813 1288 ex
1833 1250 1953 1288 literis

556 1319 876 1372 Syracusanorum
898 1317 1181 1368 conquirerem.
1215 1317 1349 1368 Itaque
1370 1317 1556 1367 Syracufis
1583 1331 1675 1354 curn
1696 1316 1846 1354 civibus
1867 1317 1952 1354 Ro-

555 1387 679 1424 manis
701 1399 803 1422 eram
821 1399 829 1422 :
852 1397 987 1421 eorum
1011 1383 1158 1420 tabulas
1179 1383 1428 1434 exquirebam
1446 1401 1456 1427 ;
1480 1383 1635 1434 injurias
1657 1382 1950 1436 cognoscebam.

556 1455 661 1490 Cum
683 1452 828 1489 diutius
850 1450 887 1487 in
911 1450 1081 1502 negotio,
1112 1462 1279 1501 curaque
1309 1448 1473 1494 fueram,
1499 1459 1542 1487 ut
1563 1450 1849 1502 requiescerem,
1881 1464 1952 1488 cu-

555 1532 713 1571 ramque
734 1518 854 1555 animi
876 1517 1129 1560 remitterem,
1151 1516 1196 1553 ad
1212 1516 1423 1568 Carpinatii
1446 1516 1637 1568 praeclaras
1660 1516 1805 1554 tabulas
1826 1530 1951 1554 rever-

554 1586 683 1630 oebar,
706 1585 771 1622 ubi
789 1597 879 1621 cum
897 1582 1095 1635 equitibus
1110 1582 1297 1620 Romanis
1315 1596 1361 1620 ex
1377 1583 1446 1620 illo
1463 1591 1654 1620 conventu
1668 1581 1952 1628 honestiffimis,

553 1652 641 1690 illos
662 1650 876 1694 Verrutios,
909 1649 955 1686 de
976 1649 1118 1700 quibus
1140 1656 1226 1685 ante
1246 1648 1341 1693 dixi,
1374 1648 1640 1701 explicabam:
1673 1662 1693 1686 a
1715 1648 1952 1700 Syracusanis

554 1717 703 1771 prorsus
726 1716 826 1754 nihil
846 1715 1061 1768 adjumenti
1081 1720 1207 1767 neque
1227 1715 1397 1767 publice,
1430 1728 1555 1767 neque
1574 1715 1754 1768 privatim
1775 1717 1953 1768 expecta-

553 1784 641 1821 bam
660 1801 671 1828 ;
695 1795 819 1834 neque
839 1790 916 1819 erat
936 1781 976 1818 in
997 1780 1128 1818 animo
1147 1780 1349 1833 postulare.
1383 1781 1488 1818 Cum
1508 1779 1591 1819 haec
1611 1794 1776 1834 agerem,
1798 1789 1953 1833 repente

552 1837 600 1887 ad
621 1862 683 1887 me
704 1848 808 1886 venit
828 1846 1034 1885 Heraclius
1055 1847 1101 1890 is,
1135 1846 1203 1898 qui
1225 1855 1311 1884 tum
1332 1846 1598 1899 magistratum
1623 1846 1810 1898 Syracufis
1829 1845 1951 1884 habe-

554 1916 633 1960 bat,
665 1914 786 1952 homo
806 1913 961 1956 nobilis,
998 1913 1067 1964 qui
1098 1911 1267 1950 sacerdos
1289 1913 1395 1963 Jovis
1430 1911 1583 1957 fuisset,
1617 1913 1685 1964 qui
1705 1911 1828 1950 honos
1850 1913 1952 1965 apud

555 1981 803 2033 Syracusanos
821 1979 872 2016 est
893 1978 1145 2030 ampliffimus
1161 1993 1169 2016 ε
1194 1978 1273 2030 agit
1293 1992 1464 2024 mecum,
1478 1987 1516 2016 et
1536 1993 1628 2017 cum
1647 1978 1832 2031 eratre
1848 1993 1950 2025 meo,

555 2057 612 2092 ut,
639 2047 664 2085 fi
686 2047 797 2084 nobis
818 2045 1023 2089 videretur,
1052 2045 1240 2083 adiremus
1273 2045 1318 2082 ad
1345 2059 1479 2083 eorum
1501 2045 1700 2084 senatum:
1733 2044 1951 2098 frequentes

553 2113 625 2151 effe
648 2114 686 2150 in
708 2113 811 2150 curia
829 2126 837 2149 ε
871 2111 904 2148 se
919 2111 1021 2163 juffu
1043 2110 1190 2149 senatus
1209 2125 1229 2149 a
1250 2111 1361 2149 nobis
1385 2120 1522 2164 petere,
1546 2121 1588 2150 ut
1608 2112 1840 2150 veniremus.
1864 2112 1951 2150 Pri-

554 2194 620 2218 mo
641 2179 752 2217 nobis
783 2177 859 2215 fuit
894 2178 1075 2222 dubium,
1109 2177 1203 2229 quid
1235 2191 1462 2229 ageremus,
1494 2178 1632 2216 deinde
1663 2179 1741 2217 cito
1772 2178 1878 2216 venit
1910 2178 1950 2216 in

554 2255 742 2289 mentem,
774 2257 851 2281 non
872 2242 943 2281 effe
964 2243 1164 2281 vitandum
1187 2243 1298 2282 nobis
1318 2243 1434 2281 illum
1454 2253 1690 2282 conventum
1711 2253 1748 2281 et
1769 2244 1915 2282 locum.

610 2313 740 2350 LXII.
774 2312 907 2362 ltaque
928 2311 966 2347 in
987 2310 1134 2347 curiam
1162 2310 1354 2348 venimus.
1388 2310 1617 2348 Honorifice
1638 2310 1721 2348 sane
1751 2310 1949 2362 consurgi-

556 2389 630 2417 tur.
664 2378 749 2416 Nos
782 2385 918 2429 rogatu
939 2375 1178 2429 magistratus
1202 2375 1417 2414 assedimus,
1451 2376 1595 2427 Incipit
1615 2376 1646 2413 is
1667 2376 1791 2428 loqui,
1826 2376 1893 2428 qui
1913 2385 1950 2414 et

554 2445 790 2489 auctoritate,
822 2453 859 2482 et
881 2452 1000 2488 aetate,
1031 2452 1082 2487 et,
1106 2451 1148 2480 ut
1168 2440 1266 2480 mihi
1288 2442 1410 2480 visum
1439 2442 1504 2487 est,
1537 2442 1605 2480 usu
1637 2455 1765 2480 rerum
1796 2451 1949 2480 antece-

552 2512 679 2556 debat,
704 2510 898 2550 Diodorus
919 2507 1191 2549 Timarchides
1210 2524 1219 2547 :
1252 2509 1360 2560 cujus
1393 2509 1519 2547 omnis
1540 2509 1661 2547 oratio
1692 2508 1792 2548 hanc
1812 2507 1947 2547 habuit
