2201 2792
602 178 949 222 ACTIONIS
991 177 1044 215 ΙΙ.
1114 175 1325 213 LIBER
1368 176 1399 212 l.
1634 176 1707 228 137

302 288 548 327 consumatur
566 283 578 319 ?
617 281 755 319 Homo
786 273 1126 330 importunissime,
1162 285 1231 310 cur
1267 280 1414 308 tantam
1448 270 1630 321 injuriam
1663 271 1707 308 P.

301 353 434 393 Annio
454 358 610 389 mortuo
629 345 775 384 fecisti?
800 357 869 381 cur
884 341 991 380 hunc
1011 340 1185 378 dolorem
1203 337 1323 376 cineri
1339 337 1420 388 ejus
1437 344 1551 387 atque
1570 336 1711 373 ossibus

302 417 474 461 inuffisti,
507 424 550 452 ut
577 412 708 451 liberis
729 411 810 462 ejus
833 409 933 446 bona
953 406 1088 459 patria,
1119 404 1316 442 voluntate
1336 401 1468 454 patris,
1484 401 1585 452 jure,
1614 400 1712 451 legi-

303 485 375 522 bus
396 482 546 525 tradita,
569 479 747 531 eriperes,
778 484 830 519 et,
858 474 923 512 cui
944 473 1017 511 tibi
1037 471 1126 509 effet
1145 468 1418 512 commodum,
1449 466 1684 505 condonares
1702 466 1712 501 ?

302 548 553 602 Qibuscum
572 544 651 583 vivi
682 544 783 581 bona
803 541 927 579 nostra
960 537 1166 592 partimur,
1197 536 1244 574 iis
1272 536 1416 573 Praetor
1436 533 1622 576 adimere,
1642 545 1714 569 no-

304 616 364 655 bis
386 615 566 659 mortuis,
601 612 702 650 bona
721 606 969 660 fortunasque
1002 605 1143 659 poterit
1172 604 1185 640 ?
1217 604 1297 642 Nec
1319 601 1542 655 petitionem,
1573 599 1717 650 inquit,

306 698 368 722 nec
380 681 604 736 poffiffi'onem
624 677 725 716 dabo.
771 674 922 727 Eripies
954 673 1074 726 igitur
1106 669 1264 724 pupillae
1297 677 1430 720 togam
1461 664 1716 719 praetextam?

306 749 479 788 detrahes
499 753 725 785 ornamenta
745 755 823 781 non
844 741 971 779 solum
1003 739 1183 782 fortunae,
1216 736 1279 774 sed
1298 735 1415 773 etiam
1436 732 1686 786 ingenuitatis
1706 731 1719 766 ?

307 816 519 859 Miramur,
551 812 598 850 ad
632 823 738 849 arma
770 817 905 846 contra
937 806 1055 844 istum
1090 803 1296 842 hominem
1318 799 1598 853 Lampsacenos
1627 797 1720 835 iffe?

309 884 512 926 miramur,
544 879 662 918 istum
683 877 730 915 de
750 873 949 930 provincia
978 871 1233 911 decedentem
1253 868 1355 906 clam
1375 865 1563 918 Syracusis
1584 862 1722 917 profu-

310 948 428 1002 giffe?
460 948 546 986 Nos
576 945 603 983 fi
624 944 790 982 alienam
809 941 939 979 vicem
970 953 1040 992 pro
1061 937 1185 977 nostra
1204 935 1345 988 injuria
1377 932 1612 975 doleremus,
1640 929 1722 968 ves-1

311 1014 455 1068 tigium
476 1011 583 1050 istius
604 1010 645 1048 in
664 1008 750 1047 foro
770 1021 849 1045 non
869 1005 958 1044 effet
978 1004 1172 1043 relietum.

367 1081 478 1120 Pater
498 1078 562 1116 dat
583 1076 671 1115 filiae
689 1094 701 1120 ς
724 1073 922 1127 prohibes.
955 1073 1078 1125 Leges
1099 1072 1228 1110 finunt
1243 1089 1256 1116 ς
1288 1079 1418 1108 tamen
1438 1077 1476 1106 te
1495 1065 1724 1118 interponis,

312 1149 376 1187 De
395 1146 471 1184 suis
504 1144 618 1182 bonis
639 1143 692 1179 ita
711 1141 790 1184 dat,
822 1149 866 1177 ut
892 1139 939 1177 ab
955 1139 1042 1191 jure
1073 1152 1152 1176 non
1172 1137 1295 1175 abeat.
1327 1134 1438 1186 Qid
1457 1133 1589 1178 habes,
1621 1130 1729 1184 quod

314 1210 568 1266 reprehendas
587 1209 600 1245 ?
621 1204 765 1250 Nihil,
782 1204 934 1257 opinor.
957 1205 1014 1241 At
1034 1217 1106 1255 ego
1122 1203 1294 1241 concedo
1313 1216 1323 1239 :
1348 1200 1526 1253 prohibe,
1547 1199 1573 1236 s1
1594 1207 1700 1250 potes
1715 1214 1730 1241 5

314 1279 342 1319 fi
361 1278 479 1317 habes
500 1275 569 1329 qui
589 1282 628 1312 te
647 1271 776 1311 audiat
793 1289 804 1316 3
828 1269 853 1308 fi
875 1268 999 1322 potest
1020 1268 1092 1306 tibi
1114 1268 1218 1306 disto
1238 1266 1396 1304 audiens
1417 1264 1488 1302 effe
1508 1263 1730 1316 quisquam.

315 1345 468 1398 Eripias
490 1352 533 1382 tu
553 1340 796 1380 voluntatem
829 1335 1010 1380 mortuis,
1042 1335 1144 1372 bona
1163 1333 1274 1378 vivis,
1305 1333 1370 1385 jus
1391 1330 1575 1370 omnibus
1595 1330 1608 1366 ?
1640 1329 1732 1367 Hoc

254 1412 258 1415 ’
314 1411 483 1467 populus
504 1411 706 1448 Romanus
742 1418 821 1443 non
842 1416 961 1443 manu
980 1399 1216 1445 vindicasset,
1248 1399 1319 1437 nis1
1353 1407 1391 1437 te
1424 1396 1519 1435 huie
1550 1394 1732 1448 tempori,

317 1488 432 1532 atque
452 1476 546 1516 huic
576 1473 727 1527 judicio
748 1469 986 1510 reservasset?
1021 1467 1274 1519 Posteaquam
1301 1467 1365 1518 jus
1386 1463 1611 1517 praetorium
1637 1475 1734 1499 con-

319 1547 498 1585 stitutum
518 1542 584 1587 est,
616 1540 765 1592 semper
785 1536 860 1575 hoc
887 1537 974 1588 jure
1005 1535 1059 1572 us1
1091 1534 1249 1577 sumus3
1288 1532 1315 1569 fi
1348 1530 1487 1568 tabulae
1519 1528 1736 1567 testamenti

321 1625 399 1651 non
420 1608 694 1663 proferrentur,
724 1614 825 1648 tum,
859 1603 916 1642 uti
938 1601 1165 1653 proximum
1185 1609 1383 1650 quemque
1402 1594 1644 1648 potiffimum
1664 1592 1736 1631 he-

324 1677 454 1716 redem
475 1674 545 1712 effe
565 1678 772 1724 oporteret,
795 1669 848 1706 ita
869 1664 1080 1704 secundum
1100 1678 1192 1701 eum
1214 1662 1383 1714 poffeffio
1403 1662 1570 1699 daretur.
1607 1661 1738 1710 Qare

325 1743 399 1782 hoc
421 1742 465 1780 fit
485 1737 759 1792 mquifiimum,
792 1731 906 1771 facile
926 1731 979 1768 est
1000 1731 1162 1772 docere;
1195 1728 1257 1765 sed
1277 1728 1318 1764 in
1340 1740 1378 1764 re
1398 1736 1478 1763 tam
1500 1725 1632 1762 ufitata
1652 1724 1738 1762 satis

325 1809 378 1849 est
397 1806 606 1849 ostendere,
628 1814 763 1842 omnes
784 1807 895 1840 antea
920 1798 984 1852 jus
1005 1797 1057 1837 ita
1078 1793 1225 1839 dixisse,
1248 1802 1286 1832 et
1307 1791 1398 1837 hoc,
1420 1800 1530 1829 vetus
1551 1790 1737 1834 edietum,

326 1875 675 1925 transsatitiumque
695 1872 779 1911 effe.

381 1942 510 1981 XLV.
535 1939 769 1994 Cognoscite
788 1937 892 1976 aliud
912 1935 1086 1974 hominis
1109 1935 1149 1972 in
1170 1946 1208 1972 re
1228 1940 1353 1971 vetere
1372 1930 1545 1968 edietum
1565 1938 1711 1966 novum
1726 1942 1738 1969 5

328 2019 366 2048 et
386 2009 514 2054 fimul,
537 2008 632 2045 dum
653 2006 705 2044 est
727 2005 828 2044 unde
843 2005 907 2056 jus
929 2002 1044 2042 civile
1064 2002 1244 2044 discatur,
1273 1996 1528 2036 adolescentes
1549 1995 1584 2032 ei
1606 1995 1645 2031 in
1666 1990 1742 2029 dis-

330 2075 516 2129 ciplinam
547 2073 699 2111 tradite.
746 2071 901 2109 Mirum
933 2069 985 2107 est
1004 2067 1178 2106 hominis
1199 2064 1420 2118 ingenium,
1453 2063 1551 2101 mira
1572 2059 1743 2114 pruden-

331 2142 396 2180 tia.
430 2139 634 2179 Minucius
656 2137 816 2190 quidam
837 2144 1015 2174 mortuus
1046 2133 1099 2172 est
1131 2140 1218 2170 ante
1250 2130 1367 2169 istum
1396 2130 1632 2167 Prretorem:
1664 2125 1744 2175 ejus

333 2207 608 2246 testamentum
628 2212 707 2242 erat
727 2202 898 2240 nullum.
932 2202 1038 2253 Lege
1057 2197 1256 2237 haereditas
1278 2196 1324 2234 ad
1344 2204 1502 2248 gentem
1524 2190 1745 2231 Minuciam

333 2273 522 2312 veniebat.
557 2271 595 2309 Si
629 2268 817 2308 habuisset
838 2268 905 2306 iste
926 2267 1112 2310 edietum,
1145 2264 1251 2317 quod
1282 2272 1369 2303 ante
1397 2261 1527 2304 istum,
1555 2267 1593 2295 et
1621 2255 1746 2308 postea

334 2353 470 2380 omnes
505 2338 738 2382 habuerunt,
772 2335 941 2389 poffeffio
975 2333 1165 2373 Minuciae
1200 2331 1308 2384 genti
1342 2329 1432 2366 esset
1454 2327 1551 2363 data.
1591 2323 1630 2359 Si
1659 2320 1746 2373 quis

337 2406 562 2444 testamento
582 2404 617 2442 se
637 2402 820 2442 heredem
841 2401 911 2439 effe
932 2400 1190 2441 arbitraretur,
1223 2395 1327 2447 quod
1363 2403 1447 2429 tum
1479 2401 1555 2427 non
1572 2384 1746 2429 extaret,

337 2471 423 2523 lege
442 2479 569 2523 ageret
589 2470 629 2508 in
649 2468 912 2509 haereditatem
925 2485 938 2512 3
960 2475 1038 2510 aut,
1056 2478 1125 2518 pro
1141 2461 1264 2515 praede
1282 2458 1360 2495 litis
1379 2455 1636 2493 vindiciarum
1657 2465 1749 2491 cum

1319 2526 1355 2562 A
1377 2537 1396 2560 a
1424 2536 1445 2561 2
