2201 2792
651 179 1425 232 PROP.QU1NT10.
1707 201 1756 239 39

336 280 577 337 pedetentim
612 280 710 319 istuc
747 280 985 319 descendunt
1001 310 1013 326 ,
1047 281 1085 318 vi
1120 294 1163 319 ac
1199 281 1417 320 neceffitate
1450 282 1586 327 coafti,
1618 283 1730 322 inviti
1748 315 1760 329 ,

334 349 469 387 multis
490 348 724 387 vadimoniis
755 348 926 393 desertis,
958 347 1052 401 saepe
1086 348 1188 387 illufi
1209 362 1252 387 ac
1273 348 1461 387 destituti.
1509 349 1762 388 Considerant

333 416 452 460 enim,
484 415 581 469 quid
611 425 650 454 et
684 424 877 467 quantum
898 415 957 460 fit,
989 415 1147 453 alterius
1169 415 1270 453 bona
1290 415 1538 468 proscribere.
1572 417 1759 469 Jugulare

332 482 458 520 civem
475 496 523 520 ne
537 483 625 535 jure
644 481 807 535 quidem
828 481 1037 535 quisquam
1057 482 1182 520 bonus
1199 482 1297 520 vult.
1335 483 1493 521 Mavult
1514 483 1620 521 enim
1642 498 1755 521 corn-

330 562 559 594 memorare‚
596 548 646 594 se,
680 562 773 587 cum
795 548 914 601 poffet
934 549 1106 602 perdere,
1127 548 1349 602 peperciffe,
1373 563 1507 602 quam,
1539 563 1632 588 cum
1664 564 1754 603 par-

331 629 417 653 cere
435 616 620 669 potuerit,
655 615 871 669 perdidiffe.
905 616 1003 654 Haec
1024 616 1064 653 in
1086 615 1266 654 homines
1288 616 1552 662 alienisfimos,
1586 617 1755 669 denique

330 682 632 728 inimiciffimos,
663 684 736 721 viri
767 683 862 722 boni
891 681 1057 728 faciunt,
1088 693 1126 721 et
1145 681 1359 722 hominum
1390 684 1686 722 existimationis
1717 695 1755 722 et

330 750 554 787 communis
575 747 830 788 humanitatis
862 749 1000 795 causa,
1034 759 1092 794 ut,
1124 763 1218 788 cum
1249 750 1319 803 ipfi
1339 749 1442 788 nihil
1462 750 1573 788 alteri
1592 750 1753 789 scientes

330 815 676 862 incommodarint,
698 815 800 854 nihil
821 817 910 870 ipfis
926 817 1014 869 jure
1034 817 1282 855 incommodi
1304 817 1437 856 cadere
1457 817 1584 871 poffit.

385 881 449 920 Ad
479 883 750 921 vadimonium
780 897 858 921 non
894 884 1027 922 venit:
1061 884 1182 937 quis?
1214 884 1477 937 Propinquus.
1523 884 1561 922 Si
1593 897 1649 921 res
1687 884 1756 922 ista

330 948 545 999 graviffima
565 949 629 987 sua
649 949 784 1002 sponte
803 950 1011 996 videretur,
1044 961 1175 989 tamen
1195 951 1275 1003 ejus
1306 952 1484 989 atrocitas
1506 950 1754 989 necesfitudi-

332 1014 391 1051 nis
413 1016 573 1052 nomine
593 1015 794 1053 levaretur.
828 1017 891 1054 Ad
905 1017 1176 1055 vadimonium
1197 1031 1276 1056 non
1296 1019 1403 1056 venit
1421 1033 1430 1056 :
1463 1017 1579 1071 quis?
1603 1018 1752 1056 Socius.

332 1080 464 1118 Etiam
485 1081 636 1133 gravius
658 1080 805 1133 aliquid
826 1082 861 1118 ei
882 1082 1037 1119 deberes
1059 1083 1282 1128 concedere,
1315 1085 1481 1135 quicum
1516 1093 1554 1121 te
1587 1094 1652 1121 aut
1683 1098 1754 1121 vo-

331 1145 457 1183 luntas
493 1145 765 1198 congregaffet,
798 1156 863 1184 aut
882 1146 1039 1184 fortuna
1065 1148 1336 1199 conjunxiffet.
1385 1149 1449 1187 Ad
1483 1149 1754 1188 vadimonium

329 1225 409 1250 non
430 1212 535 1250 venit
553 1227 561 1250 :
595 1212 682 1264 quis
702 1212 714 1248 ἓ
747 1212 799 1257 Is,
822 1212 890 1265 qui
911 1212 985 1250 tibi
1006 1213 1140 1266 praesto
1161 1214 1308 1266 semper
1328 1213 1419 1253 fuit.
1456 1216 1563 1268 Ergo
1584 1217 1624 1253 in
1645 1230 1752 1261 eum,

329 1279 398 1330 qui
418 1278 534 1317 semel
555 1277 630 1317 hoc
653 1279 863 1325 commifit,
882 1290 925 1318 ut
946 1280 1019 1317 tibi
1040 1280 1174 1333 praesto
1195 1295 1273 1319 non
1289 1281 1391 1327 effer,
1413 1282 1544 1320 omnia
1565 1283 1640 1320 tela
1656 1297 1752 1321 con·

323 1346 465 1398 jecisti,
488 1361 572 1399 quae
593 1357 721 1400 parata
740 1347 829 1386 sunt
849 1349 890 1387 in
922 1361 1000 1394 eos,
1034 1349 1103 1401 qui
1122 1350 1318 1402 permulta
1349 1349 1450 1388 male
1470 1350 1607 1403 agendi
1629 1351 1752 1396 causa,

328 1411 610 1466 fraudandique
629 1412 806 1454 fecerunt
822 1416 835 1452 ?

385 1480 425 1518 Si
446 1481 666 1534 dupondius
688 1491 777 1522 tuus
799 1492 986 1536 ageretur,
1020 1486 1105 1522 Sex.
1130 1484 1258 1530 Naevi,
1296 1484 1321 1523 fi
1343 1485 1383 1523 in
1412 1485 1568 1538 parvula
1598 1501 1635 1524 re
1658 1500 1752 1540 cap-

328 1547 446 1586 tionis
468 1548 617 1602 aliquid
637 1563 816 1595 vererere,
840 1565 921 1589 non
936 1551 1065 1589 statim
1086 1552 1132 1589 ad
1155 1554 1203 1591 C.
1223 1553 1449 1605 Aquilium,
1468 1563 1532 1591 aut
1551 1554 1596 1591 ad
1617 1568 1752 1592 eorum

330 1615 516 1667 aliquem,
553 1617 622 1669 qui
643 1617 913 1664 consuluntur,
945 1619 1194 1658 concurrisses
1216 1621 1228 1658 ἓ
1263 1622 1369 1658 Cum
1385 1622 1449 1673 jus
1471 1622 1667 1667 amicitiae,
1691 1623 1751 1660 sc·-

328 1683 491 1728 cietatiS,
521 1684 717 1722 affinitatis
739 1695 941 1738 ageretur3
973 1701 1068 1724 cum
1097 1687 1219 1725 officii
1239 1689 1442 1733 rationem,
1473 1699 1589 1740 atque
1620 1689 1751 1727 existi-

329 1749 512 1788 mationis
533 1750 624 1788 duci
646 1752 894 1797 conveniret;
917 1766 962 1790 eo
982 1762 1157 1805 tempore
1178 1763 1221 1790 tu
1241 1766 1321 1791 non
1342 1753 1460 1792 modo
1480 1754 1525 1791 ad
1547 1755 1594 1792 C.
1619 1756 1750 1807 Aqui-

328 1815 444 1862 lium,
476 1827 541 1855 aut
562 1818 610 1856 L.
635 1818 866 1864 Lucullum,
899 1819 961 1857 sed
992 1832 1039 1857 ne
1064 1820 1143 1872 ipse
1163 1820 1325 1872 quidem
1345 1821 1391 1858 ad
1412 1831 1449 1859 te
1480 1821 1670 1860 retulisti:
1703 1837 1752 1860 ne

326 1883 410 1923 haec
430 1885 592 1937 quidem
613 1897 746 1924 tecum
767 1887 921 1925 locutus
939 1900 976 1924 es
993 1905 1005 1932 5
1029 1887 1150 1925 Horae
1171 1888 1256 1926 duae
1275 1887 1434 1926 fuerunt
1453 1905 1462 1927 ι
1496 1889 1685 1940 Qintius
1703 1891 1750 1929 ad

327 1951 597 1990 vadimonium
633 1966 711 1991 non
748 1953 852 1991 venit
870 1969 878 1992 :
913 1954 1008 2006 quid
1043 1968 1114 2007 ago
1136 1955 1149 1991 ἓ
1182 1955 1220 1993 Si
1248 1954 1472 1994 mehercule
1502 1955 1585 1994 haec
1618 1966 1751 1995 tecum

329 2017 407 2056 duo
425 2019 540 2057 verba
559 2018 720 2066 fecisses,
743 2021 839 2073 quid
860 2034 931 2074 ago
950 2021 963 2058 ?
995 2021 1204 2075 respiraffet
1224 2024 1431 2076 cupiditas,
1460 2034 1576 2076 atque
1596 2025 1753 2062 avaritia

327 2084 561 2136 paululum:
595 2086 745 2138 aliquid
765 2087 843 2125 loci
865 2088 1002 2126 rationi
1029 2097 1066 2126 et
1102 2089 1260 2127 consilio
1281 2089 1465 2128 dedisses:
1499 2100 1543 2128 tu
1571 2100 1607 2128 te
1628 2091 1748 2129 colle-

326 2150 435 2204 giffes
457 2167 465 2190 ε
499 2165 578 2190 non
599 2153 639 2189 in
660 2167 745 2191 eam
767 2154 1052 2206 turpitudinem
1083 2155 1255 2201 veniffes,
1275 2166 1317 2194 ut
1338 2155 1413 2195 hoc
1435 2157 1509 2195 tibi
1529 2157 1619 2196 effet
1646 2157 1750 2210 apud

326 2218 421 2256 tales
443 2220 542 2257 viros
564 2219 849 2266 confitendum,
887 2235 963 2274 qua
983 2222 1055 2260 tibi
1076 2220 1171 2261 hora
1201 2223 1473 2262 vadimonium
1494 2239 1573 2263 non
1595 2225 1639 2263 fit
1660 2226 1747 2262 obi—

327 2294 430 2330 tum,
447 2286 580 2324 eadem
602 2296 638 2325 te
660 2286 755 2326 hora
774 2288 980 2327 confilium
1001 2289 1138 2342 cepiffe
1155 2289 1328 2329 hominis
1344 2292 1555 2344 propinqui
1575 2291 1748 2329 fortunas

327 2351 504 2391 funditus
526 2364 705 2394 evertere.

384 2419 517 2458 XVII.
566 2421 654 2473 Ego
686 2436 755 2474 pro
787 2432 823 2460 te
859 2437 964 2460 nunc
1000 2423 1077 2462 hoc
1113 2424 1273 2463 consulo
1308 2425 1392 2477 post
1424 2434 1579 2476 tempus
1593 2454 1604 2469 ,
1640 2434 1676 2462 et
1706 2425 1748 2462 in

330 2483 451 2522 aliena
484 2500 521 2523 re
539 2516 550 2531 ‚
584 2488 690 2539 quod
721 2498 763 2526 tu
809 2489 854 2526 in'
882 2500 947 2527 tua
984 2504 1022 2528 re
1039 2520 1049 2535 ‚
1087 2504 1180 2528 cum
1215 2500 1369 2542 tempus
1407 2500 1485 2528 erat
1500 2520 1510 2535 ,
1549 2491 1746 2529 consulere

329 2550 474 2588 oblitus
507 2566 559 2590 es.
593 2555 736 2606 Qaero
767 2555 833 2593 abs
866 2565 916 2601 te,
949 2557 998 2594 C.
1023 2557 1177 2608 Aquili,
1208 2557 1256 2595 L.
1283 2557 1463 2602 Luculle,
1488 2558 1532 2596 P.
1557 2558 1746 2609 Qimili,
