2201 2792
506 180 636 220 PRO
668 177 804 218 SEX.
838 177 1094 216 ROSCIO
1125 177 1479 216 AMERINO.
1654 179 1703 231 89

297 281 463 336 praefidia
484 280 563 318 ulla
581 278 754 325 fuerunt,
776 279 817 317 in
839 278 950 331 Syllae
970 278 1151 331 praefidiis
1172 277 1262 316 fuit.
1299 277 1550 330 Posteaquam
1579 278 1624 315 ab
1647 291 1704 316 ar-

297 349 372 386 mis
393 346 636 392 recesserunt,
670 347 712 385 in
738 346 894 384 summo
913 346 1008 391 otio,
1030 346 1178 384 rediens
1200 359 1219 383 a
1239 358 1363 390 coena,
1400 345 1538 383 Romae
1562 344 1706 382 occisus

296 413 361 452 est.
395 414 434 451 Si
453 413 538 467 lege
550 432 563 460 3
594 414 697 452 bona
717 427 873 466 quoque
893 412 977 465 lege
999 411 1136 450 venifl'e
1156 411 1277 450 fateor
1295 427 1303 451 :
1336 412 1391 450 fin
1412 420 1541 449 autem
1563 411 1707 449 constat

297 489 430 519 contra
449 494 583 519 omnes
605 494 683 519 non
704 480 824 519 modo
843 489 988 519 veteres
1008 480 1125 533 leges,
1147 493 1282 517 verum
1302 479 1419 517 etiam
1442 491 1571 521 novas,
1600 480 1706 515 occi-

296 546 381 585 sum
402 546 473 585 effe
487 566 500 593 5
532 547 634 586 bona
653 561 731 600 quo
746 547 848 600 jure,
880 556 945 585 aut
966 545 1180 599 quomodo,
1214 555 1279 585 aut
1299 558 1374 598 qua
1400 545 1483 597 lege
1505 544 1707 589 venierint,

297 627 441 667 quaero.

335 679 486 718 XLIV.
506 680 551 718 In
573 693 691 733 quem
708 678 783 718 hoc
800 680 942 725 dicam,
960 679 1111 732 quaeris,
1132 678 1276 717 Eruci?
1300 678 1393 718 Non
1410 678 1451 716 in
1466 691 1572 722 eum,
1591 691 1711 730 quem

295 746 368 791 vis,
390 755 429 785 et
447 755 573 800 putas,
618 747 727 786 Nam
748 747 894 799 Syllam
913 756 951 785 et
971 747 1092 785 oratio
1110 759 1196 784 mea
1215 746 1266 784 ab·
1283 746 1410 790 initio,
1432 755 1470 783 et
1490 745 1605 798 ipfius
1626 744 1709 782 exi-

298 813 378 851 mia
397 814 518 852 virtus
540 814 650 852 omni
682 823 856 867 tempore
875 814 1069 868 purgavit.
1118 814 1204 866 Ego
1236 812 1317 852 haec
1337 813 1469 852 omnia
1490 798 1709 864 Chrysogo-

299 893 396 918 num
409 879 536 918 feciffe
554 880 658 926 dico,
676 890 719 919 ut
734 882 1002 926 ementiretur,
1021 889 1065 919 ut
1081 881 1232 919 malum
1253 881 1379 918 civem
1400 878 1589 918 Roscium
1602 878 1713 916 fuifl‘e

299 945 473 998 fingeret,
511 955 553 985 ut
573 961 664 985 eum
694 948 795 1000 apud
815 947 1041 986 adversarios
1068 946 1241 986 occisum
1261 946 1334 984 effe
1353 947 1510 991 diceret,
1547 954 1589 984 ut
1609 943 1713 983 hisce

300 1011 347 1050 de
368 1013 480 1050 rebus
502 1027 523 1050 a
552 1013 688 1064 legatis
709 1015 990 1051 Amerinorum
1021 1014 1149 1052 doceri
1174 1014 1223 1051 L.
1244 1014 1389 1065 Syllam
1410 1013 1533 1066 passus
1554 1026 1631 1050 non
1653 1011 1711 1049 fit.

301 1078 485 1130 Denique
505 1078 623 1116 etiam
643 1078 742 1116 illud
762 1077 942 1131 suspicor,
971 1079 1134 1116 omnino
1155 1078 1237 1116 haec
1258 1079 1359 1117 bona
1380 1092 1456 1116 non
1478 1077 1615 1115 venisse
1633 1091 1641 1115 ε
1675 1077 1713 1115 id

301 1144 406 1195 quod
423 1143 563 1196 postea,
585 1143 612 1180 fi
630 1157 698 1195 per
713 1157 793 1188 vos,
810 1144 983 1194 Judices,
1005 1145 1161 1182 licitum
1182 1144 1267 1189 erit,
1289 1145 1492 1196 aperietur.

358 1210 512 1263 Opinor
537 1209 644 1247 enim
665 1208 736 1246 effe
756 1209 797 1247 in
823 1209 921 1262 lege,
955 1223 1074 1262 quam
1095 1209 1143 1247 ad
1173 1210 1279 1248 diem
1300 1210 1597 1262 proscriptiones
1619 1223 1711 1247 ven-

301 1276 541 1329 ditionesque
557 1275 651 1314 fiant
666 1294 679 1322 ;
701 1276 892 1314 nimirum
907 1275 954 1314 ad
968 1276 1132 1314 Kalend.
1148 1276 1297 1328 Junias.
1320 1276 1488 1329 Aliquot
1503 1276 1588 1329 post
1603 1289 1713 1314 men-

301 1344 354 1383 ses
375 1353 414 1383 et
433 1342 556 1382 homo
587 1343 734 1382 occisus
755 1343 822 1389 est,
854 1353 893 1382 et
925 1344 1026 1382 bona
1045 1343 1185 1382 venisse
1205 1343 1404 1382 dicuntur.
1451 1342 1631 1382 Profecto
1651 1353 1715 1381 aut

245 1419 250 1423 “
299 1409 384 1450 haec
405 1411 505 1450 bona
524 1412 563 1448 in
586 1411 732 1448 tabulas
753 1411 929 1464 publicas
951 1411 1059 1450 nulla
1078 1411 1288 1456 redierunt,
1321 1410 1465 1464 nosque
1486 1410 1533 1448 ab
1553 1410 1623 1448 isto
1645 1423 1714 1448 ne-

302 1477 446 1516 bulone
478 1476 641 1515 facetius
675 1477 885 1523 eludimur,
923 1491 1044 1530 quam
1078 1486 1289 1530 putamu85
1332 1487 1411 1522 aut,
1443 1478 1470 1515 fi
1505 1476 1713 1521 redierunt,

301 1544 443 1583 tabulae
462 1543 630 1597 publicae
650 1553 840 1597 corruptae
861 1544 988 1597 aliqua
1012 1544 1158 1582 ratione
1178 1543 1266 1582 sunt
1284 1558 1293 1582 :
1326 1557 1416 1582 nam
1438 1544 1523 1596 lege
1554 1543 1715 1595 quidem

303 1610 404 1649 bona
432 1611 561 1648 venire
594 1623 672 1648 non
703 1610 865 1662 potuiffe
896 1610 1056 1649 constat.
1102 1610 1301 1663 Intelligo‚
1333 1624 1395 1648 me
1425 1619 1512 1648 ante
1545 1619 1713 1662 tempus,

302 1676 475 1728 Judices,
505 1675 588 1714 haec
624 1675 795 1722 scrutari,
830 1685 869 1714 et
889 1678 1176 1729 propemodum
1195 1690 1330 1722 errare,
1362 1677 1445 1729 qui,
1478 1690 1571 1714 cum
1597 1676 1715 1728 capiti

303 1745 391 1782 Sex.
415 1742 548 1781 Roscii
568 1743 716 1780 mederi
734 1743 911 1788 debeam,
933 1742 1119 1781 rediviam
1139 1755 1288 1781 curem.
1319 1741 1416 1780 Non
1442 1741 1549 1780 enim
1567 1741 1716 1780 laborat

303 1810 350 1848 de
384 1810 576 1862 pecunia;
614 1822 693 1847 non
729 1808 846 1847 ullius
884 1809 1075 1848 rationem
1105 1809 1163 1848 sui
1197 1809 1399 1847 commodi
1432 1807 1569 1853 ducit;
1601 1806 1716 1846 facile

303 1876 507 1930 egestatem
528 1876 634 1914 suam
654 1875 689 1913 se
719 1875 892 1914 laturum
927 1885 1052 1929 putat,
1088 1876 1115 1914 fi
1147 1874 1221 1914 hac
1247 1875 1409 1928 indigna
1442 1875 1657 1929 suspicione
1677 1883 1716 1914 et

304 1944 393 1982 fie'to
413 1944 578 1982 crimine
593 1943 776 1982 liberatus
794 1944 853 1983 fit.

359 2010 508 2048 Verum
529 2009 655 2062 quaeso
675 2023 696 2047 a
726 2010 851 2055 vobis,
873 2010 1046 2061 Judices,
1068 2019 1111 2049 ut
1131 2009 1214 2049 haec
1234 2024 1367 2063 pauca,
1386 2023 1471 2063 quae
1491 2009 1642 2055 restant,
1664 2009 1717 2047 ita

305 2076 479 2120 audiatis,
512 2085 554 2113 ut
574 2075 716 2128 partim
748 2089 811 2114 me
843 2076 966 2114 dicere
987 2090 1057 2129 pro
1090 2090 1155 2115 me
1180 2077 1263 2129 ipso
1283 2077 1441 2129 putetis,
1472 2076 1614 2129 partim
1645 2090 1716 2128 pro

306 2145 392 2182 Sex.
413 2142 569 2180 Roscio.
603 2143 702 2192 Qae
722 2143 829 2180 enim
848 2142 949 2181 mihi
970 2144 1038 2196 ipfi
1060 2143 1218 2196 indigna
1243 2152 1280 2181 et
1301 2143 1558 2182 intolerabilia
1579 2143 1714 2181 viden-

305 2219 382 2254 tur,
405 2221 568 2261 quaeque
588 2208 634 2245 ad
665 2221 816 2253 omneS‚
848 2209 917 2246 nifi
946 2210 1209 2261 providemuS,
1242 2209 1405 2248 arbitror
1425 2209 1640 2262 pertinere3
1673 2221 1715 2244 ea

305 2289 374 2328 pro
394 2288 457 2313 me
477 2275 573 2328 ipso,
605 2288 652 2313 ex
673 2275 794 2312 animi
814 2277 892 2313 mei
913 2275 1019 2314 sensu
1046 2290 1087 2314 ac
1117 2276 1261 2320 dolore,
1291 2276 1517 2328 pronuntio.
1551 2275 1648 2328 Qae
1668 2274 1714 2310 ad

305 2341 420 2394 hujus
441 2342 527 2380 vitae
548 2341 690 2387 casum,
713 2341 943 2395 causamque
964 2343 1193 2396 pertincant,
1227 2353 1264 2380 et
1285 2343 1379 2395 quid
1402 2342 1465 2380 hic
1486 2354 1555 2392 pro
1577 2340 1611 2376 [e
1636 2339 1715 2378 dici

305 2408 413 2453 velit,
449 2417 487 2446 et
521 2422 597 2461 qua
616 2409 840 2447 conditione
861 2420 1065 2448 contentus
1098 2411 1156 2455 sit,
1184 2411 1265 2461 jam
1290 2410 1327 2446 in
1350 2418 1521 2445 extrema
1544 2406 1715 2444 oratione

308 2473 445 2518 nostra,
467 2475 638 2531 Judicae,
674 2475 850 2514 audietis.
885 2478 972 2530 Ego
1004 2477 1085 2516 haec
1118 2491 1137 2514 a
1159 2475 1427 2526 Chrysogono,
1461 2486 1545 2511 inea
1565 2472 1712 2526 sponte,

308 2548 457 2576 remoto
479 2541 563 2578 Sex.
588 2541 743 2586 Roscio,
766 2556 907 2594 quaero.

390 2605 461 2642 To
478 2618 529 2643 M.
564 2606 634 2645 IV.
1366 2608 1412 2645 M
