2201 2792
466 171 543 221 164
885 169 975 209 IN
1050 168 1430 208 VERREM

461 281 538 306 non
570 265 696 306 dicam
731 266 805 305 hoc
836 267 922 306 loco
941 282 949 306 ε
981 267 1033 306 est
1062 267 1157 306 alius
1179 267 1278 306 mihi
1298 268 1406 306 locus
1431 266 1477 305 ad
1497 265 1596 305 hanc
1617 266 1722 305 istius
1742 267 1854 320 cupi-

460 335 619 372 ditatem
642 334 974 371 demonstrandam
1007 333 1182 372 servatus.
1221 332 1387 372 Athenis
1408 333 1577 378 audistis,
1606 347 1653 371 ex
1671 333 1748 371 aede
1769 333 1854 371 Mi-

459 414 581 438 nervae
600 401 740 452 grande
760 401 839 437 auri
867 400 1016 452 pondus
1037 399 1207 437 ablatum
1226 415 1234 437 :
1267 400 1414 437 dictum
1433 397 1509 437 hoc
1535 399 1587 437 est
1606 399 1647 436 in
1669 400 1744 437 Cn.
1767 399 1855 437 Do-

459 467 781 518 labellaejudicio.
814 467 1004 503 Dictum?
1035 467 1150 504 etiam
1171 465 1413 504 aestimatum.
1456 465 1588 517 Hujus
1609 465 1757 503 consilii
1777 479 1856 503 non

460 532 578 571 modo
608 532 838 586 participem
866 533 913 570 C.
938 532 1123 576 Verrem,
1155 531 1216 570 sed
1250 531 1482 583 principem,
1518 529 1626 569 fuiffe
1646 530 1854 582 reperietis.

460 600 607 637 Delum
638 599 766 637 venit:
798 598 854 636 ibi
884 612 931 637 ex
961 597 1052 636 fano
1082 597 1276 650 Apollinis
1308 596 1585 649 religiofiffimo
1610 597 1726 635 noem
1755 596 1857 634 clam

459 666 608 703 sustulit
628 665 730 718 signa
749 663 1020 717 pulcherrima,
1056 674 1169 716 atque
1201 663 1459 716 antiquiffima
1474 681 1485 708 ς
1518 676 1636 715 eaque
1662 663 1702 700 in
1722 674 1857 700 onera-

460 733 556 770 riam
577 745 712 770 navem
733 731 838 769 suam
859 730 1098 783 conjicienda
1117 731 1274 768 curavit.
1298 729 1482 768 Postridie
1502 743 1594 768 cum
1613 728 1749 767 fanum
1769 728 1857 781 spo-

459 799 597 837 liatum
627 798 799 837 viderent
833 798 874 842 ii,
917 797 985 850 qui
1020 797 1168 836 Delum
1198 797 1444 842 incolebant,
1475 797 1639 849 graviter
1670 794 1857 833 ferebant.

459 866 529 904 Est
554 866 660 905 enim
682 874 785 903 tanta
815 864 915 918 apud
935 877 997 902 eos
1028 865 1107 916 ejus
1128 863 1208 902 fani
1239 864 1389 917 religio,
1420 873 1534 916 atque
1562 863 1785 915 antiquitas,
1816 869 1860 900 ut

458 932 499 970 in
530 945 575 971 eo
604 932 692 971 loco
722 931 848 984 ipsum
877 931 1106 984 Apollinem
1136 940 1270 969 natum
1302 930 1372 969 effe
1406 930 1650 968 arbitrentur.
1681 928 1859 966 Verbum

458 1007 588 1037 tamen
607 997 729 1036 facere
749 1011 827 1036 non
847 997 1049 1042 audebant,
1080 1010 1128 1035 ne
1143 996 1242 1034 forte
1261 1010 1303 1034 ea
1323 1009 1379 1034 res
1399 996 1446 1033 ad
1467 994 1713 1034 Dolabellam
1732 993 1861 1046 ipsum

457 1066 678 1118 pertineret.

503 1132 658 1170 XVIII.
682 1131 791 1168 Tum
812 1129 938 1168 subito
958 1127 1198 1181 tempestates
1219 1137 1358 1168 coortae
1377 1128 1464 1166 sunt
1483 1127 1674 1171 maximae,
1689 1126 1862 1177 Judices,

459 1207 502 1236 ut
522 1211 599 1236 non
620 1197 738 1235 modo
757 1195 961 1248 proficisci,
990 1207 1082 1232 curn
1102 1203 1271 1246 cuperet,
1302 1193 1508 1231 Dolabella
1536 1206 1615 1230 non
1634 1192 1767 1244 posset,
1798 1191 1862 1230 sed

457 1265 523 1303 vix
553 1264 595 1301 in
625 1262 769 1315 oppido
803 1260 1042 1304 consisteret;
1073 1259 1126 1297 ita
1159 1259 1291 1311 magni
1311 1258 1449 1297 finitus
1470 1258 1734 1311 ejiciebantur.
1778 1258 1861 1296 Hic

457 1329 563 1368 navis
582 1328 649 1366 illa
667 1326 856 1380 praedonis
885 1324 1006 1371 istius,
1039 1324 1173 1362 onusta
1190 1324 1303 1377 signis
1335 1324 1532 1377 religiosis,
1564 1324 1718 1377 expulsa
1744 1333 1860 1376 atque

458 1396 575 1448 eje&a
594 1394 728 1438 fluctu,
749 1391 952 1445 frangitur.
978 1393 1023 1429 In
1043 1391 1153 1429 litore
1174 1390 1277 1444 figna
1296 1390 1362 1429 illa
1381 1391 1576 1443 Apollinis
1598 1390 1859 1443 reperiuntur:

453 1461 558 1514 juffu
578 1459 790 1499 Dolabellae
810 1466 1049 1512 reponuntur
1067 1472 1076 1496 z
1114 1457 1313 1510 tempestas
1334 1456 1509 1496 sedatur:
1532 1456 1739 1495 Dolabella
1758 1456 1862 1495 Delo

459 1527 726 1581 proficiscitur.

519 1593 615 1632 Non
635 1592 785 1637 dubito,
818 1591 927 1644 quin,
964 1589 1111 1629 tametfi
1139 1589 1267 1628 nullus
1299 1589 1340 1627 in
1369 1598 1406 1628 te
1436 1588 1561 1628 sensus
1590 1587 1859 1632 humanitatis,

460 1660 566 1698 nulla
586 1660 680 1698 ratio
701 1671 873 1711 unquam
894 1656 970 1695 fuit
990 1656 1208 1710 religionis,
1231 1669 1336 1694 nunc
1367 1665 1512 1701 tamen,
1543 1655 1586 1694 in
1615 1663 1724 1693 metu
1756 1654 1860 1707 peri-

459 1727 625 1779 culoque
656 1735 738 1770 tuo,
770 1734 927 1763 tuorum
958 1723 1032 1761 tibi
1062 1722 1246 1761 scelerum
1276 1723 1402 1761 veniat
1428 1722 1471 1761 in
1489 1730 1677 1761 mentem.
1711 1720 1859 1759 Potest-

459 1806 506 1831 ne
541 1792 613 1835 tibi
635 1791 713 1830 ulla
747 1790 827 1843 spes
862 1789 989 1828 salutis
1022 1789 1231 1827 commoda
1259 1788 1420 1834 ostendi,
1453 1803 1544 1828 cum
1565 1787 1787 1831 recordaris,
1819 1787 1860 1823 in

461 1860 565 1896 Deos
598 1856 835 1896 immortales
858 1869 976 1907 quam
995 1855 1155 1906 impius,
1190 1868 1311 1906 quam
1343 1854 1556 1898 sceleratus,
1594 1866 1712 1905 quam
1750 1850 1859 1889 nefa-

461 1925 537 1961 rius
572 1923 719 1961 fueris?
751 1920 1056 1973 Appollinemne
1076 1928 1119 1957 tu
1146 1919 1308 1957 Delium
1329 1919 1487 1972 spoliare
1506 1918 1615 1957 ausus
1646 1918 1712 1956 es?
1745 1917 1861 1955 llline

460 1999 503 2028 tu
524 1989 686 2041 templo,
720 1997 798 2025 tam
819 1986 992 2038 antiquo,
1024 1994 1104 2023 tam
1123 1984 1263 2031 saneto,
1295 1994 1373 2023 tam
1401 1985 1591 2038 religioso,
1624 1997 1760 2022 manus
1782 1984 1861 2022 im-

462 2057 541 2109 pias
561 2070 603 2093 ac
635 2054 828 2106 sacrilegas
852 2052 983 2091 afferre
1002 2061 1160 2091 conatus
1180 2051 1246 2091 es?
1279 2052 1316 2090 Si
1337 2053 1376 2090 in
1408 2053 1570 2106 pueritia
1590 2065 1668 2090 non
1688 2050 1748 2089 his
1769 2051 1863 2088 arti-

464 2123 534 2160 bus
565 2130 604 2160 et
637 2119 848 2173 disciplinis
880 2119 1074 2157 institutus
1106 2132 1210 2165 eras,
1253 2128 1296 2157 ut
1326 2132 1381 2164 ea,
1417 2133 1503 2171 quae
1530 2118 1651 2156 literis
1687 2117 1866 2155 mandata

464 2188 568 2233 sunt,
599 2187 758 2226 disceres
793 2195 907 2238 atque
936 2185 1179 2238 cognosceres
1197 2204 1210 2231 ;
1241 2198 1288 2223 ne
1321 2185 1447 2238 postea
1481 2185 1655 2237 quidem,
1700 2197 1792 2220 cum
1820 2182 1861 2219 in

463 2269 504 2292 ea
538 2254 618 2307 ipsa
652 2254 735 2292 loca
766 2252 912 2297 venisti,
956 2251 1113 2304 potuisti
1144 2251 1315 2304 accipere
1347 2252 1403 2297 id,
1447 2251 1551 2303 quod
1581 2250 1634 2288 est
1665 2248 1863 2301 proditum

464 2321 660 2359 memoriae
695 2333 737 2357 ac
771 2318 906 2363 literis,
939 2319 1129 2356 Latonam
1161 2331 1208 2355 ex
1228 2318 1345 2370 longo
1364 2330 1502 2361 errore,
1534 2326 1571 2354 et
1597 2314 1703 2367 fuga,
1734 2314 1860 2366 gravi—

464 2389 567 2432 dam,
598 2397 635 2426 et
663 2388 746 2439 jam
780 2385 824 2424 ad
853 2385 1078 2438 pariendum
1098 2384 1280 2428 vicinam,
1315 2384 1555 2436 temporibus
1576 2381 1730 2425 exactis,
1765 2394 1862 2418 con-

464 2453 598 2505 fugisse
636 2453 809 2497 Delum,
853 2461 967 2504 atque
998 2451 1054 2489 ibi
1084 2450 1338 2503 Apollinem,
1370 2450 1615 2501 Dianamque
1649 2445 1860 2500 peperisse?

465 2521 553 2572 Qa
583 2534 630 2560 ex
660 2520 841 2572 opinione
870 2517 1095 2564 hominum,
1136 2516 1202 2555 illa
1235 2516 1356 2556 insula
1388 2529 1523 2555 eorum
1554 2516 1730 2554 Deorum
1765 2512 1866 2552 sacra
