2201 2792
552 210 630 250 430
978 195 1068 235 IN
1136 196 1518 237 VERREM

551 295 788 334 beneficium
810 305 1045 349 acceperant,
1068 310 1186 348 quem
1207 296 1277 334 fibi
1297 297 1538 342 amiciorem,
1559 310 1677 349 quam
1697 295 1844 350 populo
1865 297 1951 335 Ro-

552 377 667 401 mano
697 363 767 401 effe
791 371 1061 415 cognoverant,
1093 364 1174 414 ejus
1196 363 1313 415 capiti
1333 363 1452 401 literis
1484 364 1559 402 suis
1580 364 1796 417 peperciffe.
1831 363 1902 402 Sed
1923 363 1950 401 fi

551 438 781 482 argumento
801 429 867 473 est,
883 428 1141 466 Mamertinos
1160 428 1339 480 pecunias
1361 429 1434 466 tibi
1454 442 1532 466 non
1553 429 1704 475 dedifi‘e,
1719 430 1810 482 quia
1829 429 1950 482 scrip-

552 504 637 533 tum
654 509 730 532 non
747 493 915 539 habena
939 494 983 532 fit
1004 503 1248 546 argumento,
1263 494 1336 532 tibi
1356 495 1472 547 gratis
1490 494 1658 533 constare
1675 509 1825 540 navem,
1844 495 1950 548 quia,

551 561 647 614 quid
671 561 823 605 emeris,
845 569 910 598 aut
930 560 1025 613 quid
1041 561 1238 606 locaveris,
1261 560 1447 613 scriptum
1469 560 1637 614 proferre
1654 575 1732 599 non
1752 570 1874 614 potes.

607 631 662 666 At
681 628 787 665 enim
808 627 953 665 idcirco
973 640 1110 665 navem
1130 627 1380 665 Mamertinis
1401 641 1479 665 non
1501 627 1708 680 imperasti,
1738 627 1843 680 quod
1864 626 1952 665 sunt

551 694 740 733 foederati.
764 693 833 732 Dii
854 694 1080 746 approbent.
1104 694 1308 732 Habemus
1323 693 1527 732 hominem
1547 695 1588 732 in
1609 693 1802 732 fetialium
1822 694 1950 732 mani-

551 763 623 800 bus
644 762 880 805 educatu1n;
913 775 1052 806 unum,
1088 770 1222 813 praeter
1252 770 1421 805 caeteros,
1444 762 1484 798 in
1508 761 1675 813 publicis
1697 760 1950 813 religionibus

550 827 743 866 foederum
765 827 953 872 sanetum,
985 836 1023 865 et
1043 827 1286 880 diligentem.
1320 828 1485 872 Omnes,
1508 827 1576 879 qui
1601 836 1688 865 ante
1708 836 1746 864 te
1766 828 1950 865 Praetores

549 895 720 939 fuerunt,
741 894 928 932 dedantur
947 894 1211 939 Mamertinis,
1233 894 1339 947 quod
1359 894 1405 932 iis
1425 907 1561 932 navem
1581 902 1715 932 contra
1734 893 1952 946 pactionem

550 961 704 999 foederis
736 961 975 1013 imperarint.
1009 961 1081 998 Sed
1113 970 1257 1005 tamen,
1281 970 1338 1004 tu,
1371 959 1494 998 sancte
1524 959 1661 1005 homo,
1692 973 1734 997 ac
1762 958 1949 1012 religiose,

550 1041 620 1066 cur
654 1027 988 1066 Taurominitanis
1021 1027 1117 1065 item
1153 1026 1346 1065 foederatis
1382 1040 1516 1064 navem
1538 1026 1731 1079 imperasti
1749 1025 1762 1063 ?
1793 1039 1840 1064 an
1873 1024 1950 1063 hoc

549 1096 746 1148 probabiS,
777 1095 818 1132 in
839 1108 946 1146 aequa
971 1094 1079 1132 causa
1098 1094 1333 1147 populorum
1365 1094 1442 1134 fine
1472 1094 1596 1148 pretio
1626 1093 1776 1132 varium
1801 1093 1882 1145 jus,
1912 1100 1951 1130 et

550 1162 738 1215 disparem
759 1161 1025 1199 conditionem
1046 1160 1155 1199 fuisse
1173 1161 1185 1197 ?

606 1229 716 1280 Qid
730 1257 740 1272 ,
774 1228 799 1265 s1
821 1227 1009 1279 ejusmodi
1030 1227 1101 1265 effe
1130 1226 1213 1265 haec
1234 1228 1311 1266 duo
1332 1227 1475 1266 foedera
1494 1228 1662 1266 duorum
1684 1226 1918 1280 populorum
1936 1254 1947 1270 ,

549 1295 722 1346 Judices,
740 1294 873 1337 doceo,
889 1302 931 1330 ut
945 1293 1278 1331 Taurominitanis
1301 1295 1533 1332 nominatim
1551 1303 1724 1338 cautum,
1747 1302 1786 1331 et
1805 1306 1948 1345 excep-

550 1372 637 1400 tum
659 1361 703 1400 s1t
721 1359 877 1404 foedere,
896 1374 938 1398 ne
956 1374 1085 1398 navem
1102 1359 1188 1398 dare
1207 1359 1379 1405 (schramm
1398 1360 1647 1398 Mamertinis
1669 1361 1708 1398 in
1729 1359 1809 1412 ipso
1824 1358 1948 1397 foede-

550 1441 589 1466 re
609 1428 795 1472 sanctum,
831 1436 946 1478 atque
976 1425 1229 1479 perscriptum
1256 1426 1314 1471 fit,
1353 1427 1420 1465 Uti
1445 1441 1573 1466 navem
1604 1426 1690 1465 dare
1722 1425 1845 1479 neccjffi’
1863 1426 1946 1477 stt5

555 1494 673 1532 istum
694 1502 823 1531 autem
845 1501 978 1530 contra
992 1491 1135 1537 foedus,
1157 1500 1195 1530 et
1215 1492 1547 1531 Taurominitanis
1568 1491 1779 1545 imperaffe,
1801 1501 1838 1529 et
1854 1492 1948 1530 Ma-

550 1561 725 1599 mertinis
761 1558 969 1598 remisisse?
1001 1572 1097 1596 num
1132 1559 1195 1596 cui
1226 1558 1393 1597 dubium
1412 1559 1554 1612 poterit
1583 1558 1667 1604 effe,
1700 1559 1810 1612 quin,
1832 1559 1951 1597 Verre

552 1628 727 1672 Praetore,
755 1627 842 1680 plus
863 1626 1111 1665 Mamertinis
1134 1625 1279 1678 Cybea,
1301 1639 1420 1679 quam
1450 1625 1783 1665 Taurominitanis
1805 1624 1948 1670 foedus,

548 1694 785 1747 opitulatum
821 1694 895 1732 fit?
942 1693 1171 1732 Recitentur
1204 1692 1363 1732 foedera.
1410 1694 1840 1738 MAMER’HNORUM,
1888 1705 1948 1732 ET

548 1763 1079 1800 TAUROMINITANORUM
1105 1772 1202 1799 CUM
1227 1772 1400 1799 POPULo
1423 1760 1625 1798 ROMANo
1649 1760 1882 1798 FOEDERA.

601 1828 697 1865 -XX,
721 1827 796 1866 Isto
817 1827 935 1880 igitur
956 1835 1037 1871 tuo,
1060 1827 1393 1879 quemadmodum
1414 1826 1493 1880 ipse
1513 1827 1707 1879 praedicas,
1731 1824 1918 1863 beneficio
1933 1843 1946 1870 3

549 1903 592 1932 ut
613 1908 669 1932 res
687 1894 846 1938 indicat,
868 1894 1007 1945 pretio,
1039 1903 1154 1945 atque
1175 1894 1364 1938 mercede,
1397 1892 1573 1931 minuisti
1602 1891 1838 1944 majestatem
1870 1891 1948 1929 rei-

548 1960 730 2011 publicae,
753 1958 927 1997 minuisti
947 1959 1088 1997 auxilia
1107 1959 1243 2011 populi
1271 1958 1456 2003 Romani,
1489 1958 1664 1996 minuisti
1685 1958 1827 2011 copias,
1863 1971 1948 1996 ma-

543 2028 675 2079 jorum
712 2027 867 2071 virtute,
898 2039 940 2064 ac
963 2026 1144 2078 sapientia
1177 2035 1442 2079 comparatas:
1475 2025 1654 2063 sustulisti
1682 2026 1747 2077 jus
1777 2025 1947 2077 imperii,

549 2093 815 2132 conditionem
838 2092 1044 2137 sociorum,
1078 2093 1308 2130 memoriam
1329 2091 1500 2131 foederis.
1533 2093 1616 2144 Qi
1637 2106 1684 2130 ex
1704 2091 1847 2130 foedere
1867 2092 1948 2144 ipso

549 2174 700 2204 navem,
720 2159 778 2197 vel
801 2159 917 2211 usque
937 2159 982 2196 ad
1002 2173 1205 2204 oceanum,
1228 2160 1253 2197 fi
1275 2159 1575 2213 imperassemus,
1598 2159 1769 2212 sumptu,
1792 2158 1946 2211 pericu-

550 2227 666 2279 loque
687 2226 752 2264 suo
783 2236 984 2271 armatam,
1016 2235 1130 2278 atque
1151 2236 1340 2272 ornatam,
1371 2227 1525 2264 mittere
1547 2227 1788 2270 debuerunt;
1821 2224 1877 2270 hi,
1900 2238 1948 2262 ne

548 2294 590 2332 in
611 2292 711 2331 freto
731 2301 817 2330 ante
839 2292 901 2330 sua
921 2294 1029 2337 tecta,
1062 2301 1099 2330 et
1120 2292 1255 2330 domos
1278 2293 1511 2346 navigarent,
1531 2305 1578 2330 ne
1599 2291 1662 2329 sua
1681 2291 1838 2335 moenia,
1857 2304 1947 2343 por-

550 2360 687 2412 tusque
707 2358 967 2405 defenderent,
998 2359 1122 2412 pretio
1144 2359 1209 2397 abs
1232 2367 1268 2397 te
1282 2359 1348 2411 jus
1373 2358 1543 2405 foederis,
1576 2367 1614 2395 et
1635 2357 1788 2410 imperii
1808 2357 1946 2396 condi-

549 2427 697 2466 tionem
720 2435 911 2465 emerunt.

607 2493 715 2545 Qid
746 2493 905 2532 censetis
941 2493 982 2532 in
1011 2492 1087 2532 hoc
1117 2492 1260 2532 foedere
1294 2491 1472 2532 faciendo
1498 2491 1655 2532 voluisse
1689 2490 1947 2531 Mamertinos
