2201 2792
504 244 582 283 374
934 229 1022 268 IN
1094 229 1474 268 VERREM

500 329 624 374 causa,
648 329 764 367 daret.
811 329 964 367 Invenit
985 328 1255 381 Archagathus
1276 343 1431 382 paucos,
1453 329 1521 383 qui
1541 329 1683 368 vellent
1703 328 1873 382 accipere
1891 342 1900 366 ι

499 395 561 433 his
596 396 713 434 dedit.
760 396 838 433 Eos
860 408 1043 433 nummos
1066 404 1195 432 tamen
1230 395 1296 432 iste
1328 394 1579 449 Archagatho
1609 410 1687 434 non
1720 395 1900 434 reddidit.

502 462 639 500 Voluit
670 463 807 499 Romae
838 470 965 513 petere
995 458 1293 513 Archagathus:
1328 462 1404 499 Cn.
1426 462 1618 500 Lentulus
1646 461 1903 500 Marcellinus

500 529 678 574 diffunffl,
710 529 805 566 ficut
826 527 953 580 ipsum
973 528 1099 566 dicere
1119 528 1287 566 audistis.
1330 528 1461 567 Recita
1481 529 1806 567 ARCHAGATHI
1841 540 1899 566 ET

503 596 717 633 LENTUL1
743 607 1103 633 TESTIMONIUM.

556 663 622 707 Et,
654 675 703 700 ne
734 660 833 700 forte
863 659 1066 699 hominem
1088 660 1314 699 existimetis
1334 660 1435 700 hanc
1469 670 1616 699 tantam
1637 659 1718 698 vim
1752 659 1902 699 emble-

502 739 653 767 matum
674 729 751 767 fine
770 727 878 765 causa
896 741 1115 766 coacervare
1134 727 1306 772 voluiffe,
1337 728 1475 772 videte,
1508 728 1642 780 quanti
1662 741 1744 772 vos,
1768 726 1903 779 quanti

501 795 824 833 existimationem
855 794 991 846 populi
1026 794 1210 838 Romani,
1233 795 1368 846 quanti
1388 794 1491 846 leges
1511 803 1549 831 et
1569 793 1733 846 judicia,
1768 792 1903 845 quanti

501 861 609 898 testes
630 860 793 904 Siculos,
816 859 1146 912 negotiatoresque
1176 859 1323 897 fecerit.
1357 860 1608 911 Posteaquam
1629 868 1775 897 tantam
1796 853 1925 896 mul-'

501 927 709 965 titudinem
730 925 934 977 collegerat
952 926 1250 969 emblematum,
1270 933 1313 962 ut
1333 939 1381 963 ne
1401 939 1524 963 unum
1541 925 1701 978 quidem
1721 925 1905 977 cuiquam

499 992 722 1046 reliquiffet,
745 992 911 1030 instituit
940 992 1139 1030 officinam
1161 991 1344 1042 Syracusis
1377 992 1417 1030 in
1450 992 1552 1044 regia
1572 991 1798 1036 maximam,
1834 1004 1903 1043 pa-

500 1060 578 1098 lam
595 1078 607 1105 5
639 1059 799 1098 artifices
820 1072 970 1103 omnes,
1001 1058 1206 1102 caelatores‚
1238 1071 1281 1095 ac
1302 1058 1524 1096 vascularios
1544 1057 1749 1096 convocari
1763 1057 1900 1109 jubet:

500 1136 537 1164 et
558 1127 635 1179 ipse
654 1127 738 1164 suos
759 1125 979 1178 complures
1000 1124 1179 1163 habebat.
1203 1125 1263 1163 Eo
1283 1125 1469 1163 conducit
1488 1138 1670 1178 magnam
1691 1123 1902 1162 hominum

499 1193 819 1230 multitudinem:
854 1191 999 1229 menses
1020 1192 1107 1228 octo
1128 1191 1333 1229 continuos
1353 1204 1449 1244 opus
1470 1190 1531 1229 his
1554 1204 1632 1229 non
1652 1189 1790 1235 defuit,
1812 1202 1904 1227 cum

499 1274 562 1297 vas
584 1259 738 1297 nullum
759 1259 879 1302 fieret,
902 1258 969 1295 nifi
990 1271 1165 1295 aureum.
1198 1258 1306 1295 Tum
1329 1258 1408 1301 illa,
1429 1271 1477 1295 ex
1496 1257 1645 1309 patellis
1665 1266 1702 1294 et
1719 1255 1902 1295 thuribu-

500 1327 547 1363 lis
569 1340 652 1377 quae
684 1325 852 1368 vellerat,
884 1325 936 1361 ita
956 1323 1048 1361 scite
1079 1323 1119 1360 in
1141 1324 1261 1360 aureis
1282 1323 1432 1375 poculis
1464 1323 1651 1375 illigabat,
1683 1323 1736 1360 ita
1755 1331 1841 1376 apte
1862 1323 1903 1359 in

499 1391 651 1445 scyphis
673 1391 792 1429 aureis
822 1389 1056 1434 includebat,
1088 1398 1131 1427 ut
1151 1402 1193 1426 ea
1223 1389 1269 1427 ad
1289 1389 1397 1427 illam
1430 1403 1510 1427 rem
1532 1398 1619 1427 nata
1639 1389 1709 1427 effe
1728 1389 1871 1426 diceres
1890 1402 1900 1426 ε

498 1458 577 1510 ipse
599 1467 726 1494 tamen
748 1458 904 1500 Praetor,
921 1456 989 1508 qui
1010 1455 1072 1493 sua
1085 1455 1283 1508 vigilantia
1301 1468 1436 1508 pacem
1456 1455 1497 1493 in
1513 1455 1641 1493 Sicilia
1661 1455 1757 1493 dicit
1777 1453 1901 1499 fuisse,

499 1525 540 1561 in
561 1523 632 1561 hac
652 1523 806 1562 officina
824 1524 1012 1575 majorem
1034 1531 1181 1575 partem
1211 1522 1288 1560 diei
1309 1535 1401 1560 cum
1422 1522 1553 1560 tunica
1572 1521 1678 1574 pulla
1698 1521 1822 1559 sedere
1842 1520 1902 1559 so-

499 1589 616 1632 lebat,
647 1600 685 1627 et
706 1589 835 1641 pallio.

554 1656 685 1694 XXV.
719 1656 816 1692 Haec
835 1668 920 1707 ego,
952 1654 1123 1705 Judices,
1160 1667 1237 1692 non
1258 1653 1435 1692 auderem
1467 1652 1649 1706 proferre,
1681 1653 1720 1690 ni
1741 1665 1901 1697 vererer,

499 1736 547 1761 ne
567 1722 665 1760 forte
685 1722 795 1774 plura
815 1721 860 1759 de
891 1721 960 1759 isto
981 1722 1027 1759 ab
1048 1721 1130 1759 aliis
1152 1718 1199 1759 in'
1214 1721 1399 1765 sermone,
1415 1734 1533 1773 quam
1553 1734 1573 1757 a
1594 1734 1656 1758 me
1671 1720 1710 1757 in
1736 1720 1902 1772 judicio,

499 1788 638 1835 audiffe
673 1802 736 1827 vos
769 1788 960 1825 diceretis.
993 1787 1092 1837 Qis
1124 1787 1230 1824 enim
1261 1786 1327 1832 est,
1358 1787 1425 1839 qui
1457 1786 1503 1824 de
1533 1785 1605 1824 hac
1636 1786 1803 1830 officina,
1835 1786 1903 1837 qui

500 1855 546 1892 de
562 1855 656 1892 valis
677 1854 812 1897 aureis,
844 1853 911 1905 qui
943 1853 989 1889 de
1023 1853 1127 1890 istius
1150 1853 1280 1905 pallio,
1312 1852 1443 1890 tunica
1474 1852 1579 1904 pulla
1610 1865 1687 1889 non
1708 1851 1900 1888 audierit?

500 1921 632 1969 Qem
652 1920 754 1958 voles
776 1919 821 1956 de
852 1927 1043 1955 conventu
1065 1918 1382 1968 Syracusanorum
1402 1918 1529 1955 virum
1551 1918 1700 1955 bonum
1720 1917 1901 1954 nomina-

501 1996 568 2024 to:
602 1986 826 2038 producam.
858 1983 991 2022 Nemo
1011 1984 1096 2028 erit,
1128 1983 1223 2036 quin
1244 1982 1319 2021 hoc
1341 1983 1376 2020 se
1410 1993 1474 2021 aut
1495 1982 1639 2028 vidiffe,
1670 1992 1735 2021 aut
1764 1982 1903 2021 audisse

501 2053 617 2091 dicat.

558 2120 595 2156 O
619 2128 802 2170 tempora,
834 2132 857 2155 o
879 2117 1028 2155 mores!
1063 2115 1162 2154 nihil
1194 2117 1364 2154 nimium
1398 2125 1506 2154 vetus
1539 2115 1744 2170 proferam.
1805 2118 1903 2155 Sunt

499 2184 681 2228 vestrum,
713 2184 883 2235 Judioes,
915 2197 1032 2235 quam
1067 2183 1197 2227 multi,
1231 2183 1298 2234 qui
1331 2184 1377 2220 L.
1413 2183 1590 2220 Pisonem
1623 2191 1900 2234 cognoverunt,

500 2251 615 2304 hujus
654 2252 701 2289 L.
740 2249 900 2294 Pisonis,
933 2250 1001 2301 qui
1030 2250 1172 2286 Praetor
1206 2248 1295 2293 fuit,
1326 2258 1486 2301 patrem.
1548 2250 1584 2287 Is
1621 2262 1711 2286 cum
1741 2246 1830 2285 effet
1861 2248 1902 2285 in

502 2318 688 2370 Hispania
726 2318 868 2355 Praetor
889 2345 899 2360 ‚
945 2328 1020 2367 qua
1053 2315 1092 2352 in
1128 2315 1324 2366 provincia
1356 2315 1502 2352 occisus
1537 2315 1620 2358 est,
1670 2313 1795 2351 nescio
1824 2327 1902 2365 quo

500 2386 635 2437 pacto,
682 2383 775 2421 dum
806 2382 920 2420 armis
951 2389 1160 2425 exercetur,
1191 2381 1355 2418 annulus
1391 2393 1537 2425 aureus,
1569 2393 1687 2432 quem
1722 2378 1900 2423 habebat,

501 2449 642 2488 fraenis
663 2450 729 2493 est,
761 2458 797 2486 et
819 2449 1100 2487 comminutus.
1161 2448 1264 2484 Cum
1296 2446 1410 2483 vellet
1444 2446 1514 2484 fibi
1535 2446 1722 2483 annulum
1755 2444 1900 2490 facere,

501 2515 699 2555 aurificem
730 2515 835 2567 juffit
855 2515 979 2553 vocari
1015 2515 1054 2551 in
1087 2513 1185 2558 foro,
1216 2512 1262 2550 ad
1283 2512 1426 2557 sellam,
1459 2512 1664 2556 Cordubae,
1696 2519 1735 2549 et
1764 2512 1799 2549 ei
1832 2524 1901 2564 pa-

502 2582 580 2621 lam
611 2582 794 2635 appendit
827 2595 976 2620 aurum.
1010 2581 1228 2620 Hominem
1263 2580 1304 2618 in
1330 2579 1414 2618 foro
1441 2578 1571 2617 sellam
1599 2579 1713 2631 jubet
1746 2591 1901 2631 ponere,
