2201 2792
520 189 648 228 PRO
681 187 816 225 SEX.
851 186 1106 224 ROSCIO
1138 186 1489 225 AMERINO,
1666 204 1711 241 73

309 289 423 327 nostri
445 287 648 339 sapientius
666 286 673 323 !
707 286 787 336 Qi
809 299 902 323 cum
923 285 1200 336 intelligerent,
1218 284 1317 323 nihil
1334 286 1404 323 effe
1426 295 1504 322 tam
1527 285 1712 329 sinerum,

309 354 412 406 quod
447 367 524 391 non
550 352 757 404 aliquando
788 351 947 389 violaret
977 351 1145 396 audacia,
1178 351 1414 404 supplicium
1441 352 1482 389 in
1513 352 1713 404 parricidas

308 419 495 471 singulare
514 419 856 471 excogitaverunt;
889 426 946 462 ut,
973 431 1070 470 quos
1093 428 1226 456 natura
1247 418 1325 470 ipsa
1345 419 1506 456 retinere
1526 418 1565 455 in
1586 418 1716 455 officio

308 498 386 522 non
421 484 615 537 potuisset,
650 485 677 522 ii
709 484 978 537 magnitudine
1007 497 1131 536 poenae
1152 483 1344 522 maleficio
1365 484 1713 522 summovet-entur.

308 550 412 589 Insui
433 552 639 590 voluerunt
660 552 701 588 in
721 551 881 589 culeum
901 551 1022 595 vivos,
1041 559 1155 605 atque
1175 551 1228 588 ita
1248 550 1288 588 in
1307 550 1454 588 flumen
1475 551 1603 603 dejici.

334 618 488 656 XXVI.
515 619 550 656 O
568 617 798 670 fingularem
814 616 1054 669 sapientiam,
1068 617 1226 668 Judices
1244 616 1250 653 !
1274 630 1402 655 nonne
1418 617 1595 655 videntur
1611 615 1715 654 hunc

308 683 513 722 hominem
534 697 580 722 ex
602 697 730 721 rerum
751 692 886 721 natura
906 682 1088 721 sustuliffe
1109 692 1147 721 et
1173 682 1363 736 eripuisse,
1381 684 1445 721 cui
1466 692 1619 735 repente
1640 695 1715 720 cae-

308 751 406 796 lum,
430 751 563 796 solem,
586 764 740 803 aquam,
763 760 982 803 terramque
1000 751 1239 795 ademerunt,
1260 759 1317 795 ut,
1340 751 1409 802 qui
1428 763 1519 788 eum
1542 749 1716 793 necasset,

309 818 411 856 unde
431 818 509 871 ipse
530 828 640 857 natus
659 818 762 864 effet,
777 827 918 857 careret
938 818 983 857 iis
1005 818 1117 856 rebus
1137 817 1336 862 omnibus,
1358 831 1405 856 ex
1425 817 1566 870 quibus
1587 818 1719 855 omnia

310 893 396 922 nata
414 885 485 923 effe
505 884 715 923 dicuntur!
748 884 976 923 Noluerunt
1009 883 1099 922 feris
1128 897 1268 936 corpus
1299 884 1480 936 objicere,
1511 896 1560 921 ne
1590 883 1716 920 bestiis

309 964 478 1003 quoque,
505 965 590 1003 quae
611 960 765 989 tantum
786 951 906 989 scelus
927 950 1150 1004 attigissent,
1172 950 1471 988 immanioribus
1493 959 1715 988 uteremur:

310 1030 390 1055 non
410 1017 459 1054 fic
478 1017 600 1055 nudos
621 1017 662 1054 in
683 1016 829 1054 flumen
849 1017 1027 1067 dejicere,
1050 1031 1111 1061 ne,
1143 1031 1237 1054 cum
1258 1017 1374 1054 delati
1393 1015 1510 1054 effent
1529 1017 1569 1055 in
1599 1028 1717 1060 mare,

311 1081 438 1135 ipsum
460 1082 691 1134 polluerent,
721 1095 800 1132 quo
831 1090 978 1125 caetera,
1007 1095 1091 1133 quae
1123 1082 1263 1119 violata
1282 1082 1382 1126 sunt,
1410 1082 1556 1134 expiari
1576 1091 1718 1134 putan-

311 1157 401 1185 tur:
434 1148 601 1198 denique
622 1146 721 1183 nihil
747 1156 826 1184 tam
849 1147 938 1190 vile,
970 1160 1094 1197 neque
1114 1156 1194 1184 tam
1224 1148 1379 1199 vulgare
1399 1147 1465 1192 est,
1499 1148 1609 1199 cujus
1630 1161 1718 1199 par-

311 1223 390 1252 tem
412 1213 532 1251 ullam
552 1213 606 1250 eis
629 1212 867 1264 reliquerint.
890 1212 1050 1249 Etenim
1067 1212 1163 1263 quid
1185 1222 1264 1250 tam
1284 1213 1337 1250 est
1358 1227 1584 1257 commune,
1602 1227 1718 1265 quam

311 1279 466 1332 spiritus
488 1278 598 1323 vivis,
632 1287 729 1316 terra
761 1278 938 1322 mortuis,
972 1291 1075 1315 mare
1104 1277 1395 1323 fluctuantibus,
1428 1278 1537 1316 littus
1558 1280 1719 1330 ejectis?

311 1347 370 1384 Ita
388 1345 539 1389 vivunt,
561 1344 657 1381 dum
677 1342 845 1396 poffunt,
861 1352 904 1380 ut
924 1343 1062 1381 ducere
1082 1343 1252 1381 animam
1271 1343 1320 1380 de
1340 1344 1433 1381 caelo
1454 1357 1532 1382 non
1549 1353 1691 1396 queant
1710 1358 1718 1382 ε

248 1427 253 1430 ·
312 1413 364 1449 ita
384 1411 618 1454 moriuntur,
641 1418 685 1447 ut
705 1423 840 1447 eorum
861 1408 935 1447 offa
951 1419 1047 1448 terra
1066 1423 1145 1447 non
1167 1418 1320 1462 tangat:
1341 1411 1394 1448 ita
1408 1411 1601 1462 jactantur
1621 1410 1720 1448 fluc-

310 1478 404 1522 tius‚
441 1486 484 1515 ut
514 1489 716 1528 nunquam
737 1475 966 1514 abluantur:
998 1476 1052 1514 ita
1071 1475 1263 1529 postremo
1283 1476 1505 1529 ejiciuntur,
1534 1485 1577 1515 ut
1608 1490 1655 1514 ne
1675 1477 1721 1514 ad

309 1543 396 1582 saxa
414 1542 575 1596 quidem
592 1542 739 1580 mortui
758 1541 1046 1594 conquiescant,

366 1609 488 1647 Tanti
509 1608 693 1647 maleficii
712 1608 876 1654 crimen,
905 1608 970 1647 cui
997 1608 1190 1647 maleficio
1214 1618 1293 1648 tam
1314 1609 1460 1662 insigne
1486 1609 1723 1662 supplicium

310 1675 364 1714 est
383 1674 653 1719 constitutum,
686 1675 845 1727 probare
867 1684 918 1719 te,
941 1676 1075 1720 Eruci,
1106 1675 1232 1713 censes
1260 1675 1361 1728 poffe
1393 1675 1532 1713 talibus
1560 1676 1665 1720 viris,
1695 1675 1722 1712 fi

312 1755 361 1781 ne
382 1740 531 1779 causam
554 1740 716 1792 quidem
748 1739 929 1778 maleficii
950 1740 1183 1792 protuleris?
1216 1740 1253 1777 Si
1274 1739 1381 1777 hunc
1401 1740 1503 1792 apud
1529 1740 1722 1778 bonorum

313 1817 506 1860 emptores
534 1806 632 1859 ipsos
653 1806 859 1851 accusares,
895 1806 1007 1858 eique
1034 1805 1186 1857 judicio
1220 1804 1495 1858 Chrysogonus
1527 1804 1720 1858 praeeffet;

314 1884 443 1913 tamen
474 1872 699 1926 diligentius
733 1872 975 1925 paratiusque
1007 1871 1177 1910 veniffes.
1229 1871 1401 1917 Utrum,
1447 1872 1543 1924 quid
1577 1881 1723 1925 agatur,

314 1954 392 1979 non
412 1940 544 1978 vides?
577 1953 638 1984 an,
670 1938 771 1992 apud
793 1952 889 1991 quos
924 1938 1087 1991 agatur?
1111 1938 1263 1993 ‚Agitur
1289 1938 1335 1976 de
1356 1938 1587 1990 parricidio:
1620 1938 1725 1990 quod

315 2007 390 2044 sine
410 2006 545 2045 multis
567 2005 684 2044 causis
706 2005 843 2058 suscipi
864 2019 940 2043 non
963 2004 1098 2057 potest.
1132 2004 1250 2057 Apud
1274 2003 1454 2042 homines
1477 2014 1606 2043 autem
1629 2019 1722 2057 pru-

316 2073 553 2111 dentisfimos
573 2074 726 2125 agitur:
759 2073 827 2124 qui
849 2072 1088 2124 intelligunt,
1113 2072 1311 2110 neminem
1332 2086 1379 2110 ne
1400 2072 1613 2110 minimum
1635 2072 1724 2123 qui-

316 2141 405 2178 dem
426 2139 665 2178 maleficium
686 2139 762 2177 fine
783 2139 890 2176 causa
911 2139 1127 2176 admittere.

356 2206 531 2244 XXVII.
551 2204 662 2243 Esto:
686 2204 834 2242 causam
849 2203 1015 2256 proferre
1029 2218 1106 2242 non
1124 2214 1246 2257 potes.
1270 2205 1441 2243 Tametsi
1456 2205 1583 2244 statim
1599 2203 1726 2242 vicifl‘e

319 2272 454 2316 debeo,
476 2280 606 2310 tamen
627 2271 672 2309 de
694 2284 781 2309 meo
802 2271 890 2323 jure
916 2270 1122 2316 decedam3
1154 2280 1192 2309 et
1213 2271 1300 2315 tibi,
1330 2271 1436 2323 quod
1468 2272 1508 2309 in
1529 2271 1599 2308 alia
1619 2269 1727 2307 causa

319 2352 396 2376 non
434 2338 701 2382 concederem,
741 2338 781 2375 in
813 2336 884 2381 hac
916 2336 1142 2383 concedam,
1185 2336 1306 2375 fretus
1345 2337 1460 2388 hujus
1492 2336 1721 2373 innocentia.

321 2403 414 2440 Non
435 2417 565 2456 quaero
585 2404 649 2441 abs
672 2413 722 2448 te,
744 2416 860 2455 quare
880 2412 1028 2456 patrem
1051 2404 1136 2441 Sex.
1161 2403 1323 2440 Roscius
1344 2401 1550 2440 occiderit:
1584 2414 1726 2452 quaero,

322 2471 519 2519 quomodo
539 2470 736 2509 occiderit.
787 2471 843 2508 Ita
864 2484 994 2522 quaero
1025 2470 1090 2508 abs
1112 2479 1163 2513 te,
1197 2470 1245 2507 C.
1270 2468 1404 2512 Eruci,
1433 2467 1659 2519 quomodo,
1692 2478 1728 2504 et

321 2533 371 2571 sac
394 2542 524 2572 tecum
544 2548 669 2587 agam,
702 2544 745 2573 ut
765 2535 804 2573 in
826 2548 871 2573 eo
894 2535 982 2574 loco
1002 2535 1059 2573 vel
1081 2532 1348 2585 respondendi,
1382 2533 1439 2570 vel
1463 2531 1729 2585 interpellandi

409 2599 447 2636 T
463 2612 485 2636 o
503 2611 553 2637 M.
587 2600 658 2638 IV.
1391 2599 1427 2636 K
