2201 2792
616 155 961 194 ACTIONIS
1005 156 1056 193 11.
1118 155 1326 193 LIBER
1357 157 1407 194 V.
1628 172 1706 211 417

367 253 498 291 Etiam
530 265 635 290 nunc
670 251 769 289 mihi
804 253 999 304 expectare
1020 251 1219 295 videmini,
1241 251 1412 302 judices,
1446 251 1539 303 quid
1571 251 1707 288 deinde

312 317 458 357 factum
490 319 566 363 fit;
599 319 704 371 quod
738 318 805 356 iste
840 317 940 356 nihil
964 331 1136 370 unquam
1168 316 1260 355 fecit
1282 318 1357 355 fine
1388 318 1518 370 aliquo
1549 317 1706 368 quaestu,

313 394 428 437 atque
459 385 596 438 praeda.
630 385 738 436 Qid
772 386 811 422 in
843 384 1030 437 ejusmodi
1051 398 1088 422 re
1115 384 1195 421 fieri
1218 384 1372 436 potuit?
1406 384 1511 436 quod
1530 397 1709 420 commo-

313 451 408 490 dum
429 452 513 490 est?
545 453 755 504 Expectate
776 450 940 496 facinus,
974 464 1090 503 quam
1121 450 1237 488 vultis
1271 450 1526 503 improbum3
1559 450 1710 487 vincam

316 527 445 557 tamen
465 519 775 571 expectationem
796 518 990 556 omnium.
1024 517 1200 555 Nomine
1231 516 1394 562 sceleris,
1417 515 1711 568 conjurationis-

314 599 390 637 que
411 586 596 630 damnati,
620 585 665 623 ad
686 585 919 637 supplicium
952 584 1094 628 traditi,
1127 583 1172 621 ad
1194 583 1326 636 palum
1355 584 1515 635 alligati,
1544 593 1710 635 repente,

316 653 451 691 multis
473 653 647 690 millibus
668 651 878 689 hominum
899 650 1211 703 inspectantibuS,
1228 649 1340 688 soluti
1362 650 1462 694 sunt,
1479 659 1517 688 et
1532 651 1712 687 Leonida*

314 718 374 756 illi
395 719 556 757 domino
578 717 732 755 redditi.
765 716 874 768 Qid
895 715 972 754 hoc
993 716 1080 754 loco
1100 726 1206 768 potes
1229 716 1368 760 dicere,
1389 715 1510 754 homo
1531 715 1711 753 amentis-

315 784 435 822 fime?
458 784 526 822 nisi
547 784 600 828 id,
623 783 729 835 quod
747 796 818 836 ego
839 796 916 820 non
938 796 1090 834 quaero;
1113 782 1219 834 quod
1238 781 1405 834 denique
1425 783 1464 820 in
1485 795 1524 819 re
1544 791 1623 819 tam
1644 794 1711 818 ne—

315 850 422 896 faria,
438 850 585 890 tametsi
606 850 772 888 dubitari
793 863 870 887 non
892 849 1026 902 potest,
1042 859 1184 893 tamen,
1202 862 1262 893 ne,
1279 849 1303 886 fi
1320 848 1519 887 dubitetur
1539 848 1712 900 quidem,

316 917 436 968 quaeri
456 926 641 970 oporteat,
665 916 773 968 quid,
796 926 861 953 aut
883 926 1088 967 quantum,
1107 925 1172 953 aut
1188 915 1386 967 quomodo
1406 915 1608 967 acceperis.
1633 916 1712 952 Re-

318 985 434 1023 mitto
455 985 526 1022 tibi
549 982 623 1021 hoc
660 993 802 1027 totum,
837 992 951 1035 atque
983 982 1049 1019 ista
1084 992 1120 1019 te
1150 995 1240 1020 cura
1269 982 1418 1020 libero:
1451 995 1576 1033 neque
1609 982 1714 1020 enim

319 1061 464 1096 metuo,
488 1064 534 1089 ne
554 1049 629 1088 hoc
651 1050 832 1102 cuiquam
854 1049 1132 1102 persuadeatur,
1150 1057 1205 1093 ut,
1227 1049 1273 1086 ad
1290 1049 1394 1100 quod
1414 1048 1562 1086 facinus
1584 1062 1713 1090 nemo,

319 1127 452 1170 praeter
473 1127 524 1162 te,
561 1117 639 1154 ulla
661 1117 823 1169 pecunia
860 1116 997 1153 adduci
1030 1116 1211 1168 potuerit,
1246 1116 1283 1152 id
1312 1126 1353 1153 tu
1384 1116 1499 1168 gratis
1533 1114 1715 1167 suscipere

316 1194 475 1221 conatus
499 1184 557 1221 fis.
592 1183 738 1220 Verum
761 1184 806 1220 de
838 1183 905 1220 ista
936 1182 1101 1226 furandi,
1138 1181 1407 1234 praedandique
1441 1182 1586 1219 ratione
1616 1180 1712 1219 nihil

317 1250 406 1288 dico
424 1265 432 1288 :
466 1250 512 1288 de
533 1249 605 1287 hac
627 1249 872 1301 imperatoria
887 1250 968 1300 jam
992 1258 1055 1286 tua
1075 1249 1186 1286 laude
1206 1248 1371 1300 disputo.

378 1317 450 1354 VI.
474 1315 583 1367 Qid
604 1316 671 1359 aig,
695 1315 796 1352 bone
823 1315 963 1358 custos,
987 1313 1237 1365 defensorque
1260 1313 1462 1365 provincia,¹
1482 1314 1494 1349 ?
1529 1323 1584 1358 tu,
1620 1328 1716 1365 quos

319 1383 442 1422 servos
463 1395 567 1420 arma
583 1394 728 1434 capere,
751 1394 793 1419 ac
815 1382 962 1419 bellum
983 1380 1105 1418 facere
1126 1382 1166 1418 in
1189 1380 1318 1418 Sicilia
1338 1379 1496 1418 voluiffe
1515 1393 1714 1433 cognorffi,

320 1458 358 1487 et
379 1449 425 1488 de
445 1447 593 1486 confilii
620 1447 805 1486 sententia
830 1447 1021 1499 judicatas
1039 1465 1051 1492 5
1082 1445 1153 1485 hos
1174 1446 1221 1484 ad
1250 1446 1482 1499 supplicium
1497 1446 1581 1498 jam
1611 1459 1718 1484 more

319 1516 513 1568 majorum
535 1514 708 1558 traditos,
722 1522 761 1552 et
781 1514 826 1552 ad
847 1514 980 1566 palum
1001 1513 1190 1565 alligatos,
1203 1525 1250 1550 ex
1271 1512 1399 1550 media
1414 1521 1539 1550 morte
1558 1512 1716 1565 eripere,

319 1595 362 1620 ac
382 1582 539 1620 liberare
559 1579 668 1618 ausus
688 1592 726 1617 es
745 1579 758 1616 ?
791 1589 848 1624 ut,
880 1593 996 1632 quam
1015 1578 1209 1617 damnatis
1241 1577 1353 1617 servis
1384 1591 1541 1617 crucem
1567 1577 1716 1622 fixeras,

320 1646 422 1685 hanc
442 1646 675 1685 indemnatis
695 1645 846 1684 civibus
868 1645 1056 1684 Romanis
1078 1644 1278 1683 reservares
1298 1645 1310 1682 ?
1343 1645 1505 1683 Perditae
1528 1645 1716 1688 civitates,

321 1712 527 1766 desperatis
547 1712 730 1750 omnibus
752 1713 880 1756 rebus,
915 1711 986 1750 hos
1007 1711 1128 1749 solent
1148 1711 1273 1749 exitus
1291 1711 1461 1749 exitiales
1488 1709 1640 1755 habere,
1676 1720 1719 1748 ut

321 1780 493 1819 damnati
513 1780 554 1817 in
574 1779 771 1832 integrum
791 1778 1049 1824 restituantur,
1077 1778 1196 1816 vineti
1216 1777 1421 1822 solvantur,
1453 1777 1584 1816 exules
1604 1776 1717 1815 redu-

323 1854 473 1892 cantur,
495 1859 552 1884 res
565 1845 748 1898 judicatae
768 1844 1044 1884 rescindantur.
1077 1845 1175 1897 Qae
1191 1858 1284 1883 curn
1304 1843 1498 1888 accidunt,
1519 1857 1636 1882 nemo
1651 1843 1718 1888 est,

322 1912 421 1966 quin
454 1911 647 1965 intelligat
681 1925 787 1950 ruere
817 1911 927 1950 illam
961 1910 1242 1964 rempublicam
1265 1924 1274 1949 :
1304 1908 1388 1948 haec
1422 1909 1490 1948 ubi
1523 1910 1718 1954 eveniunt,

323 1992 441 2018 nemo
460 1979 527 2024 est,
558 1978 628 2031 qui
662 1978 782 2016 ullam
803 1977 909 2032 spem
929 1977 1057 2016 salutis
1078 1977 1269 2029 reliquam
1302 1976 1373 2014 effe
1392 1976 1610 2015 arbitretur.
1643 1977 1719 2014 At-

325 2058 401 2097 que
421 2043 504 2083 haec
523 2045 644 2083 sicubi
665 2043 763 2082 faeta
782 2044 882 2088 sunt,
905 2043 1001 2082 faeta
1021 2042 1122 2088 sunt,
1156 2053 1198 2082 ut
1219 2042 1398 2082 homines
1418 2043 1634 2096 populares,
1656 2052 1722 2081 aut

326 2111 475 2150 nobiles
496 2110 699 2163 supplicio,
721 2119 786 2148 aut
806 2110 923 2148 exilio
943 2110 1184 2154 levarentur;
1217 2119 1254 2148 at
1276 2123 1352 2148 non
1374 2109 1421 2148 ab
1441 2108 1502 2147 his
1524 2109 1626 2163 ipsis,
1654 2109 1721 2161 qui

320 2175 576 2230 judicassent5
608 2186 646 2214 at
667 2189 742 2213 non
765 2175 919 2220 statim5
951 2185 988 2214 at
1020 2189 1097 2214 non
1128 2189 1263 2214 eorum
1285 2174 1503 2214 facinorum
1536 2175 1719 2217 damnati,

326 2257 412 2296 quae
431 2243 477 2280 ad
499 2243 633 2288 vitam,
666 2252 703 2280 et
734 2242 914 2280 omnium
935 2240 1107 2280 fortunas
1130 2242 1376 2294 pertinerent.
1409 2242 1499 2280 Hoc
1533 2254 1620 2278 vero
1649 2253 1719 2277 no-

326 2324 435 2354 vum,
457 2320 494 2348 et
513 2309 699 2362 ejusmodi
717 2309 783 2353 est,
807 2317 849 2346 ut
870 2309 992 2361 magis
1014 2320 1170 2361 propter
1191 2322 1314 2352 reum,
1329 2321 1445 2360 quam
1467 2316 1619 2359 propter
1641 2319 1721 2343 rem

328 2377 447 2428 ipsam
469 2376 653 2414 credibile
673 2376 871 2420 videntum
906 2386 948 2413 ut
968 2374 1145 2414 homiues
1168 2375 1317 2418 servos-5
1353 2383 1392 2411 ut
1414 2373 1502 2425 ipse,
1531 2373 1596 2424 qui
1613 2371 1721 2423 judi-

328 2451 455 2485 carat5
489 2452 530 2480 ut
551 2441 676 2481 statim
697 2456 717 2480 e
739 2442 868 2481 medio
889 2441 1080 2495 supplicio
1111 2441 1297 2479 dimiserit
1315 2457 1325 2483 ;
1359 2449 1400 2476 ut
1432 2440 1511 2490 ejus
1543 2438 1725 2477 facinoris

412 2509 479 2545 To
492 2520 541 2546 M.
566 2507 637 2546 IV.
1293 2506 1330 2543 G
1352 2518 1377 2556 g
1397 2517 1423 2556 g
