2201 2792
513 140 590 180 520
996 124 1406 165 ORATIO

510 228 621 272 dicis,
650 240 775 278 neque
795 226 1014 279 aequitatem
1037 226 1089 264 rei
1110 226 1215 265 verbi
1245 226 1383 279 laqueo
1403 224 1488 279 capi
1509 232 1621 279 putas
1642 233 1817 278 oportere
1829 244 1841 272 ς
1864 227 1907 267 in

510 294 606 332 meis
638 293 763 332 castris
790 293 1046 346 praefidiisque
1074 293 1240 331 versaris.
1273 293 1380 338 Mea,
1412 306 1497 331 mea
1527 292 1581 331 est
1611 292 1678 330 ista
1708 292 1904 332 defensio:

509 374 581 413 ego
612 359 687 398 hoc
715 358 930 397 vociferor:
963 373 1036 411 ego
1065 372 1200 397 omnes
1231 358 1410 397 homines
1440 358 1621 412 Deosque
1650 359 1777 405 testor,
1812 374 1907 399 cum

510 428 671 479 majores
692 427 773 463 vim
794 434 977 463 armatam
1009 425 1115 463 nulla
1128 425 1227 478 juris
1248 424 1465 463 defenfione
1485 425 1663 470 texerint,
1690 440 1766 464 non
1789 426 1905 465 vesti-

509 493 621 545 gium
642 493 737 544 ejus,
771 492 839 543 qui
859 491 1029 542 dejectus
1049 491 1108 535 fit,
1141 491 1204 529 sed
1226 490 1375 529 factum
1396 491 1518 536 illius,
1553 492 1623 544 qui
1642 491 1834 544 dejecerit,
1865 492 1909 530 in

505 558 702 610 judicium
722 557 850 595 venire
866 571 874 594 :
898 556 1092 608 dejectum
1112 556 1198 603 effe,
1215 557 1284 610 qui
1299 556 1454 611 fugatus
1470 557 1539 596 fit:
1562 558 1644 596 vim
1663 557 1735 597 effe
1750 556 1906 604 factam,

510 625 573 662 cui
594 623 813 677 periculum
834 623 969 661 mortis
990 623 1034 661 fit
1054 623 1257 675 injectum.
1521 614 1523 617 Α

568 690 688 728 Istum
709 690 842 727 locum
863 687 982 741 fugiS,
1012 699 1050 727 et
1081 688 1334 728 reformidas?
1366 699 1403 728 et
1423 702 1487 728 me
1507 702 1554 728 ex
1574 688 1665 734 hoc,
1697 698 1742 728 ut
1761 689 1814 727 ita
1843 688 1906 727 di-

510 770 612 800 cam,
635 769 774 807 campo
796 756 984 806 aequitatis
1016 755 1063 793 ad
1083 755 1167 793 istas
1188 755 1396 793 verborum
1415 755 1619 807 angustias,
1647 765 1686 794 et
1705 755 1752 793 ad
1771 768 1908 794 omnes

511 823 710 862 literarum
730 821 906 874 angulos,
928 834 1079 860 revocas
1096 822 1109 858 ?
1132 822 1172 859 in
1192 822 1238 859 iis
1259 822 1347 874 ipsis
1365 821 1622 860 intercludere
1637 821 1798 867 infidiis,
1815 835 1909 874 quas

512 888 612 926 mihi
633 888 778 926 conaris
799 901 1005 940 opponere.
1039 887 1133 926 Non
1161 888 1298 940 dejeci,
1332 887 1392 926 sed
1425 889 1535 940 ejeci.
1568 889 1802 926 Peracutum
1831 886 1909 926 hoc

511 956 585 994 tibi
606 955 778 993 videtur:
802 953 867 993 hic
888 954 942 992 est
962 968 1098 993 mucro
1119 954 1346 993 defenfionis
1369 964 1456 993 tuae.
1480 956 1526 993 In
1547 968 1638 993 eum
1658 954 1786 1008 ipsum
1801 953 1911 992 causa

512 1033 577 1060 tua
596 1023 766 1060 incurrat
786 1021 928 1059 necesse
947 1021 1013 1059 est.
1038 1023 1124 1075 Ego
1143 1022 1250 1060 enirn
1272 1021 1344 1060 tibi
1365 1020 1512 1060 refero:
1536 1021 1575 1059 Si
1595 1035 1674 1060 non
1694 1021 1779 1060 sum
1796 1034 1844 1060 ex
1863 1034 1910 1060 eo

512 1090 599 1127 loco
620 1090 802 1141 dejectus,
825 1102 904 1141 quo
924 1087 1144 1141 prohibitus
1166 1088 1251 1126 sum
1271 1088 1463 1133 accedere,
1485 1097 1524 1126 at
1540 1102 1587 1127 ex
1606 1102 1651 1126 eo
1675 1088 1760 1126 sum
1781 1087 1910 1140 dejec-

513 1166 588 1200 tus,
611 1170 689 1208 quo
710 1155 856 1200 acceffi,
889 1155 990 1192 unde
1010 1154 1108 1207 fugi.
1143 1155 1182 1193 Si
1201 1156 1343 1194 Praetor
1364 1169 1442 1193 non
1459 1155 1634 1194 distinxit
1653 1155 1802 1200 locum,
1830 1168 1910 1207 quo

510 1235 574 1260 me
591 1222 736 1260 restitui
750 1221 918 1274 juberet,
941 1230 978 1259 et
999 1221 1144 1260 restitui
1157 1220 1290 1272 juffit3
1314 1235 1391 1260 non
1412 1221 1497 1260 sum
1517 1235 1564 1260 ex
1583 1221 1735 1260 decreto
1755 1220 1908 1259 restitu-

511 1297 587 1327 tus.

567 1354 714 1398 Velim,
749 1354 1065 1405 RecuperatoreS,
1098 1351 1173 1391 hoc
1194 1362 1323 1391 totum
1355 1354 1381 1391 fi
1418 1353 1527 1392 vobis
1557 1352 1758 1397 versutius,
1790 1365 1910 1404 quam

512 1435 596 1460 mea
615 1420 851 1459 consuetudo
872 1419 1104 1458 defendendi
1124 1419 1212 1465 fert,
1234 1420 1441 1465 videbitur,
1469 1421 1519 1458 fic
1539 1420 1766 1458 existimetis
1785 1434 1794 1457 ε
1827 1420 1910 1472 pri-

512 1502 625 1527 mum
647 1487 782 1532 alium,
820 1500 897 1524 non
931 1500 1007 1531 me,
1044 1486 1272 1539 excogitaffe
1291 1501 1300 1525 :
1333 1486 1472 1524 deinde
1506 1485 1623 1538 hujus
1654 1485 1810 1524 rationis
1831 1499 1909 1524 non

512 1554 631 1594 modo
662 1567 739 1591 non
773 1553 1031 1597 inventorem,
1063 1551 1124 1590 sed
1159 1565 1206 1590 ne
1237 1552 1484 1605 probatorem
1514 1552 1690 1605 quidem,
1712 1551 1783 1590 effe
1812 1564 1905 1590 me:

513 1620 630 1672 idque
650 1632 713 1656 me
733 1632 811 1656 non
843 1618 889 1655 ad
911 1631 1038 1656 meam
1066 1616 1326 1656 defenfionem
1354 1617 1533 1663 attulisse,
1568 1617 1631 1656 sed
1651 1617 1811 1656 illorum
1841 1616 1910 1655 de-

513 1684 674 1723 fenfioni
696 1683 860 1721 retuliffe
880 1699 888 1721 :
923 1697 985 1721 me
1006 1683 1107 1737 poffe
1127 1697 1208 1736 pro>
1228 1698 1316 1722 meo
1343 1686 1430 1737 jure
1450 1684 1589 1728 dicere,
1612 1696 1740 1736 neque
1768 1682 1809 1720 in
1838 1681 1911 1721 hac

513 1766 566 1795 re,
595 1765 710 1802 quam
733 1764 804 1802 ego
824 1750 982 1802 protuli,
1016 1750 1135 1803 quaeri
1153 1758 1341 1803 oportere,
1364 1750 1507 1802 quibus
1527 1750 1652 1789 verbis
1673 1750 1816 1787 Praetor
1847 1749 1911 1787 in-

513 1817 682 1862 terdixit,
704 1816 766 1854 sed
786 1816 831 1854 de
851 1830 930 1868 quo
951 1816 1038 1854 loco
1059 1816 1104 1854 fit
1124 1818 1268 1861 actum,
1291 1831 1383 1856 cum
1405 1816 1606 1855 interdixit
1624 1831 1633 1855 :
1672 1828 1796 1868 neque
1813 1815 1854 1853 in
1873 1815 1913 1853 vi

513 1893 750 1921 armatorum
772 1883 931 1935 spectari
964 1892 1154 1935 oportere,
1190 1884 1230 1921 in
1265 1898 1343 1936 quo
1375 1883 1462 1922 loco
1482 1883 1527 1921 fit.
1546 1882 1646 1920 facta
1672 1882 1744 1926 vis,
1775 1894 1913 1920 verum

514 1949 608 1986 fitne
629 1947 754 1986 facta:
788 1957 825 1985 te
845 1960 935 1985 vero
965 1947 1075 1985 nullo
1106 1948 1224 1986 modo
1258 1948 1359 2001 pofl‘e
1379 1947 1598 1992 defendere,
1635 1948 1675 1985 in
1696 1959 1772 1999 qua
1800 1959 1838 1984 re
1868 1954 1913 1984 tu

514 2014 622 2060 velis,
646 2014 759 2052 verba
780 2013 939 2067 spectari
959 2022 1161 2066 oportere;
1184 2014 1224 2052 in
1246 2028 1322 2067 qua
1342 2028 1381 2052 re
1402 2015 1516 2060 nolis,
1539 2028 1616 2052 non
1637 2022 1827 2066 oportere.

570 2080 702 2118 XXX.
741 2080 1004 2118 Veruntamen
1024 2080 1166 2133 ecquid
1186 2079 1287 2119 mihi
1320 2081 1568 2134 respondetur
1597 2080 1643 2119 ad
1664 2080 1776 2125 illud,
1807 2079 1913 2132 quod

514 2157 623 2188 antea
643 2147 738 2192 dixi,
759 2161 836 2185 non
858 2147 981 2186 solum
1003 2162 1041 2186 re
1062 2158 1100 2186 et
1119 2148 1318 2194 sententia,
1341 2149 1402 2187 sed
1423 2149 1545 2188 verbis
1565 2161 1734 2201 quoque,
1756 2147 1833 2186 hoc
1848 2148 1912 2185 in·-

516 2214 723 2253 terdietum
745 2214 795 2252 ita
822 2214 892 2252 effe
922 2215 1196 2267 compositum,
1230 2226 1272 2254 ut
1293 2216 1393 2254 nihil
1414 2215 1741 2255 commutandum
1762 2213 1912 2252 videre-

516 2281 606 2319 tur?
639 2279 840 2318 Attendite
861 2280 1077 2332 diligenter,
1100 2281 1240 2333 quaeso,
1261 2283 1560 2335 Recuperatores
1580 2296 1588 2319 :
1612 2280 1663 2318 est
1679 2280 1785 2317 enirn
1800 2278 1914 2317 vestri

516 2346 677 2399 ingenii,
700 2359 776 2383 non
798 2360 939 2391 meam,
959 2346 1020 2384 sed
1043 2347 1250 2398 majorum,
1281 2348 1527 2400 prudentiam
1545 2346 1786 2399 cognoscere.
1818 2345 1914 2384 Non

518 2414 623 2452 enim
646 2411 730 2450 sum
751 2413 790 2451 id
822 2413 1008 2459 dicturus,
1040 2413 1146 2466 quod
1166 2426 1237 2468 ego
1267 2414 1495 2458 invenerim,
1518 2412 1581 2451 sed
1601 2412 1707 2466 quod
1726 2412 1813 2452 illos
1834 2425 1914 2452 non
