2201 2792
467 132 546 171 514
963 115 1364 154 ORATIO

465 216 712 269 iniquiorque
733 212 913 260 defenfio,
945 227 1062 266 quam
1085 215 1109 252 si
1131 214 1197 252 illa
1217 223 1361 252 uterere
1379 228 1387 252 :
1420 214 1505 252 Non
1510 213 1673 265 fuerunt
1690 211 1829 251 armati
1840 229 1852 255 3

464 298 543 322 cum
557 283 720 336 figstz'bus
750 291 786 320 et
797 281 902 334 saxis
914 281 1091 333 fuerunt.
1153 281 1189 318 Si
1210 279 1432 318 mehercule
1457 278 1571 324 mihi,
1604 293 1682 317 non
1703 276 1856 330 copioso

465 348 619 387 homini
639 348 684 386 ad
705 347 929 391 dicendum,
960 347 1068 398 optio
1088 346 1209 390 detur,
1234 355 1366 383 utrum
1387 346 1522 383 malim
1543 344 1756 389 defendere,
1780 356 1857 382 non

465 414 537 452 effe
558 415 750 466 dejectum
771 426 876 456 eum,
898 412 962 450 cui
983 413 1020 450 vi
1037 421 1074 449 et
1094 412 1209 449 armis
1230 411 1461 464 ingredienti
1481 412 1525 449 fit
1545 409 1772 454 occursum;
1795 423 1856 452 an,

466 489 630 519 armatos
652 493 730 517 non
749 477 859 516 fuiffe
879 491 956 522 eos,
979 479 1048 530 qui
1069 478 1144 516 fine
1164 477 1280 515 scutis
1301 490 1343 515 ac
1365 477 1440 515 fine
1458 476 1558 514 ferro
1579 476 1746 514 fuerint:
1768 489 1857 514 om-

465 547 559 585 nino
579 546 624 584 ad
645 544 890 599 probandum
917 553 1122 597 utramque
1148 558 1229 582 rem
1260 544 1408 583 videam
1435 543 1632 581 infirmam
1660 542 1857 595 nugatori-

467 627 608 667 amque
628 612 698 651 effe
717 628 726 651 :
758 613 804 650 ad
825 612 1034 650 dicendum
1055 620 1198 656 autem,
1231 612 1271 649 in
1291 611 1407 649 altera
1437 611 1563 649 videar
1593 609 1693 650 mihi
1713 609 1858 662 aliquid

465 681 628 734 reperire
648 679 762 732 posse,
778 692 855 716 non
875 677 984 716 fuiffe
1003 687 1167 716 armatos
1188 691 1265 723 eos,
1283 677 1351 730 qui
1372 691 1497 730 neque
1516 676 1606 715 ferri
1627 676 1857 729 quidquam,

467 761 593 799 neque
614 746 765 784 scutum
787 745 930 789 ullum,
952 744 1155 782 habuerint
1178 760 1186 783 :
1219 744 1284 782 hic
1304 758 1394 781 vero
1414 742 1591 789 haeream,
1623 744 1649 781 fi
1671 742 1770 781 mihi
1791 743 1858 780 de—

453 812 707 851 fendendum
728 811 787 855 fit,
818 823 924 856 eum,
951 811 1020 863 qui
1050 810 1180 863 pulsus
1202 809 1430 863 fugatusque
1461 809 1518 855 fit,
1547 823 1623 848 non
1644 809 1714 847 effe
1733 809 1859 861 dejec—

469 888 575 917 tum...

523 947 656 996 Atque
676 943 775 982 illud
794 943 834 981 in
857 951 936 981 tota
952 941 1169 981 defensione
1191 951 1255 980 tua
1275 940 1375 980 mihi
1397 941 1565 980 maxime
1587 941 1732 979 mirum
1753 939 1861 978 vide·-

467 1011 593 1055 batur,
626 1020 662 1047 te
683 1010 821 1054 dicere,
847 1009 1238 1062 juris-consultorum
1264 1008 1480 1046 auctoritati
1500 1007 1757 1059 obtemperari
1784 1020 1862 1044 non

469 1085 655 1130 oportere.
689 1075 808 1127 Qod
839 1089 924 1127 ego,
957 1075 1102 1113 tametsi
1125 1088 1203 1112 non
1225 1088 1328 1112 nunc
1356 1075 1544 1127 primum,
1569 1087 1693 1126 neque
1723 1074 1762 1111 in
1789 1072 1862 1111 hac

469 1143 578 1181 causa
597 1141 737 1186 solum,
769 1141 896 1186 audio,
928 1150 1057 1179 tamen
1078 1140 1290 1178 admodum
1312 1140 1489 1185 mirabar,
1521 1140 1585 1177 abs
1608 1149 1644 1177 te
1665 1152 1782 1192 quam
1811 1139 1862 1177 ob

469 1223 551 1247 rem
572 1209 775 1247 diceretur.
807 1208 915 1247 Nam
936 1207 1062 1246 caeteri
1094 1216 1180 1245 tum
1211 1207 1258 1245 ad
1290 1207 1400 1245 istam
1429 1206 1691 1245 hortationem
1723 1205 1862 1244 decur-

470 1285 574 1321 runt,
606 1289 698 1313 cum
718 1274 753 1312 se
783 1275 823 1311 in
855 1274 963 1312 causa
981 1283 1120 1327 putant
1138 1272 1281 1311 habere
1308 1287 1463 1325 aequum
1496 1283 1534 1311 et
1563 1273 1728 1317 bonum,
1758 1272 1864 1324 quod

470 1340 705 1380 defendant:
738 1340 764 1378 fi
785 1348 917 1377 contra
936 1340 1061 1378 verbis
1082 1348 1120 1376 et
1138 1339 1274 1384 literis,
1305 1347 1359 1383 et,
1390 1348 1433 1376 ut
1463 1339 1541 1377 dici
1572 1337 1678 1383 sobet,
1709 1337 1864 1376 summo

465 1410 565 1460 jure,
597 1405 873 1450 contenditur3
905 1406 1027 1443 solent
1057 1405 1244 1458 ejusmodi
1275 1405 1472 1457 iniquitati
1506 1413 1543 1442 et
1574 1404 1671 1442 boni
1698 1412 1735 1442 et
1765 1404 1864 1456 aequi

471 1488 615 1513 nomen
633 1474 941 1526 dignitatemque
960 1485 1168 1525 opponere.
1206 1473 1316 1510 Tum
1337 1471 1448 1516 illud,
1471 1472 1576 1523 quod
1592 1471 1748 1515 dicitur,
1764 1471 1863 1516 Sive,

470 1541 566 1586 nive,
600 1540 759 1578 irrident
782 1554 791 1577 :
825 1548 909 1578 tum
931 1539 1096 1592 aucupia
1115 1538 1336 1584 verborum,
1359 1547 1397 1576 et
1416 1537 1615 1576 literarum
1637 1537 1863 1582 tendiculas,

472 1608 511 1647 in
533 1608 719 1646 invidiam
750 1616 915 1645 vocant:
948 1615 1036 1645 tum
1059 1604 1330 1650 vociferantur,
1362 1618 1410 1643 ex
1441 1618 1551 1657 aequo
1570 1614 1607 1642 et
1638 1604 1755 1649 bono,
1788 1618 1866 1642 non

469 1689 515 1713 ex
536 1674 676 1713 callido
696 1673 934 1726 versutoque,
959 1674 1046 1725 jure
1072 1686 1158 1711 rem>
1169 1671 1337 1725 judicari
1356 1680 1554 1724 oportere:
1587 1670 1775 1723 scriptum
1806 1670 1863 1708 se-

471 1741 554 1794 qui,
587 1740 877 1779 calumniatoris
912 1738 1010 1777 effe:
1057 1739 1150 1777 boni
1178 1738 1338 1791 judicis,
1383 1738 1622 1777 voluntatem
1657 1736 1864 1789 scriptoris,

472 1807 829 1858 auctoritatemque,
852 1804 1069 1843 defendere.

529 1874 574 1911 In
595 1873 662 1911 ista
683 1885 771 1911 vero
791 1871 912 1917 causa,
944 1884 1037 1909 cum
1057 1880 1102 1909 tuv
1130 1870 1176 1909 fis
1203 1870 1249 1915 is,
1281 1870 1350 1922 qui
1371 1878 1407 1908 te
1438 1869 1554 1907 verbo
1584 1869 1769 1920 literaque
1798 1867 1866 1906 de-

472 1938 604 1977 fendas
623 1954 631 1976 :
657 1951 748 1976 cum
766 1946 840 1974 tuae
861 1937 932 1974 smt
952 1936 1011 1975 hae
1030 1946 1168 1989 partes,
1192 1936 1307 1974 Unde
1327 1935 1493 1987 dejectus
1511 1935 1577 1973 es?
1601 1948 1647 1972 an
1670 1934 1770 1979 inde,
1790 1948 1869 1986 quo

472 2004 692 2058 prohibitus
714 2017 751 2041 es
785 2003 992 2041 accedere?
1024 2004 1165 2055 ejeftus
1192 2015 1246 2046 es,
1277 2015 1356 2040 non
1385 2001 1578 2053 dejeecus:
1611 2015 1701 2039 cum
1731 2010 1794 2038 tua
1824 2001 1869 2039 sit

473 2071 556 2109 haec
577 2071 711 2115 oratio,
745 2071 895 2114 Fateor,
929 2083 992 2108 me
1012 2068 1189 2108 homines
1211 2067 1399 2121 coegiffe3
1431 2067 1565 2113 fateor,
1596 2067 1777 2113 armaffe3
1810 2066 1868 2106 fa-

475 2148 570 2182 teor,
603 2137 676 2174 tibi
697 2145 864 2174 mortem
898 2135 969 2173 effe
989 2136 1243 2179 minitatum3
1276 2133 1411 2179 fateor,
1443 2133 1518 2172 hoc
1538 2134 1741 2172 interdicto
1765 2134 1869 2172 Prae-

476 2204 568 2242 toris
590 2202 790 2246 vindicari,
813 2201 837 2239 si
859 2200 1034 2240 voluntas
1055 2210 1093 2239 et
1113 2201 1270 2253 aequitas
1291 2200 1439 2245 valeat;
1471 2200 1533 2238 sed
1554 2213 1626 2252 ego
1645 2200 1800 2237 invenio
1829 2199 1868 2236 in

475 2270 680 2308 interdicto
715 2269 875 2306 verbum
900 2282 1037 2312 unum,
1061 2268 1128 2305 ubi
1160 2267 1408 2312 delitescam3
1440 2280 1518 2304 non
1550 2266 1669 2318 dejeci
1691 2275 1727 2303 te
1748 2279 1794 2303 ex
1824 2278 1870 2303 eo

477 2338 575 2381 loco,
598 2349 716 2387 quem
739 2335 777 2372 in
799 2334 932 2372 locum
952 2332 1136 2387 prohibui
1156 2347 1203 2371 ne
1224 2333 1382 2371 venires.

533 2403 684 2440 XXIV.
718 2402 763 2439 In
783 2401 849 2438 ista
869 2399 1085 2438 defenfione
1111 2399 1259 2437 accusas
1280 2412 1358 2443 eos,
1391 2398 1458 2450 qui
1480 2397 1747 2442 consuluntur,
1765 2396 1870 2448 quod

477 2469 665 2521 aequitatis
687 2467 860 2507 censeant
882 2467 1083 2512 rationem,
1115 2480 1192 2506 non
1213 2465 1332 2510 verbi,
1352 2463 1484 2503 haberi
1505 2473 1697 2517 oportere..
1723 2464 1776 2502 Et
1796 2462 1870 2502 hoc
