2201 2792
333 220 364 249 p.

335 259 377 288 44

347 1135 387 1165 45

361 2281 401 2321 46

588 106 883 149 VARIAE
969 102 1531 145 LECTIONES.

425 209 436 237 1
1092 210 1122 238 p.
1185 199 1194 226 l

441 258 455 287 5
479 246 636 275 concedent
649 245 678 273 T
693 245 719 272 d.
742 257 763 280 χ
777 243 908 272 concedant
1095 240 1133 277 46
1195 238 1213 266 6
1235 237 1348 266 Horum
1364 237 1436 266 nihil
1451 237 1556 266 dicitur
1570 250 1587 267 ι,-
1608 238 1709 267 Harum
1731 236 1803 264 nihil

416 304 458 311 —
478 287 645 318 concedent,
669 294 725 312 non
746 291 956 321 procuratorem
973 299 985 305 -
1000 298 1012 303 -
1026 298 1040 304 -
1275 280 1339 306 dicit

521 327 600 354 fuisse
617 327 641 354 C
658 326 687 353 H
704 325 721 352 S
735 325 870 352 concedant
1198 327 1215 354 7
1237 318 1297 346 haec
1312 319 1336 346 C
1352 318 1382 346 H
1398 320 1414 347 S
1431 318 1459 345 T
1474 331 1492 347 s·
1506 319 1550 346 hoc

423 379 460 398 1ο
480 369 549 396 Erat
563 367 591 394 T
607 367 675 394 Erat
687 368 752 392 enim
1177 374 1218 380 —-
1239 358 1393 385 viderimus
1409 359 1437 386 H
1453 359 1598 386 videbimus

419 424 461 431 —
481 408 534 435 ni?
556 406 608 444 qui
621 419 642 441 χ
657 408 684 432 ni
697 405 764 443 quid
1199 408 1218 435 9
1242 398 1337 426 volent
1352 397 1375 425 C
1392 399 1422 426 H
1439 399 1456 425 S
1472 398 1553 426 nolent

420 464 461 471 -
481 448 548 475 esset
561 447 593 475 H
606 454 663 473 erat
1179 453 1220 459 -—
1239 438 1340 474 poffint
1354 452 1374 473 χ
1388 439 1475 466 velint

424 498 460 517 12
482 487 594 515 cederet
617 485 641 512 C
665 486 692 511 d.
716 486 789 518 (cum
803 479 905 518 spatio)
932 479 949 506 S
972 486 1046 506 ver-et
1179 493 1221 499 —
1242 478 1280 505 fin
1295 490 1322 510 ς,
1338 479 1394 515 χχι·

525 530 598 561 (tum
607 523 709 562 spatio)
726 523 755 551 T
770 526 898 550 vereretne
915 532 933 548 ⁴,-
946 527 1046 547 vereret
1186 527 1221 546 ιο
1241 517 1390 555 negligent
1417 517 1442 546 C
1469 516 1621 556 negligerem
1644 527 1666 552 χ
1689 515 1802 556 neglexe-

553 573 629 594 vocct
1283 566 1344 585 runt

421 621 463 631 -
484 580 590 634 suriime
604 618 626 641 χ
639 605 668 633 d.
1187 607 1217 626 ιι
1244 598 1423 626 mendacium
1438 610 1456 626 ι,-
1467 598 1494 625 d.

427 657 465 683 14
486 645 615 675 Burrieni
631 645 655 672 C
669 645 697 672 d.
721 639 904 679 (cumspatio)
1187 647 1225 674 14
1245 647 1301 665 non
1315 651 1336 673 χ
1350 638 1376 665 d.

427 695 462 723 17
485 685 601 714 volebas
617 697 634 713 s-
647 685 674 711 d.
1188 678 1222 706 16
1244 677 1307 705 aliis
1323 677 1353 705 H
1368 678 1385 705 S
1401 677 1471 705 alius

427 736 464 764 ¹9
486 724 627 754 advocasti
641 724 672 752 H
687 735 715 756 ς,
727 735 750 758 χ
763 723 913 759 advocastis
1188 726 1223 754 17
1245 726 1342 744 eorum
1359 718 1383 746 C
1400 718 1429 746 H
1445 717 1462 744 S
1478 716 1507 745 T
1521 729 1548 750 ς,
1564 729 1587 753 χ
1600 717 1627 744 d.

426 782 466 788 —
488 764 613 794 Tametsi
630 763 654 790 C
669 775 696 795 ς,
713 775 734 797 76
752 770 834 789 tamen
846 761 894 797 etsi
906 759 971 796 Tst
1184 772 1223 779 —
1246 755 1324 784 fuisse
1337 770 1358 792 χ
1371 759 1397 784 α’.

427 815 467 841 24
487 802 660 842 impetrabat
675 802 706 830 H
722 802 739 829 S
755 800 902 838 imperabat
1190 806 1224 834 ¹9
1246 803 1276 824 tu
1291 808 1308 824 ς
1321 806 1377 824 cum

429 855 464 882 27
487 843 573 882 periit
587 844 692 879 §petiit
1188 845 1222 873 23
1245 836 1275 862 in
1290 836 1373 872 hujus
1390 836 1472 865 bonis
1487 835 1599 865 edidisti
1612 847 1634 871 χ
1652 837 1681 862 in
1699 834 1740 862 his
1761 833 1807 862 bo-

429 894 467 922 30
490 884 507 912 fi
525 891 584 911 tum
599 882 655 920 xfi
666 893 713 909 nen
1286 879 1422 914 nisficisti

425 940 466 947 —
487 924 567 952 fuisse
582 923 664 960 Cfui
684 929 708 949 ct
1188 926 1225 953 24
1246 915 1298 952 qui
1321 924 1347 944 te
1362 917 1391 944 in
1408 915 1585 944 haereditaria
1603 928 1625 951 χ
1648 918 1693 952 qui
1712 918 1741 943 in
1761 924 1807 943 vo-

430 975 445 1003 3
455 974 464 992 1
490 963 594 1001 aliquis
610 959 804 999 reperiebatur
815 971 837 995 χ
846 960 930 997 aliqui
943 961 1051 996 reperie-
1286 955 1405 985 luntaria

529 1004 625 1031 hamur
1189 1004 1224 1033 25
1249 1004 1298 1024 tuo
1313 1009 1330 1025 ς-
1345 998 1372 1024 d.

432 1054 469 1083 32
491 1053 575 1082 quem
591 1043 622 1070 H
638 1053 697 1080 quos
1192 1037 1228 1064 28
1251 1036 1280 1063 in
1296 1036 1349 1064 hac
1365 1034 1445 1064 causa
1457 1049 1478 1070 χ
1490 1037 1520 1065 d.

432 1094 470 1123 34
490 1093 586 1121 aequus
599 1095 621 1118 χ
635 1083 663 1110 d.
1189 1085 1226 1113 ²9
1249 1085 1313 1104 cum
1328 1090 1344 1106 ς·
1358 1086 1413 1104 cum
1427 1087 1464 1104 me

453 1135 468 1153 2
491 1134 520 1152 re
536 1123 560 1150 C
575 1124 602 1150 d.
1190 1125 1227 1153 30
1248 1116 1309 1144 fore
1322 1119 1411 1155 xfhro

430 1180 470 1187 —
492 1165 531 1192 At
546 1175 572 1196 ς,
586 1176 608 1198 χ
621 1163 659 1190 ad
1191 1165 1221 1193 3¹
1248 1155 1323 1185 soror
1336 1157 1477 1194 xfirorem

453 1215 467 1243 5
492 1202 597 1233 dixeris
611 1217 632 1239 χ
647 1203 672 1229 d.
1190 1205 1226 1233 32
1249 1206 1266 1224 a
1280 1206 1325 1225 me
1339 1197 1368 1224 T
1379 1205 1402 1225 et
1417 1206 1454 1224 me

429 1260 471 1312 -—6-
490 1242 698 1312 lpraestituendae
713 1241 738 1270 C
753 1240 784 1269 H
801 1240 818 1268 S
832 1252 849 1269 s·
863 1237 1041 1277 restituendum
1192 1245 1228 1273 33
1252 1236 1382 1305 είζῗιῌρδ
1396 1243 1450 1304 edet
1463 1249 1485 1272 χ
1498 1237 1526 1264 d.

511 1293 566 1312 orae
580 1295 596 1312 ς
610 1293 650 1310 ore
1109 1287 1146 1315 47
1212 1285 1228 1303 z
1252 1286 1289 1304 nn
1315 1288 1322 1305 1
1378 1289 1395 1305 s-
1428 1298 1436 1306 .

431 1340 472 1347 —
492 1323 614 1352 nostrum
630 1323 661 1350 H
675 1330 745 1350 tuum
1188 1330 1229 1337 —
1249 1315 1302 1344 effe
1315 1331 1337 1353 χ
1350 1319 1378 1345 d.

432 1379 473 1386 —
495 1362 680 1398 arceffetursC
697 1361 727 1389 H
744 1361 761 1388 S
775 1357 907 1387 arcebitur
1212 1365 1226 1392 3
1250 1364 1296 1385 eos
1310 1371 1331 1394 χ
1344 1368 1371 1385 ια

433 1419 473 1427 ι-
490 1403 580 1441 judex
601 1400 659 1439 ipse
680 1400 827 1429 arceffetur
843 1415 855 1421 -
872 1415 881 1420 —
899 1415 910 1420 -
926 1395 1055 1435 splendo-
1211 1404 1231 1431 4
1252 1394 1300 1425 visi
1315 1410 1344 1430 ς,
1356 1397 1448 1436 xjuffi

534 1452 592 1470 rem
609 1441 730 1469 nostrum
746 1441 775 1468 T
791 1440 818 1466 d.
1213 1437 1229 1462 8
1251 1442 1279 1463 et
1294 1437 1454 1465 mehercule
1469 1436 1494 1465 C
1509 1435 1540 1464 H
1555 1436 1573 1464 S
1589 1435 1618 1464 T
1632 1449 1649 1466 s-
1667 1444 1696 1465 ut
1716 1437 1812 1466 meher-

438 1494 472 1513 12
495 1492 615 1522 quorum
631 1482 648 1509 S
663 1482 691 1509 d.
716 1477 897 1516 (cumspatio)
924 1490 946 1513 χ
969 1484 997 1504 ut
1018 1486 1058 1504 eo·
1291 1477 1344 1506 crde
1357 1491 1378 1514 χ
1390 1485 1419 1505 ut
1431 1487 1468 1505 me
1810 1472 1813 1473 ⁷

534 1534 590 1551 rum
1213 1527 1231 1554 9
1253 1517 1382 1553 quemvis
1396 1531 1417 1553 χ
1432 1518 1556 1555 quemjus

433 1579 474 1587 —
494 1561 686 1600 frequentiam
701 1566 729 1588 et
744 1558 895 1587 consessum
921 1557 945 1584 C
959 1570 975 1586 ⁵-
995 1558 1059 1594 fre-
1197 1567 1206 1585 1
1218 1566 1227 1584 1
1255 1557 1336 1585 scena
1349 1558 1464 1593 escenas

535 1610 664 1641 quentsam
678 1606 702 1628 et
717 1599 846 1636 confiffiam
861 1606 889 1626 ut
906 1598 1059 1635 Ssrequen-
1198 1606 1230 1634 13
1254 1598 1369 1635 planum
1384 1610 1400 1627 s·
1411 1597 1489 1635 plane

538 1646 579 1670 tia
594 1650 616 1669 et
632 1640 768 1676 consensum
782 1647 810 1668 ut
1199 1647 1230 1675 ις
1255 1637 1335 1674 possis
1352 1651 1368 1667 ς-
1380 1638 1452 1675 Pfft

439 1693 473 1721 ¹3
498 1683 533 1711 de
548 1695 565 1711 s-
578 1683 605 1710 d.
1197 1678 1233 1706 16
1256 1678 1316 1706 haec
1340 1678 1370 1706 H
1393 1678 1449 1706 haec
1469 1680 1515 1712 (in
1536 1684 1618 1710 textu,
1632 1676 1684 1713 fid
1699 1676 1744 1705 hoc
1755 1677 1814 1717 sup.

434 1739 476 1745 —
496 1723 546 1761 qui
562 1735 579 1752 ε·
593 1723 620 1750 d.
1295 1718 1331 1753 l.)
1347 1731 1374 1752 ς,
1388 1731 1408 1754 χ
1422 1718 1466 1745 hoc

440 1773 472 1803 ¹5
498 1761 660 1791 velitabaris
687 1760 712 1789 C
726 1761 757 1790 H
782 1758 917 1798 equitabas
938 1757 967 1785 T
989 1760 1061 1795 equi·
1193 1773 1235 1781 --
1256 1758 1429 1786 contendere
1445 1758 1469 1786 C
1484 1758 1511 1785 d.

460 1843 476 1871 6
536 1811 608 1871 tallia
1200 1809 1232 1835 ¹7
1257 1798 1403 1867 Nirgirum
1419 1798 1444 1826 C
1459 1797 1490 1825 H
1507 1797 1524 1824 S
1540 1798 1657 1825 Nimium

441 1852 452 1872 1
499 1850 527 1872 te
542 1856 559 1872 s-
595 1854 601 1870 .·
1195 1854 1237 1861 --
1257 1848 1291 1867 eo
1380 1849 1411 1866 ea

436 1898 477 1904 —
499 1884 595 1921 Qare
611 1889 659 1910 aut
674 1881 775 1909 doceas
791 1886 904 1918 oportet
919 1877 947 1906 T
961 1879 991 1906 d.
1201 1889 1236 1917 19
1258 1851 1374 1906 deberfft
1388 1892 1408 1914 χ
1423 1877 1492 1905 debet

442 1924 476 1951 18
497 1923 550 1950 sint
564 1923 593 1950 T
608 1922 699 1959 xfimt
1199 1928 1236 1947 20
1256 1918 1355 1946 adestis
1371 1917 1447 1945 CHS
1466 1930 1482 1946 ς
1495 1918 1551 1954 estis

437 1977 479 1984 —
499 1963 531 1990 P.
547 1962 571 1990 C
586 1975 602 1991 ς-
617 1964 646 1991 d.
1200 1968 1233 1986 21
1259 1958 1339 1986 illinc
1356 1959 1372 1985 S
1388 1958 1417 1985 T
1431 1969 1459 1990 ς,
1473 1970 1494 1992 χ
1508 1956 1580 1984 illum

444 2012 479 2041 ¹9
502 2011 558 2030 non
572 2002 602 2029 T
617 2003 644 2029 d.
1197 2014 1238 2019 —
1258 1997 1452 2035 Cupiditatem
1469 1997 1493 2024 C
1509 1996 1539 2024 H
1555 1997 1572 2024 S
1587 1997 1740 2033 cupiditate

441 2052 475 2070 21
503 2041 643 2070 venierint
658 2040 683 2068 C
699 2040 715 2068 S
731 2042 868 2068 venierunt
1200 2048 1237 2067 22
1260 2037 1405 2065 audaciam
1422 2038 1446 2066 C
1462 2038 1491 2065 H
1509 2037 1526 2064 S
1546 2038 1660 2064 audacia

438 2095 480 2106 ·--
501 2091 552 2110 cur
574 2080 668 2109 caeteri
693 2079 834 2118 sponsores
860 2086 888 2107 et
912 2077 1063 2106 creditores
1197 2094 1238 2100 -—
1260 2078 1326 2106 hinc
1342 2079 1365 2105 C
1384 2077 1414 2105 H
1432 2078 1449 2105 S
1465 2077 1494 2105 T
1511 2089 1538 2110 ς,
1552 2090 1573 2113 χ
1588 2077 1647 2105 huic

540 2131 597 2150 non
613 2120 797 2149 convenerint
823 2120 840 2147 S
852 2120 986 2157 poffiſjbres
1002 2117 1065 2155 (pro
1201 2128 1235 2156 25
1260 2118 1289 2146 id
1310 2118 1338 2146 H
1355 2117 1373 2145 S
1388 2119 1416 2145 d.

533 2162 673 2199 spotfires)
689 2161 718 2188 T
733 2161 760 2188 α’.
1198 2173 1239 2181 -
1260 2158 1335 2186 diem
1351 2158 1380 2186 T
1396 2159 1422 2185 d.

443 2204 479 2230 28
502 2201 577 2239 quasi
594 2201 618 2229 C
634 2201 665 2229 H
683 2200 700 2228 S
717 2200 745 2227 T
761 2212 787 2232 ς,
803 2213 824 2235 χ
839 2203 883 2237 qui
898 2200 972 2237 quast
1202 2207 1238 2235 27
1262 2198 1344 2227 DCC
1373 2197 1464 2225 millia
1497 2197 1528 2225 H
1558 2198 1575 2226 S
1611 2195 1689 2225 DCC
1709 2194 1822 2224 millibus

445 2251 483 2279 34
504 2241 571 2269 huic
585 2254 602 2270 ς
617 2241 643 2268 d.
1301 2239 1330 2266 T
1345 2248 1391 2266 vir
1407 2237 1494 2265 millia

466 2291 481 2309 2
504 2281 654 2318 derogetur
667 2293 688 2316 χ
701 2281 729 2308 d.
1201 2292 1242 2300 ·—·
1262 2278 1370 2316 optime
1383 2291 1404 2313 χ
1419 2279 1445 2305 d.

440 2336 483 2344 —
503 2320 676 2360 sponsionem
690 2320 846 2359 zsporfione
1206 2327 1238 2355 31
1264 2318 1356 2356 pridie
1370 2330 1387 2347 ς-
1396 2318 1451 2355 pqst
1466 2316 1490 2345 C
1505 2317 1533 2346 d.
