2201 2792
489 95 566 146 476
921 94 1010 133 IN
1067 94 1451 134 VERREM

490 190 597 230 suam
617 192 814 246 corrumpi
835 201 1067 245 paterentur,
1100 202 1165 232 aut
1190 193 1389 246 judicium
1409 200 1714 246 corrumperent,
1749 190 1792 231 in
1811 191 1888 231 dis-

491 259 640 298 crimen
661 274 703 298 ac
718 260 915 312 judicium
936 260 1127 298 vocandi?

547 326 705 378 Qaeret
740 327 877 379 aliquis
911 325 1075 371 fortaffe,
1113 328 1340 365 Tantumne
1375 327 1494 380 igitur
1527 326 1728 371 laborem,
1766 334 1890 364 tantas

491 392 732 439 inimicitias,
765 402 822 432 tot
841 393 1067 438 hominum,
1098 393 1338 446 suscepturus
1369 394 1438 432 es?
1470 394 1564 432 Non
1584 394 1708 432 studio
1728 393 1890 446 quidem

490 457 649 498 hercule
670 460 765 505 ullo,
796 473 921 512 neque
940 459 1150 498 voluntate.
1183 460 1256 498 Sed
1287 474 1364 498 non
1385 460 1490 498 idem
1511 460 1613 499 mihi
1643 460 1749 505 licet,
1783 459 1890 512 quod

491 526 553 571 iis,
587 527 656 578 qui
677 526 800 564 nobili
820 540 958 580 genere
993 527 1073 565 nati
1094 527 1207 572 sunt3
1240 527 1385 579 quibus
1405 527 1536 565 omnia
1561 527 1697 579 populi
1720 526 1891 565 Romani

491 592 678 631 beneficia
697 593 980 632 dormientibus
1001 592 1240 632 deferuntur.
1284 594 1420 645 Longe
1440 593 1511 631 alia
1531 591 1632 631 mihi
1653 593 1737 646 lege
1757 592 1799 630 in
1819 591 1892 630 hac

490 659 647 698 civitate
677 669 715 697 et
746 659 969 698 conditione
998 660 1208 698 vivendum
1229 659 1294 698 est.
1328 660 1447 697 Venit
1466 660 1572 697 enim
1594 658 1693 697 mihi
1714 659 1755 697 in
1776 672 1891 697 men-

492 733 574 763 tem
595 727 658 764 M.
682 726 856 771 Catonis,
889 725 1062 764 hominis
1097 725 1385 779 sapientiffimi;
1417 726 1501 778 qui,
1535 740 1628 764 cum
1663 725 1698 763 se
1733 726 1889 770 virtute,

491 804 570 828 non
601 805 764 844 genere,
802 792 947 844 populo
979 793 1160 830 Romano
1190 792 1458 830 commendari
1489 801 1653 844 putaret,
1689 805 1782 829 cum
1812 792 1895 844 ipse

492 857 548 894 sui
566 859 715 910 generis
737 858 896 896 initium
930 872 972 896 ac
994 858 1164 896 nominis
1185 859 1231 896 ab
1266 858 1301 896 se
1322 858 1433 910 gigni
1452 867 1490 895 et
1520 857 1723 910 propagari
1742 857 1858 895 vellet
1876 875 1890 902 ς

490 922 702 961 hominum
724 924 1077 977 potentissimorum
1098 924 1261 977 suscepit
1291 923 1532 968 inimicitias,
1567 932 1605 961 et
1636 923 1818 962 maximis
1849 923 1893 961 in

491 990 701 1035 laboribus,
739 990 856 1043 usque
882 990 928 1028 ad
959 990 1152 1028 summam
1174 991 1422 1036 senestutenn
1457 989 1610 1028 summa
1643 1003 1736 1028 cum
1769 989 1895 1042 gloria

490 1057 602 1096 vixit.
635 1057 843 1109 Posteaque
870 1057 1095 1110 Pompeius,
1126 1056 1271 1096 humili
1305 1067 1419 1110 atque
1448 1057 1610 1096 obscuro
1644 1057 1733 1095 loco
1763 1066 1889 1101 natus,

490 1136 619 1162 nonne
640 1123 821 1175 plurimis
841 1123 1076 1168 inimicitiis,
1105 1123 1362 1176 maximisque
1382 1123 1456 1162 suis
1477 1123 1658 1176 periculis
1680 1137 1722 1161 ac
1743 1122 1890 1161 dolori-

491 1190 580 1235 bus,
615 1189 866 1242 ampliflimos
901 1188 1065 1228 honores
1097 1190 1151 1228 est
1181 1190 1374 1243 adeptus?
1420 1190 1546 1228 Modo
1580 1191 1628 1228 L.
1652 1189 1888 1235 Fimbriam,

493 1258 541 1295 C.
565 1257 756 1300 Marium,
789 1258 836 1294 C.
862 1256 1031 1294 Caelium
1064 1257 1248 1301 vidimus,
1281 1271 1358 1294 non
1390 1257 1650 1295 mediocribus
1671 1256 1889 1294 inimicitiis

491 1336 534 1360 ac
567 1323 763 1361 laboribus
798 1323 1042 1366 contendere,
1075 1333 1119 1360 ut
1150 1324 1195 1361 ad
1227 1323 1315 1361 istos
1349 1322 1514 1361 honores
1550 1323 1807 1375 pervenirent,
1843 1322 1890 1359 ad

492 1403 590 1442 quos
612 1402 676 1426 vos
697 1402 764 1441 per
783 1389 922 1426 ludum
942 1399 979 1426 et
999 1403 1065 1441 per
1085 1390 1363 1442 negligentiam
1380 1389 1617 1442 pervenistis.
1638 1390 1735 1426 Haec
1757 1388 1891 1427 eadem

492 1455 545 1493 est
566 1456 698 1493 nostrae
719 1455 874 1493 rationis
908 1456 1028 1507 regiO,
1060 1465 1098 1493 et
1125 1456 1211 1501 via;
1243 1454 1388 1494 horum
1420 1469 1488 1494 nos
1519 1454 1729 1493 hominum
1750 1454 1889 1493 sestam

491 1533 607 1575 atque
628 1523 801 1561 instituta
820 1521 1097 1574 persequimur.

547 1589 696 1627 LXXI.
731 1588 934 1633 Videmus,
967 1598 1110 1641 quanta
1144 1589 1187 1626 fit
1219 1588 1259 1626 in
1281 1589 1438 1634 invidia,
1471 1597 1693 1642 quantoque
1724 1588 1763 1626 in
1784 1587 1890 1633 odio,

492 1655 593 1707 apud
626 1655 812 1707 quosdam
832 1654 1010 1693 homines
1046 1655 1196 1694 nobiles
1230 1669 1421 1694 novorum
1452 1654 1664 1693 hominum
1697 1655 1817 1692 virtus
1852 1664 1891 1693 et

491 1721 674 1759 industria
693 1736 701 1759 ε
724 1722 750 1759 fi
767 1721 961 1760 tantulum
982 1721 1115 1760 oculos
1136 1713 1405 1774 dejecerimus,
1423 1721 1556 1775 praesto
1576 1721 1646 1759 effe
1662 1721 1813 1759 infidias
1832 1736 1840 1759 ε
1864 1721 1891 1759 fi

491 1788 619 1841 ullum
642 1789 774 1826 locum
809 1789 1071 1841 aperuerimus
1093 1788 1298 1841 suspicioni
1330 1798 1395 1826 aut
1415 1789 1586 1833 crimini,
1620 1788 1891 1840 accipiendum

491 1854 562 1891 effe
583 1854 711 1893 statim
731 1854 871 1892 vulnus
892 1870 902 1891 2
935 1854 1006 1892 effe
1027 1855 1137 1892 nobis
1159 1855 1307 1907 semper
1328 1855 1584 1908 vigilandum,
1614 1854 1760 1906 semper
1780 1854 1890 1891 labo·

492 1921 669 1965 randum,
692 1920 880 1959 videmus.
916 1920 1137 1958 Inimicitiae
1158 1920 1244 1959 sunt
1263 1923 1276 1958 ?
1308 1921 1539 1959 subeantur:
1570 1920 1716 1957 labores
1737 1920 1748 1956 ?
1771 1919 1890 1957 susci·-

490 1988 659 2039 piantur.
697 1986 857 2024 Etenim
889 1987 1012 2024 tacitae
1044 1987 1166 2040 magis
1197 1997 1235 2025 et
1266 1988 1429 2026 occultce
1460 1986 1677 2025 inimicitiae
1711 1987 1892 2025 timendae

492 2053 591 2096 sunt,
628 2066 746 2105 quam
773 2052 926 2090 indietae
961 2062 999 2091 et
1033 2063 1182 2106 apertae.
1215 2054 1442 2092 Hominum
1475 2053 1669 2091 nobilium
1702 2067 1781 2091 non
1812 2053 1894 2091 fere

491 2119 696 2171 quisquam
718 2118 850 2156 nostrae
881 2119 1072 2158 industriae
1093 2119 1221 2165 favet3
1255 2120 1372 2158 nullis
1404 2120 1539 2158 nostris
1560 2120 1698 2158 officiis
1721 2119 1889 2157 benevo-

490 2186 651 2223 lentiam
683 2185 842 2223 illorum
863 2185 1015 2224 allicere
1035 2187 1260 2239 possumus3
1295 2187 1398 2240 quasi
1420 2197 1554 2225 natura
1585 2196 1622 2225 et
1653 2200 1792 2239 genere
1811 2185 1889 2223 dis-

484 2251 610 2304 junCH
631 2252 718 2296 sint,
741 2252 792 2288 ita
813 2251 991 2290 diffident
1009 2265 1029 2289 a
1049 2253 1160 2290 nobis
1182 2254 1313 2291 animo
1333 2267 1375 2291 ac
1396 2253 1604 2291 voluntate.
1647 2252 1775 2302 Qare
1795 2251 1891 2303 quid

488 2320 633 2357 habent
653 2333 787 2357 eorum
808 2319 1025 2357 inimicitiae
1045 2320 1223 2372 periculi,
1251 2334 1419 2372 quorum
1441 2321 1589 2358 animos
1605 2320 1688 2371 jam
1709 2327 1795 2355 ante
1817 2316 1888 2355 ha-

489 2385 614 2422 bueris
635 2385 817 2422 inimicos
838 2393 876 2422 et
897 2385 1062 2430 invidos,
1083 2399 1202 2438 quam
1224 2385 1318 2423 ullas
1341 2385 1568 2423 inimicitias
1586 2384 1790 2436 susceperis
1812 2384 1824 2420 ?

543 2452 813 2502 Qamobrem
833 2450 948 2498 mihi,
970 2451 1142 2504 Judiccs,
1173 2452 1389 2506 optandum
1417 2451 1470 2491 est
1500 2450 1613 2498 illud,
1645 2453 1685 2490 in
1712 2449 1789 2490 hoc
1823 2464 1887 2489 reo
