2201 2792
603 123 947 167 ACTIONIS
990 123 1042 163 II.
1102 121 1417 161 LIBERIII.
1628 133 1700 173 351

305 233 521 272 senatorum
551 241 777 272 commune,
808 236 845 264 et
871 226 953 279 jam
985 237 1104 277 prope
1135 221 1355 262 conceffum
1376 221 1515 265 ordini,
1540 234 1618 273 quo
1638 235 1708 273 ge-

306 314 395 339 nere
415 299 462 337 ab
482 298 593 336 sociis
615 295 786 335 maxima
804 293 966 346 pecunia
986 304 1052 344 per
1071 290 1266 328 summam
1290 288 1470 340 injuriam
1490 296 1678 325 aversatur
1695 305 1707 331 ς

307 379 431 418 neque
452 364 532 403 ullo
549 362 667 402 modo
685 360 878 400 senatoriis
894 358 1052 412 judiciis
1070 355 1295 410 reprehendi
1326 353 1440 407 poffe,
1461 354 1591 406 idque,
1613 354 1710 391 dum

307 432 476 485 equester
496 430 590 469 ordo
615 428 820 482 judicaret,
844 438 1047 478 nunquam
1081 423 1153 463 effe
1179 420 1455 465 commiffum5
1489 421 1574 472 quis
1594 419 1710 457 Obsls-

310 499 391 538 tet?
422 498 510 550 quis
530 496 601 534 erit
632 505 712 533 tam
733 493 897 546 cupidus
927 490 1107 535 vestrum,
1141 501 1220 528 tam
1252 488 1379 527 fautor
1398 487 1558 531 ordinis,
1580 485 1648 538 qui
1668 486 1714 523 de

310 565 580 605 transferendis
597 563 755 616 judiciis
777 560 888 614 possit
909 558 1077 598 recusare
1095 559 1108 595 ?

367 632 538 670 XCVII.
576 633 707 682 Atque
742 628 892 666 utinam
928 623 1046 678 poffet
1080 624 1208 676 aliqua
1243 623 1388 660 ratione
1423 620 1500 659 hoc
1537 620 1714 664 crimen,

311 698 488 752 quamvis
508 696 614 741 falsa,
650 695 769 734 modo
788 692 959 732 human&
979 700 1094 744 atque
1116 690 1262 734 usitata,
1297 687 1500 727 defendere
1520 687 1527 725 l
1564 687 1715 725 minore

312 763 485 818 periculo
505 762 639 807 vestro,
672 761 822 799 minore
843 758 1014 811 periculo
1034 757 1318 810 provinciarum
1340 754 1534 797 omniurn,
1562 753 1716 805 judica-

315 832 419 870 retis.
452 831 622 882 Negaret
647 827 714 867 hic
748 825 997 866 aestimatione
1028 824 1063 862 se
1084 824 1197 862 usum
1222 823 1234 859 ?
1266 835 1332 860 vos
1353 822 1392 859 id
1427 819 1621 858 credidiffe
1641 818 1716 856 ho-

316 898 429 942 mini,
452 910 529 935 non
550 895 695 934 factum
717 890 992 946 comprobasse,
1015 889 1255 930 videremini.
1299 888 1424 927 Nullo
1446 887 1562 924 modo
1582 898 1719 938 negare

317 963 463 1018 potest:
495 970 652 1014 urgetur
671 974 692 998 a
713 968 791 998 tota
811 957 955 1002 Sicilia,
987 970 1105 995 nemo
1125 955 1176 994 est
1206 968 1253 992 ex
1275 963 1380 992 tanto
1407 966 1569 991 numero
1593 961 1718 990 arato-

318 1044 418 1074 rum,
442 1042 462 1067 a
482 1041 560 1081 quo
581 1026 744 1080 pecunia
763 1024 868 1063 cellae
889 1023 1047 1062 nomine
1067 1035 1146 1060 non
1167 1022 1210 1059 fit
1231 1022 1372 1058 exacta.

376 1095 531 1134 Vellem
551 1094 668 1132 etiam
699 1091 774 1131 hoc
796 1090 912 1144 poffet
946 1090 1085 1133 dicere,
1123 1087 1221 1126 nihil
1253 1087 1298 1124 ad
1330 1086 1364 1124 se
1394 1085 1504 1124 istam
1534 1084 1722 1123 rationem

320 1163 508 1216 pertinere
525 1179 536 1205 ;
574 1173 639 1212 per
660 1158 873 1210 Qaestores
894 1169 975 1194 rem
996 1154 1289 1193 frumentariam
1313 1152 1383 1190 effe
1404 1151 1720 1189 administratam.

320 1225 386 1264 Ne
405 1223 444 1261 id
465 1222 624 1275 quidem
645 1222 680 1257 ei
701 1221 792 1257 licet
819 1218 973 1262 dicere,
1006 1225 1205 1268 propterea
1226 1214 1330 1266 quod
1350 1214 1462 1265 ipsius
1484 1213 1601 1249 literae
1623 1212 1721 1248 reci-

322 1299 465 1335 tantur,
487 1288 533 1326 ad
553 1287 726 1326 civitates
759 1285 804 1323 de
825 1283 941 1322 ternis
962 1282 1124 1320 denariis
1147 1280 1274 1329 miflic.
1322 1281 1418 1331 Qae
1439 1279 1490 1316 est
1518 1279 1633 1329 igitur
1654 1277 1722 1315 de-

310 1356 444 1409 ernfio
463 1356 476 1393 ?
508 1354 600 1394 Feci
618 1353 722 1406 quod
743 1351 893 1404 arguis:
926 1349 1034 1401 coegi
1056 1348 1236 1401 pecunias
1257 1348 1444 1384 maximas
1465 1345 1570 1383 cellae
1592 1344 1724 1381 nomi-

324 1438 399 1463 ne:
432 1423 493 1462 sed
513 1421 589 1460 hoc
611 1419 711 1460 mihi
727 1420 862 1458 licuit:
896 1417 1020 1461 vobis,
1043 1416 1068 1453 fi
1089 1414 1318 1469 prospicitis,
1341 1414 1492 1451 licebit.
1525 1410 1725 1450 Periculo-

325 1491 410 1530 sum
437 1487 660 1543 provinciis,
688 1498 808 1539 genus
838 1483 986 1535 injuriae
1017 1481 1235 1520 confirmari
1261 1480 1435 1532 judicio,
1468 1477 1726 1531 perniciosum

326 1558 453 1597 nostro
473 1555 614 1600 ordini,
646 1553 837 1607 populum
857 1552 1083 1589 Romanum
1103 1548 1331 1592 existimare,
1354 1561 1431 1585 non
1451 1545 1552 1599 posse
1567 1559 1629 1583 eos
1651 1543 1726 1582 ho-

328 1625 467 1668 mines,
489 1622 557 1674 qui
576 1620 665 1673 ipfis
686 1619 835 1672 legibus
863 1625 1076 1660 teneantur,
1111 1614 1213 1666 leges
1244 1614 1283 1650 in
1310 1612 1524 1665 judicando
1555 1608 1727 1662 religiose

329 1689 544 1729 defendere.

385 1758 518 1808 Atque
552 1753 621 1792 isto
642 1753 819 1795 Praetore,
842 1750 1012 1801 Judices,
1048 1761 1124 1786 non
1157 1746 1280 1784 solum
1303 1744 1510 1782 aessimandi
1539 1742 1728 1781 frumenti

330 1823 468 1863 modus
491 1835 568 1859 non
589 1819 679 1864 fuit,
697 1818 758 1856 sed
780 1830 827 1855 ne
848 1815 1061 1869 imperandi
1075 1813 1259 1866 quidem:
1283 1825 1406 1863 neque
1426 1810 1532 1848 enim
1554 1810 1606 1854 id,
1624 1808 1730 1860 quod

332 1889 554 1932 debebatur,
577 1886 638 1924 sed
659 1893 851 1938 quantum
872 1881 1128 1920 commodum
1148 1878 1238 1924 fuit,
1268 1878 1483 1930 imperavit.
1529 1879 1730 1914 Summam

333 1955 473 1994 faciam
494 1953 602 1992 vobis
623 1966 668 1990 ex
689 1950 856 2004 publicis
876 1949 995 1986 literis
1015 1956 1052 1985 et
1074 1945 1300 1984 testimoniis
1322 1944 1538 1987 civitatum,
1554 1941 1731 1981 frumen-

334 2022 364 2059 ti
386 2022 425 2058 in
447 2021 583 2058 cellam
605 2017 797 2070 imperati.
842 2014 1056 2067 Reperietis
1085 2013 1290 2065 quinquies
1312 2019 1432 2054 tanto,
1452 2010 1623 2060 Judices,
1646 2021 1730 2045 am-

336 2088 437 2139 plius
459 2087 588 2130 istum,
611 2097 726 2135 quam
748 2091 939 2134 quantum
966 2081 999 2117 ei
1021 2081 1060 2117 in
1082 2079 1219 2117 cellam
1242 2078 1389 2115 sumere
1417 2077 1571 2114 licitum
1593 2075 1651 2119 sit,
1673 2075 1731 2112 ci-

336 2153 517 2191 vitatibus
539 2148 747 2203 imperasse.
791 2148 900 2198 Qid
921 2147 966 2184 ad
999 2145 1097 2183 hanc
1130 2145 1414 2196 impudentiam
1435 2143 1521 2179 addi
1540 2140 1673 2193 potest,
1706 2138 1732 2176 fi

336 2228 375 2257 et
395 2217 593 2257 :estimavit
614 2215 723 2259 tanti,
747 2223 789 2252 ut
810 2213 988 2251 homines
1007 2211 1105 2248 ferre
1134 2224 1208 2247 non
1231 2209 1389 2262 pofl'ent,
1420 2218 1457 2245 et
1494 2215 1600 2244 tanto
1629 2205 1730 2257 pluS,

337 2298 455 2338 quam
476 2293 554 2322 erat
574 2283 608 2321 ei
628 2280 845 2320 concessum
866 2279 1030 2331 legibus,
1052 2278 1252 2329 imperavit
1273 2277 1285 2313 ,Ρ

396 2353 655 2403 Qapropter,
690 2348 846 2400 cognita
878 2355 957 2384 tota
991 2359 1028 2382 re
1062 2343 1321 2385 frumentaria,
1354 2339 1522 2390 JudicCS‚
1557 2337 1638 2388 jam
1673 2333 1732 2372 fa·

341 2418 488 2455 cillime
519 2416 726 2469 perspicere
758 2413 926 2467 potestis,
958 2411 1128 2450 amissam
1159 2409 1229 2446 effe
1263 2406 1407 2459 populo
1428 2406 1606 2442 Romano
1635 2402 1734 2439 Sici-

343 2483 449 2529 liam,
484 2481 815 2522 fructuofiffimam
851 2490 965 2533 atque
999 2475 1359 2531 opportunissimam
1381 2470 1632 2525 provinciam,
1665 2467 1733 2506 nili
