2201 2792
522 121 1054 162 ARGUMENTA
1117 121 1650 160 ORATIONUM.
1804 126 1833 171 ’ζ

353 206 441 248 buit,
469 205 580 241 multa
606 205 646 240 iis
671 205 823 251 benigne
847 202 1058 251 promisisset.
1111 203 1260 238 Acceffit
1283 203 1347 245 his,
1375 216 1442 240 non
1468 205 1631 251 ignobilis
1652 203 1768 241 futura
1786 207 1831 244 de

352 256 461 290 Verre
481 255 631 296 victoria,
657 254 740 301 quia
762 266 782 288 a
805 252 971 294 Metellis,
999 250 1232 299 Scipionibus,
1258 262 1294 287 et
1313 254 1430 288 multis
1449 254 1519 288 aliis
1546 254 1719 290 nobilibus
1737 256 1832 298 viris,

352 313 389 339 et
413 304 588 351 praecipue
615 303 658 337 ab
684 301 874 338 Hortensio
896 301 966 348 ipso
989 300 1255 343 defenderetur,
1288 300 1388 337 facile
1410 313 1444 338 et
1472 303 1626 350 principe
1653 304 1688 339 in
1715 303 1832 339 senatu

352 363 495 400 propter
519 352 747 392 nobilitatem,
775 361 809 386 et
833 351 866 385 in
892 350 968 384 foro
991 351 1038 384 ob
1061 350 1298 397 eloquentiam
1325 363 1407 398 rege
1433 351 1623 395 causarum,
1650 363 1684 388 et
1708 353 1833 388 eodem

354 399 491 436 consule
512 401 692 447 designato
714 412 795 435 cum
818 401 871 447 Q
889 400 1043 447 ⁴Metello
1059 398 1163 434 fratre
1180 399 1422 442 Metellorum,
1450 402 1587 437 alterius
1605 402 1761 449 praetoris
1780 403 1834 437 Si-

353 451 435 492 culi,
454 449 593 484 alterius
611 449 767 496 praetoris
786 448 918 483 urbani.
959 447 1029 482 His
1048 447 1094 482 ita
1111 448 1303 483 constitutis
1321 449 1449 484 exstitit
1465 451 1513 496 Q
1529 451 1691 486 Caecilius
1710 452 1835 498 Niger,

355 499 463 534 domo
479 499 628 540 Siculus,
653 508 688 533 et
705 498 855 545 quaestor
873 497 1001 539 Verris,
1024 506 1059 531 et
1077 495 1239 543 ejusdem,
1260 508 1300 533 ut
1320 498 1385 545 ipse
1404 500 1554 541 dicebat,
1582 501 1755 543 inimicus,
1773 501 1836 547 qui

353 548 386 582 se
411 548 527 594 potius
554 548 784 582 accusatorem
810 546 1035 581 contenderet
1056 546 1217 582 constitui
1239 558 1424 594 oportere3
1456 548 1514 584 has
1541 549 1685 584 afferens
1708 550 1834 585 causas.

355 597 489 637 Unam,
508 597 603 643 quod
621 597 665 630 ab
683 607 724 631 eo
742 595 852 638 laesus,
871 605 905 631 et
923 597 969 630 ob
988 595 1053 630 hoc
1065 594 1144 642 jure
1162 596 1209 631 illi
1227 596 1266 630 sit
1281 597 1457 640 inimicus,
1475 611 1581 645 quare
1595 599 1838 645 praevaricator

354 646 420 681 effe
439 658 506 680 non
524 647 633 692 poffit.
687 645 861 687 Alteram,
888 645 998 692 quod,
1025 656 1106 679 cum
1132 645 1282 691 quaestor
1303 647 1332 681 ei
1353 656 1427 681 tum
1447 647 1562 689 fuerit,
1590 650 1694 683 etiam
1715 647 1782 695 ipse
1801 648 1837 682 in

356 695 544 741 quaestione
563 695 620 741 (F.
639 695 809 738 etiamsine
822 694 1030 741 inqug'fitione)
1049 695 1194 729 crimina
1212 696 1347 730 noverit
1364 697 1493 732 Verris.
1545 698 1713 738 Tertiam,
1740 697 1839 744 quod

357 745 494 779 Siculus
520 756 583 791 pro
608 744 729 778 Siculis
754 753 845 790 agat.
897 741 1153 788 Hujuscemodi
1181 744 1472 793 propositionibus
1495 746 1619 780 Cicero
1639 747 1838 793 designatus

357 793 467 828 aedilis
492 793 542 828 his
566 794 621 828 sex
643 793 814 839 capitibus
838 792 1028 839 respondet.
1082 793 1330 828 Accusatorem
1357 807 1437 828 eum
1463 796 1526 830 esse
1550 805 1732 843 oportere:
1762 795 1840 843 Qi

358 842 486 878 invitus
513 842 652 889 cogitur
674 842 839 888 religione
862 842 978 883 officii,
1007 852 1148 888 rogatus
1173 843 1216 876 ab
1241 843 1406 878 omnibus
1428 844 1573 880 Siculis:
1603 845 1675 888 Qui
1700 856 1763 891 pro
1786 856 1839 879 re-

358 891 500 938 publica
522 902 626 938 agat:
653 892 773 937 Qem
799 890 934 933 volunt,
962 891 1023 938 qui
1041 891 1219 926 accusant:
1249 893 1370 939 Qem
1391 894 1527 934 metuit,
1556 894 1615 940 qui
1637 893 1837 930 accusatur:

359 940 436 987 Qi
456 941 600 975 idoneus
618 940 665 975 est
683 940 842 975 facundia
859 951 894 974 et
912 941 1130 976 innocentia:
1160 940 1235 990 Qi
1259 941 1323 975 hoc
1342 941 1425 977 facit
1442 942 1635 977 imitatione
1655 942 1839 990 majorum.

359 989 493 1024 Divisio
512 989 707 1035 principalis
730 1001 798 1023 una
815 991 858 1024 de
877 990 907 1024 se
927 989 1009 1035 ipso,
1037 990 1142 1024 altera
1159 992 1202 1024 de
1221 991 1443 1026 contentione
1463 991 1509 1025 sui
1528 1002 1561 1026 et
1581 993 1724 1028 Caecilii.
1777 992 1842 1027 Di-

362 1037 494 1072 vinatio
511 1039 636 1073 dicitur
655 1038 728 1072 haec
745 1038 866 1079 oratio,
893 1039 974 1084 quia
995 1050 1062 1073 non
1081 1039 1122 1073 de
1139 1037 1231 1073 faeto
1248 1040 1417 1084 quaeritur
1434 1052 1467 1075 et
1487 1040 1696 1087 conjectura,
1723 1041 1777 1076 sed
1797 1042 1842 1076 de

361 1085 495 1128 futuro,
521 1098 600 1133 quae
625 1087 673 1121 est
697 1087 875 1128 divinatio,
903 1088 965 1132 (F.
991 1099 1051 1121 non
1074 1086 1110 1121 de
1126 1088 1219 1133 fab't'o
1240 1089 1405 1134 qum-itur,
1425 1089 1484 1135 ftd
1503 1090 1539 1124 de
1555 1091 1686 1136 futuro,
1711 1102 1780 1137 quae
1801 1090 1844 1135 est

361 1135 518 1171 divinalia
536 1143 565 1170 et
587 1136 782 1182 conjebiura)
807 1145 882 1170 uter
905 1137 1027 1170 debeat
1047 1137 1208 1171 accusare.
1262 1138 1333 1171 Aizi
1353 1139 1430 1172 ideo
1448 1150 1571 1185 putant
1591 1140 1842 1175 divinationem

361 1184 444 1226 dici,
470 1185 565 1231 quod
585 1183 718 1230 injurati
733 1183 868 1231 judices
888 1185 920 1218 in
941 1185 1002 1219 hac
1021 1185 1117 1220 causa
1137 1185 1284 1227 sedeant,
1312 1197 1363 1228 ut,
1389 1190 1484 1232 quod
1504 1189 1622 1230 velint,
1650 1189 1843 1236 praesentire

361 1233 404 1267 de
423 1244 570 1279 utroque
589 1235 723 1279 poffint.
776 1234 859 1274 Alii,
887 1235 983 1280 quod
1008 1246 1059 1268 res
1085 1244 1207 1281 agatur
1229 1234 1296 1269 fine
1323 1237 1478 1278 testibus,
1505 1248 1539 1271 et
1558 1238 1625 1272 fine
1644 1239 1784 1280 tabulis,
1809 1247 1846 1272 et

361 1282 415 1317 his
446 1282 587 1317 remotis
609 1293 815 1329 argumenta
841 1282 906 1317 sola
935 1283 1118 1329 sequantur
1136 1283 1285 1330 judices,
1314 1295 1347 1320 et
1373 1286 1467 1332 quas]
1493 1287 1660 1321 divinent.
1713 1287 1846 1334 Agitur

363 1340 481 1366 autem
506 1331 602 1366 causa
626 1332 798 1366 senatoriis
816 1331 956 1378 judiciis
983 1333 1015 1367 in
1042 1332 1170 1368 invidia
1190 1335 1282 1380 apud
1301 1336 1471 1381 populum
1492 1335 1683 1370 constitutis
1703 1347 1845 1382 corrup-

364 1380 457 1415 tione
477 1381 681 1422 multorum,
710 1381 839 1415 vexatis
858 1382 1043 1427 provinciis
1062 1383 1238 1424 omnibus,
1266 1395 1304 1417 ac
1326 1383 1422 1418 sociis
1446 1386 1564 1431 populi
1585 1386 1736 1420 Romani
1755 1384 1846 1419 feffis

365 1437 440 1464 toto
465 1430 548 1464 orbe
571 1440 751 1471 terrarum,
778 1429 906 1464 libidine
929 1438 958 1464 et
981 1432 1148 1477 iniquitate
1169 1434 1380 1467 Romanorum
1398 1435 1645 1479 magistratuum,
1675 1435 1846 1469 accusato-

365 1479 459 1513 ribus
486 1480 766 1525 praevaricatione
795 1479 997 1521 infamibus,
1025 1481 1201 1526 flagitante
1231 1482 1332 1528 plebe
1353 1481 1486 1529 judicia
1515 1484 1676 1530 equestris
1704 1484 1848 1525 ordinis,

365 1539 445 1574 quae
471 1526 578 1562 ferme
603 1540 682 1562 ante
704 1540 812 1563 annos
836 1530 871 1563 X
896 1529 1004 1563 victor
1031 1530 1123 1576 Sylla
1150 1530 1338 1572 sustulerat,
1366 1533 1593 1578 cognoscente
1619 1534 1663 1567 de
1692 1533 1846 1579 pecuniis

363 1577 566 1623 repetundis
586 1578 640 1612 M.
660 1578 847 1613 Glabrione
865 1589 1026 1624 praetore,
1053 1589 1087 1614 et
1105 1580 1316 1626 amplissimis
1334 1581 1528 1629 quibusque
1546 1582 1700 1616 senatorii
1719 1582 1848 1616 ordinis
1902 1612 1907 1621 ιη

358 1624 613 1672 judicantibus,
648 1626 782 1661 summa
814 1627 1051 1674 expediatione
1081 1632 1299 1664 cunctorum.
1350 1630 1472 1665 Genus
1503 1631 1623 1673 causae,
1653 1631 1846 1666 honestum.

365 1675 495 1714 Status,
514 1676 658 1720 qualitas
679 1676 860 1722 negotialis
878 1677 1112 1723 comparativa
1128 1679 1172 1712 de
1190 1678 1430 1713 constituendo
1449 1680 1652 1721 accusatore,
1666 1681 1725 1725 qui
1746 1679 1849 1726 potis-

367 1723 490 1758 fimum
511 1723 554 1758 de
572 1725 721 1765 duobus,
749 1735 807 1759 aut
825 1725 885 1772 qui
905 1725 993 1759 solus
1012 1726 1155 1761 accuset.
1199 1727 1295 1762 Dicit
1315 1729 1407 1763 enim
1425 1730 1598 1771 Caecihm,
1626 1739 1684 1764 aut
1704 1741 1721 1763 a
1742 1730 1772 1764 se
1791 1740 1848 1763 ac·

367 1771 556 1807 eulandum
574 1774 638 1809 effe
658 1774 816 1816 Verrem,
844 1784 903 1808 aut
921 1787 938 1809 a
957 1774 986 1809 se
1005 1787 1156 1822 quoque.

478 1893 636 1942 Argum.
869 1894 916 1932 In
947 1894 988 1932 C.
1020 1895 1169 1933 Verrem
1197 1894 1307 1933 Afflio
1336 1895 1368 1932 I.
1698 1910 1735 1949 p.
1763 1909 1855 1949 1321.

417 1979 474 2013 M,
493 1979 646 2013 Tuttxo
666 1977 858 2013 accusatore
876 1980 1073 2021 constituto,
1098 1989 1203 2027 atque
1221 1993 1262 2015 ex
1282 1980 1404 2022 Sicilia,
1427 1994 1497 2028 quo
1516 1983 1734 2018 instituendae
1752 1996 1852 2018 accu-

366 2027 503 2063 sationis
521 2027 618 2062 causa
637 2027 808 2074 profeffihis
825 2039 908 2071 erat,
929 2029 1075 2072 reverso,
1112 2030 1153 2064 C.
1171 2030 1310 2073 Verres,
1330 2041 1410 2064 cum
1427 2031 1494 2066 suae
1513 2033 1619 2066 causae
1640 2045 1852 2080 magnopere

368 2077 551 2116 diffideret,
579 2089 692 2123 neque
711 2078 898 2119 dubitaret,
925 2078 1010 2125 quin
1030 2078 1149 2113 multis
1166 2089 1201 2113 et
1220 2080 1419 2114 testimoniis
1440 2093 1471 2115 et
1493 2083 1631 2123 tabulis,
1660 2095 1734 2116 tum
1761 2083 1853 2128 pub·

367 2126 454 2168 licis,
482 2135 557 2160 tum
578 2126 717 2171 privatis
735 2126 1009 2168 convinceretur,
1037 2127 1212 2172 duplicem
1238 2129 1322 2163 inire
1348 2130 1513 2164 rationem
1538 2132 1670 2177 coepit:
1700 2131 1853 2178 primum

369 2184 410 2209 ut
434 2174 538 2220 hujus
565 2174 674 2209 causae
700 2175 788 2210 aetio
812 2175 846 2208 in
871 2188 1000 2210 annum
1030 2177 1229 2222 proximum
1253 2179 1393 2224 perduci
1414 2180 1532 2224 posset,
1560 2181 1655 2226 quod
1675 2180 1801 2214 scilicet
1820 2181 1855 2214 in

369 2235 452 2258 eum
472 2235 600 2257 annum
620 2233 655 2258 et
674 2224 722 2269 Q
740 2224 948 2259 Hortensius
969 2225 1071 2272 ipsius
1090 2226 1271 2267 Patronm,
1291 2238 1325 2261 et
1344 2228 1396 2273 Q
1413 2228 1582 2263 Metellus
1601 2228 1751 2274 ejusdem
1771 2231 1857 2263 ami-

369 2272 532 2314 ciffimus,
551 2272 714 2307 Consules
733 2273 899 2319 designati
918 2274 1047 2309 effent:
1075 2275 1200 2309 deinde
1220 2276 1275 2311 M.
1295 2276 1452 2318 Glabrio,
1471 2278 1645 2324 praesentis
1664 2278 1742 2311 anni
1764 2279 1856 2312 Prae-

370 2329 438 2364 tor,
465 2321 561 2355 brevi
584 2321 792 2368 Magistratu
816 2324 937 2365 abiret,
968 2324 1141 2370 multique
1169 2324 1271 2371 hujus
1298 2326 1424 2361 consilii
1445 2326 1582 2371 judices
1609 2326 1857 2372 Magistratum

370 2380 544 2416 caperent,
571 2382 643 2416 quo
663 2381 818 2417 tempore
831 2370 1010 2417 judicibus
1030 2373 1093 2407 illis
1111 2373 1175 2408 effe
1196 2386 1263 2408 non
1282 2375 1412 2416 liceret,
1441 2376 1472 2409 in
1492 2387 1644 2421 quorum
1664 2375 1781 2410 locum
1800 2376 1856 2410 M.

370 2417 536 2455 Metellus
566 2418 670 2456 frater
699 2419 857 2458 Consulis
884 2421 1019 2459 Praetor
1042 2422 1252 2470 designatus,
1278 2433 1314 2459 et
1340 2424 1396 2459 alii
1425 2424 1579 2470 Judices‚
1609 2435 1680 2460 non
1710 2435 1793 2467 tam,
1821 2433 1860 2460 ut:
