2201 2792
553 177 896 216 ACTIONIS
933 177 985 215 ΙΙ.
1046 177 1255 215 LIBER
1294 179 1366 216 III.
1578 193 1648 231 321

251 289 371 329 quam
385 277 468 328 jam
488 274 704 328 persuasum
726 275 796 313 effe
816 274 998 319 confid03
1031 274 1093 312 sed
1114 283 1157 312 ut
1187 274 1252 312 ille
1283 275 1489 326 aliquando
1520 275 1652 328 impu-

252 341 391 380 dentiae
425 341 497 379 suae
531 340 650 378 finem
683 339 812 385 faciat,
844 340 1050 393 aliquando
1069 340 1225 385 desmat,
1256 354 1298 377 ea
1331 340 1366 378 se
1391 349 1522 392 putare
1553 341 1654 393 poffe

253 421 392 452 emere,
424 421 508 460 quae
540 407 617 460 ipse
649 407 795 460 semper
825 406 962 445 habuit
997 407 1161 452 venalia,
1203 406 1336 451 fidem,
1364 407 1653 459 jusjurandum,

253 474 466 519 veritatem,
488 474 679 519 officium,
702 474 927 527 religionem
943 493 954 519 3
977 474 1147 512 desmant
1167 474 1283 512 amici
1304 475 1385 526 ejus
1406 487 1447 512 ea
1466 474 1653 518 diffitare,

252 554 338 593 quae
358 541 604 586 detrimento,
638 540 811 586 maculae,
844 540 1010 586 invidiae,
1046 539 1215 579 infamiae
1249 541 1360 579 nobis
1381 540 1564 578 omnibus
1585 539 1656 578 effe

253 607 407 660 poffint.
439 609 494 646 At
513 607 581 660 qui
601 607 744 645 amici?

313 675 350 711 O
372 673 568 717 miserum,
599 682 713 725 atque
730 672 977 718 invidiosum,
1000 671 1268 725 offensumque
1293 686 1507 725 paucorum
1528 672 1655 725 culpa,

254 748 369 792 atque
388 739 617 792 indignitate
637 739 812 777 ordinem
833 739 1064 777 senatorium
1084 739 1090 776 !
1124 740 1268 777 Albam
1290 738 1498 777 AEmilium
1521 738 1654 777 seden-

256 815 336 845 tem
368 807 408 845 in
440 806 618 845 faucibus
654 807 806 845 macelli
836 805 947 860 loqui
974 808 1114 860 palam,
1145 807 1260 861 vz'cqffi’
1293 808 1468 852 Verrem,
1504 816 1655 859 emptos

254 872 573 926 haberejudiceS,
588 873 708 911 alium
729 874 820 912 H-S
844 885 954 911 cccc
978 873 1168 919 millibus,
1191 874 1312 912 alium
1334 874 1425 912 H-S
1448 887 1474 911 D
1493 891 1505 918 ς
1538 886 1656 926 quem

256 940 437 985 minimo,
462 952 559 977 ccc.
592 942 723 991 Atque
742 940 776 977 ei
806 953 898 978 cum
931 940 1151 993 responsum
1173 939 1275 985 effet,
1307 939 1388 978 fieri
1419 953 1496 977 non
1522 938 1653 992 poffe;

256 1005 403 1043 multos
424 1005 531 1043 testes
551 1005 622 1043 effe
652 1005 834 1049 diffinitos,
865 1019 928 1042 me
959 1015 1137 1058 praeterea
1155 1006 1273 1044 causae
1291 1019 1370 1044 non
1400 1004 1624 1043 defuturum
1643 1019 1653 1043 ε

256 1071 378 1115 Licet,
411 1072 580 1115 hercules,
612 1071 754 1122 inquit,
785 1085 898 1109 omnes
930 1072 1045 1109 omnia
1063 1071 1185 1110 dicant
1204 1071 1241 1109 in
1268 1072 1393 1115 illum3
1425 1071 1492 1123 nist
1517 1071 1570 1109 ita
1600 1085 1657 1110 res

255 1136 437 1190 manifesta
456 1137 526 1175 erit
545 1137 673 1180 allata,
705 1145 747 1174 ut
766 1136 967 1190 responderi
987 1137 1081 1175 nihil
1099 1137 1214 1190 pqffi't,
1246 1137 1409 1176 vicimus.
1455 1137 1558 1174 Bene
1587 1137 1656 1181 ais,

256 1201 358 1240 Alba
373 1218 381 1241 :
400 1202 445 1239 ad
463 1211 569 1239 tuam
585 1202 736 1239 veniam
749 1202 1029 1240 conditionem.
1053 1202 1169 1240 Nihil
1185 1211 1296 1255 putas
1309 1203 1430 1240 valere
1444 1203 1482 1240 in
1495 1202 1655 1254 judiciis

255 1269 529 1321 conjecturam,
561 1267 658 1305 nihil
681 1267 949 1320 suspicionem,
980 1267 1080 1306 nihil
1101 1270 1275 1306 anteae’tae
1295 1269 1381 1307 vitae
1402 1269 1656 1307 existimatio-

256 1348 361 1379 nem,
393 1334 493 1373 nihil
525 1335 717 1372 bonorum
749 1334 919 1372 virorum
942 1332 1173 1379 testimonia,
1204 1333 1303 1372 nihil
1331 1335 1534 1373 civitatum
1564 1348 1658 1372 auc-

256 1401 441 1446 toritates,
473 1414 514 1438 ac
547 1400 785 1439 testimonia:
817 1400 942 1438 literas
975 1399 1191 1439 manifestas
1223 1401 1373 1452 quaeris.
1406 1401 1499 1439 Non
1530 1414 1660 1452 quaero

251 1468 402 1520 judices
424 1468 638 1506 Caffianos:
671 1477 842 1506 veterum
857 1467 1098 1519 judiciorum
1119 1467 1355 1505 severitatem
1377 1482 1453 1506 non
1476 1468 1628 1520 requiro
1646 1482 1656 1506 :

257 1533 415 1572 vestram
437 1535 476 1572 in
497 1533 572 1572 hoc
593 1533 725 1578 fidem,
757 1534 1001 1586 dignitatem,
1033 1533 1259 1585 religionem
1286 1534 1326 1571 in
1350 1534 1560 1586 judicando
1580 1547 1659 1572 non

259 1601 452 1653 imploro:
484 1601 629 1638 Albam
664 1599 814 1638 habebo
834 1600 1024 1651 judicem,
1056 1613 1146 1637 eum
1173 1598 1391 1645 hominem,
1423 1601 1490 1652 qui
1517 1601 1552 1638 se
1582 1600 1660 1653 ipse

259 1667 424 1705 scurram
459 1666 787 1718 improbissimum
823 1666 1029 1703 existimari
1061 1666 1171 1710 vult;
1204 1666 1271 1718 qui
1306 1680 1326 1703 a
1360 1667 1493 1704 scurris
1528 1667 1658 1718 potius

259 1732 406 1785 semper
424 1731 623 1784 gladiator,
647 1744 764 1783 quam
786 1730 922 1775 scurra,
944 1730 1155 1783 appellatus
1177 1731 1235 1768 fit.
1262 1730 1434 1769 Afferam
1456 1745 1535 1769 rem
1557 1730 1658 1783 ejus-

259 1799 424 1837 modiin
445 1798 634 1842 decumis,
667 1807 709 1835 ut
730 1797 831 1835 Alba
851 1796 1026 1842 fateatur,
1057 1797 1173 1835 istum
1201 1797 1239 1835 in
1272 1811 1311 1835 re
1330 1796 1591 1842 frumentaria,
1621 1806 1660 1836 et

259 1865 298 1902 in
320 1865 430 1903 bonis
451 1873 642 1902 aratorum
663 1873 802 1916 aperte,
823 1864 1028 1916 palamque
1047 1862 1117 1901 effe
1136 1863 1362 1916 praedatum.

313 1932 466 1970 LXIII.
499 1932 693 1969 Decumas
730 1930 809 1983 agri
844 1930 1027 1968 Leontini
1061 1943 1203 1982 magno
1236 1929 1332 1968 dicit
1366 1930 1401 1968 se
1437 1930 1657 1970 vendidiffe.

262 1997 421 2035 Ostendi
446 1998 528 2049 jam
559 1997 658 2035 illud
688 1997 815 2042 initio,
847 2010 924 2034 non
956 1996 1255 2034 existimandum
1282 2010 1426 2049 magno
1455 1997 1662 2035 vendidisse

260 2076 364 2107 eum,
396 2063 463 2114 qui
484 2062 599 2099 verbo
620 2062 798 2100 decumas
818 2062 1060 2106 vendiderit,
1092 2075 1144 2106 re,
1176 2071 1214 2100 et
1237 2062 1472 2108 conditione,
1503 2072 1541 2100 et
1561 2063 1659 2115 lege,

259 2137 298 2166 et
317 2127 453 2172 edieto,
483 2136 520 2165 et
551 2127 706 2165 licentia
736 2128 1054 2172 decumanorum,
1085 2127 1265 2166 decumas
1297 2129 1505 2167 aratoribus
1536 2129 1663 2167 nullas

261 2193 424 2246 reliquas
445 2192 592 2231 fecerit.
630 2193 761 2231 Etiam
782 2193 880 2231 illud
900 2193 1060 2238 ostendi,
1092 2193 1298 2232 vendidisse
1318 2195 1410 2233 alios
1432 2209 1573 2247 magno
1593 2195 1660 2232 de-

262 2273 393 2298 cumas
414 2259 493 2312 agri
512 2260 711 2304 Leontini,
734 2269 1034 2312 caeterorumque
1054 2273 1257 2312 agrorum,
1290 2271 1327 2298 et
1348 2261 1431 2313 lege
1452 2261 1665 2298 Hieronica

262 2326 493 2371 vendidiffe;
525 2337 562 2364 et
582 2326 702 2379 pluris
724 2328 855 2371 etiam,
892 2340 1010 2378 quam
1043 2335 1078 2364 te
1109 2327 1343 2371 vendidifi‘e5
1376 2340 1446 2364 nec
1477 2335 1664 2363 aratorem

264 2405 501 2444 quemquam
531 2393 602 2430 effe
632 2393 825 2446 questum.
870 2393 956 2431 Nec
976 2393 1082 2431 enim
1103 2392 1178 2430 fuit
1203 2393 1305 2444 quod
1328 2392 1530 2443 quisquam
1553 2391 1663 2442 queri

262 2456 395 2509 posset,
417 2470 508 2494 cum
529 2457 612 2510 lege
633 2458 840 2512 aequiffime
858 2458 996 2510 scripta
1012 2459 1183 2496 venirent
1199 2471 1207 2494 ε
1232 2470 1357 2508 neque
1376 2456 1473 2494 illud
1491 2469 1663 2508 unquam

346 2523 418 2560 To
433 2535 485 2560 M.
519 2523 590 2561 IV.
1306 2522 1327 2558 S
1348 2521 1371 2558 s
