<?xml version="1.0" encoding="UTF-8"?>
<!DOCTYPE html PUBLIC "-//W3C//DTD XHTML 1.0 Transitional//EN"
    "http://www.w3.org/TR/xhtml1/DTD/xhtml1-transitional.dtd">
<html xmlns="http://www.w3.org/1999/xhtml" xml:lang="en" lang="en">
 <head>
  <title>
</title>
<meta http-equiv="Content-Type" content="text/html;charset=utf-8" />
  <meta name='ocr-system' content='tesseract 3.04.00' />
  <meta name='ocr-capabilities' content='ocr_page ocr_carea ocr_par ocr_line ocrx_word'/>
</head>
<body>
  <div class='ocr_page' id='page_1' title='image "./operacumindicibu04ciceuoft_0531.png"; bbox 0 0 2201 2792; ppageno 0'>
   <div class='ocr_carea' id='block_1_1' title="bbox 748 160 1781 214">
    <p class='ocr_par' dir='ltr' id='par_1_1' title="bbox 748 160 1781 214">
     <span class='ocr_line' id='line_1_1' title="bbox 748 160 1781 214; baseline 0 -12"><span class='ocrx_word' id='word_1_1' title='bbox 748 162 886 202; x_wconf 93' lang='lat' dir='ltr'>PRO</span> <span class='ocrx_word' id='word_1_2' title='bbox 944 162 995 200; x_wconf 93' lang='lat' dir='ltr'>A.</span> <span class='ocrx_word' id='word_1_3' title='bbox 1056 160 1370 201; x_wconf 87' lang='lat' dir='ltr'><strong>CAECINA.</strong></span> <span class='ocrx_word' id='word_1_4' title='bbox 1707 174 1781 214; x_wconf 82' lang='lat'>511</span> 
     </span>
    </p>
   </div>
   <div class='ocr_carea' id='block_1_2' title="bbox 387 257 1792 2571">
    <p class='ocr_par' dir='ltr' id='par_1_2' title="bbox 387 257 1790 1179">
     <span class='ocr_line' id='line_1_2' title="bbox 389 257 1784 311; baseline -0.006 -8"><span class='ocrx_word' id='word_1_5' title='bbox 389 265 486 303; x_wconf 87' lang='lat' dir='ltr'>dum</span> <span class='ocrx_word' id='word_1_6' title='bbox 507 262 647 302; x_wconf 90' lang='lat' dir='ltr'>versuti</span> <span class='ocrx_word' id='word_1_7' title='bbox 667 269 705 301; x_wconf 87' lang='lat' dir='ltr'>et</span> <span class='ocrx_word' id='word_1_8' title='bbox 725 261 857 300; x_wconf 88' lang='lat' dir='ltr'>callidi</span> <span class='ocrx_word' id='word_1_9' title='bbox 877 260 1058 299; x_wconf 84' lang='lat' dir='ltr'>volumus</span> <span class='ocrx_word' id='word_1_10' title='bbox 1078 258 1163 305; x_wconf 83' lang='lat' dir='ltr'>effe,</span> <span class='ocrx_word' id='word_1_11' title='bbox 1185 257 1396 297; x_wconf 74' lang='lat' dir='ltr'>amissuros.</span> <span class='ocrx_word' id='word_1_12' title='bbox 1431 258 1529 296; x_wconf 78' lang='lat' dir='ltr'>Unde</span> <span class='ocrx_word' id='word_1_13' title='bbox 1549 266 1604 303; x_wconf 78' lang='lat' dir='ltr'>tu,</span> <span class='ocrx_word' id='word_1_14' title='bbox 1631 267 1697 298; x_wconf 77' lang='lat' dir='ltr'>aut</span> <span class='ocrx_word' id='word_1_15' title='bbox 1709 259 1784 311; x_wconf 86' lang='lat' dir='ltr'>fa-</span> 
     </span>
     <span class='ocr_line' id='line_1_3' title="bbox 390 324 1784 383; baseline -0.006 -13"><span class='ocrx_word' id='word_1_16' title='bbox 390 332 501 376; x_wconf 84' lang='lat' dir='ltr'><em>milia,</em></span> <span class='ocrx_word' id='word_1_17' title='bbox 532 339 599 369; x_wconf 84' lang='lat' dir='ltr'>aut</span> <span class='ocrx_word' id='word_1_18' title='bbox 611 337 833 383; x_wconf 82' lang='lat' dir='ltr'>procurator</span> <span class='ocrx_word' id='word_1_19' title='bbox 853 337 950 367; x_wconf 83' lang='lat' dir='ltr'>tuus.</span> <span class='ocrx_word' id='word_1_20' title='bbox 984 328 1022 366; x_wconf 89' lang='lat' dir='ltr'>Si</span> <span class='ocrx_word' id='word_1_21' title='bbox 1053 340 1117 365; x_wconf 90' lang='lat' dir='ltr'>me</span> <span class='ocrx_word' id='word_1_22' title='bbox 1148 326 1300 365; x_wconf 85' lang='lat' dir='ltr'>villicus</span> <span class='ocrx_word' id='word_1_23' title='bbox 1321 334 1410 364; x_wconf 86' lang='lat' dir='ltr'>tuus</span> <span class='ocrx_word' id='word_1_24' title='bbox 1442 324 1540 362; x_wconf 90' lang='lat' dir='ltr'>solus</span> <span class='ocrx_word' id='word_1_25' title='bbox 1573 324 1784 376; x_wconf 74' lang='lat' dir='ltr'>dejeciss‘et5</span> 
     </span>
     <span class='ocr_line' id='line_1_4' title="bbox 391 389 1787 448; baseline -0.006 -13"><span class='ocrx_word' id='word_1_26' title='bbox 391 392 475 436; x_wconf 91' lang='lat' dir='ltr'>non</span> <span class='ocrx_word' id='word_1_27' title='bbox 501 396 650 434; x_wconf 89' lang='lat' dir='ltr'>familia</span> <span class='ocrx_word' id='word_1_28' title='bbox 678 394 880 448; x_wconf 76' lang='lat' dir='ltr'>dejecisset,</span> <span class='ocrx_word' id='word_1_29' title='bbox 914 403 957 432; x_wconf 91' lang='lat' dir='ltr'>ut</span> <span class='ocrx_word' id='word_1_30' title='bbox 978 394 1127 447; x_wconf 87' lang='lat' dir='ltr'>opinor,</span> <span class='ocrx_word' id='word_1_31' title='bbox 1159 392 1222 430; x_wconf 90' lang='lat' dir='ltr'>sed</span> <span class='ocrx_word' id='word_1_32' title='bbox 1242 391 1381 444; x_wconf 87' lang='lat' dir='ltr'>aliquis</span> <span class='ocrx_word' id='word_1_33' title='bbox 1402 390 1448 428; x_wconf 91' lang='lat' dir='ltr'>de</span> <span class='ocrx_word' id='word_1_34' title='bbox 1474 389 1634 428; x_wconf 82' lang='lat' dir='ltr'>familia.</span> <span class='ocrx_word' id='word_1_35' title='bbox 1667 391 1787 428; x_wconf 59' lang='lat' dir='ltr'>Recte</span> 
     </span>
     <span class='ocr_line' id='line_1_5' title="bbox 392 456 1785 517; baseline -0.006 -15"><span class='ocrx_word' id='word_1_36' title='bbox 392 465 512 517; x_wconf 86' lang='lat' dir='ltr'>igitur</span> <span class='ocrx_word' id='word_1_37' title='bbox 546 464 689 502; x_wconf 83' lang='lat' dir='ltr'>diceres</span> <span class='ocrx_word' id='word_1_38' title='bbox 725 471 762 500; x_wconf 92' lang='lat' dir='ltr'>te</span> <span class='ocrx_word' id='word_1_39' title='bbox 797 461 1026 500; x_wconf 78' lang='lat' dir='ltr'>restituisse?</span> <span class='ocrx_word' id='word_1_40' title='bbox 1062 460 1222 513; x_wconf 86' lang='lat' dir='ltr'>quippe.</span> <span class='ocrx_word' id='word_1_41' title='bbox 1255 457 1364 510; x_wconf 82' lang='lat' dir='ltr'>Qid</span> <span class='ocrx_word' id='word_1_42' title='bbox 1397 457 1504 495; x_wconf 91' lang='lat' dir='ltr'>enim</span> <span class='ocrx_word' id='word_1_43' title='bbox 1537 456 1688 494; x_wconf 85' lang='lat' dir='ltr'>facilius</span> <span class='ocrx_word' id='word_1_44' title='bbox 1720 456 1785 501; x_wconf 89' lang='lat' dir='ltr'>est,</span> 
     </span>
     <span class='ocr_line' id='line_1_6' title="bbox 392 522 1786 583; baseline -0.007 -14"><span class='ocrx_word' id='word_1_45' title='bbox 392 544 511 583; x_wconf 85' lang='lat' dir='ltr'>quarn</span> <span class='ocrx_word' id='word_1_46' title='bbox 532 530 685 583; x_wconf 88' lang='lat' dir='ltr'>probari</span> <span class='ocrx_word' id='word_1_47' title='bbox 706 529 767 574; x_wconf 80' lang='lat' dir='ltr'>iis,</span> <span class='ocrx_word' id='word_1_48' title='bbox 789 529 858 580; x_wconf 88' lang='lat' dir='ltr'>qui</span> <span class='ocrx_word' id='word_1_49' title='bbox 878 528 1017 566; x_wconf 80' lang='lat' dir='ltr'>Latine</span> <span class='ocrx_word' id='word_1_50' title='bbox 1037 526 1171 571; x_wconf 87' lang='lat' dir='ltr'>sciant,</span> <span class='ocrx_word' id='word_1_51' title='bbox 1204 526 1245 563; x_wconf 92' lang='lat' dir='ltr'>in</span> <span class='ocrx_word' id='word_1_52' title='bbox 1265 538 1343 563; x_wconf 92' lang='lat' dir='ltr'>uno</span> <span class='ocrx_word' id='word_1_53' title='bbox 1364 523 1511 562; x_wconf 90' lang='lat' dir='ltr'>servulo</span> <span class='ocrx_word' id='word_1_54' title='bbox 1537 522 1694 561; x_wconf 79' lang='lat' dir='ltr'>familiae</span> <span class='ocrx_word' id='word_1_55' title='bbox 1714 536 1786 560; x_wconf 92' lang='lat' dir='ltr'>no-</span> 
     </span>
     <span class='ocr_line' id='line_1_7' title="bbox 391 590 1786 643; baseline -0.007 -8"><span class='ocrx_word' id='word_1_56' title='bbox 391 610 483 635; x_wconf 92' lang='lat' dir='ltr'>men</span> <span class='ocrx_word' id='word_1_57' title='bbox 503 610 582 634; x_wconf 87' lang='lat' dir='ltr'>non</span> <span class='ocrx_word' id='word_1_58' title='bbox 602 595 723 633; x_wconf 89' lang='lat' dir='ltr'>valere</span> <span class='ocrx_word' id='word_1_59' title='bbox 741 595 754 632; x_wconf 89' lang='lat'>?</span> <span class='ocrx_word' id='word_1_60' title='bbox 778 595 815 632; x_wconf 91' lang='lat' dir='ltr'>Si</span> <span class='ocrx_word' id='word_1_61' title='bbox 835 607 923 631; x_wconf 86' lang='lat' dir='ltr'>vero</span> <span class='ocrx_word' id='word_1_62' title='bbox 943 606 990 630; x_wconf 92' lang='lat' dir='ltr'>ne</span> <span class='ocrx_word' id='word_1_63' title='bbox 1005 592 1143 630; x_wconf 84' lang='lat' dir='ltr'>habeas</span> <span class='ocrx_word' id='word_1_64' title='bbox 1163 591 1323 643; x_wconf 91' lang='lat' dir='ltr'>quidem</span> <span class='ocrx_word' id='word_1_65' title='bbox 1340 590 1504 635; x_wconf 91' lang='lat' dir='ltr'>servum,</span> <span class='ocrx_word' id='word_1_66' title='bbox 1526 598 1661 641; x_wconf 82' lang='lat' dir='ltr'>praeter</span> <span class='ocrx_word' id='word_1_67' title='bbox 1680 602 1786 632; x_wconf 86' lang='lat' dir='ltr'>eum,</span> 
     </span>
     <span class='ocr_line' id='line_1_8' title="bbox 391 653 1790 715; baseline -0.006 -15"><span class='ocrx_word' id='word_1_68' title='bbox 391 663 460 715; x_wconf 89' lang='lat' dir='ltr'>qui</span> <span class='ocrx_word' id='word_1_69' title='bbox 481 677 544 700; x_wconf 88' lang='lat' dir='ltr'>me</span> <span class='ocrx_word' id='word_1_70' title='bbox 565 660 769 713; x_wconf 90' lang='lat' dir='ltr'>dejecerit;</span> <span class='ocrx_word' id='word_1_71' title='bbox 793 659 935 697; x_wconf 87' lang='lat' dir='ltr'>clames</span> <span class='ocrx_word' id='word_1_72' title='bbox 955 658 1149 703; x_wconf 89' lang='lat' dir='ltr'>videlicet,</span> <span class='ocrx_word' id='word_1_73' title='bbox 1172 658 1211 695; x_wconf 88' lang='lat' dir='ltr'>Si</span> <span class='ocrx_word' id='word_1_74' title='bbox 1231 656 1354 694; x_wconf 87' lang='lat' dir='ltr'>habeo</span> <span class='ocrx_word' id='word_1_75' title='bbox 1374 655 1579 699; x_wconf 84' lang='lat' dir='ltr'>familiam,</span> <span class='ocrx_word' id='word_1_76' title='bbox 1601 668 1622 692; x_wconf 89' lang='lat' dir='ltr'>a</span> <span class='ocrx_word' id='word_1_77' title='bbox 1640 653 1790 692; x_wconf 72' lang='lat' dir='ltr'>familia</span> 
     </span>
     <span class='ocr_line' id='line_1_9' title="bbox 392 720 1789 778; baseline -0.007 -12"><span class='ocrx_word' id='word_1_78' title='bbox 392 741 478 766; x_wconf 86' lang='lat' dir='ltr'>mea</span> <span class='ocrx_word' id='word_1_79' title='bbox 497 727 619 765; x_wconf 86' lang='lat' dir='ltr'>fateor</span> <span class='ocrx_word' id='word_1_80' title='bbox 640 735 675 764; x_wconf 91' lang='lat' dir='ltr'>te</span> <span class='ocrx_word' id='word_1_81' title='bbox 695 724 766 763; x_wconf 80' lang='lat' dir='ltr'>effe</span> <span class='ocrx_word' id='word_1_82' title='bbox 786 725 992 778; x_wconf 62' lang='lat' dir='ltr'>dejectum.</span> <span class='ocrx_word' id='word_1_83' title='bbox 1024 723 1166 775; x_wconf 84' lang='lat' dir='ltr'>Neque</span> <span class='ocrx_word' id='word_1_84' title='bbox 1187 722 1353 760; x_wconf 90' lang='lat' dir='ltr'>dubium</span> <span class='ocrx_word' id='word_1_85' title='bbox 1374 721 1440 765; x_wconf 88' lang='lat' dir='ltr'>est,</span> <span class='ocrx_word' id='word_1_86' title='bbox 1462 721 1572 773; x_wconf 88' lang='lat' dir='ltr'>quin,</span> <span class='ocrx_word' id='word_1_87' title='bbox 1595 720 1619 757; x_wconf 90' lang='lat' dir='ltr'>fi</span> <span class='ocrx_word' id='word_1_88' title='bbox 1640 720 1685 758; x_wconf 86' lang='lat' dir='ltr'>ad</span> <span class='ocrx_word' id='word_1_89' title='bbox 1707 733 1789 757; x_wconf 87' lang='lat' dir='ltr'>rem</span> 
     </span>
     <span class='ocr_line' id='line_1_10' title="bbox 387 786 1788 847; baseline -0.006 -15"><span class='ocrx_word' id='word_1_90' title='bbox 387 794 639 847; x_wconf 88' lang='lat' dir='ltr'>judicandam</span> <span class='ocrx_word' id='word_1_91' title='bbox 660 786 776 830; x_wconf 89' lang='lat' dir='ltr'>verbo</span> <span class='ocrx_word' id='word_1_92' title='bbox 795 792 990 836; x_wconf 84' lang='lat' dir='ltr'>ducimur,</span> <span class='ocrx_word' id='word_1_93' title='bbox 1021 804 1099 828; x_wconf 92' lang='lat' dir='ltr'>non</span> <span class='ocrx_word' id='word_1_94' title='bbox 1120 803 1172 835; x_wconf 91' lang='lat' dir='ltr'>re,</span> <span class='ocrx_word' id='word_1_95' title='bbox 1194 788 1383 827; x_wconf 83' lang='lat' dir='ltr'>familiam</span> <span class='ocrx_word' id='word_1_96' title='bbox 1405 787 1682 839; x_wconf 82' lang='lat' dir='ltr'>intelligamus,</span> <span class='ocrx_word' id='word_1_97' title='bbox 1703 800 1788 838; x_wconf 76' lang='lat' dir='ltr'>qua:</span> 
     </span>
     <span class='ocr_line' id='line_1_11' title="bbox 393 852 1786 910; baseline -0.007 -11"><span class='ocrx_word' id='word_1_98' title='bbox 393 861 540 899; x_wconf 89' lang='lat' dir='ltr'>constet</span> <span class='ocrx_word' id='word_1_99' title='bbox 570 873 618 897; x_wconf 84' lang='lat' dir='ltr'>ex</span> <span class='ocrx_word' id='word_1_100' title='bbox 648 858 762 896; x_wconf 81' lang='lat' dir='ltr'>servis</span> <span class='ocrx_word' id='word_1_101' title='bbox 793 857 997 910; x_wconf 87' lang='lat' dir='ltr'>pluribus;</span> <span class='ocrx_word' id='word_1_102' title='bbox 1029 856 1125 909; x_wconf 89' lang='lat' dir='ltr'>quin</span> <span class='ocrx_word' id='word_1_103' title='bbox 1158 868 1256 893; x_wconf 78' lang='lat' dir='ltr'>unus</span> <span class='ocrx_word' id='word_1_104' title='bbox 1289 854 1410 892; x_wconf 88' lang='lat' dir='ltr'>homo</span> <span class='ocrx_word' id='word_1_105' title='bbox 1435 852 1584 891; x_wconf 78' lang='lat' dir='ltr'>familia</span> <span class='ocrx_word' id='word_1_106' title='bbox 1614 866 1692 890; x_wconf 92' lang='lat' dir='ltr'>non</span> <span class='ocrx_word' id='word_1_107' title='bbox 1713 852 1786 890; x_wconf 88' lang='lat' dir='ltr'>fit:</span> 
     </span>
     <span class='ocr_line' id='line_1_12' title="bbox 392 920 1788 976; baseline -0.007 -11"><span class='ocrx_word' id='word_1_108' title='bbox 392 927 555 965; x_wconf 89' lang='lat' dir='ltr'>verbum</span> <span class='ocrx_word' id='word_1_109' title='bbox 575 934 676 963; x_wconf 90' lang='lat' dir='ltr'>certe</span> <span class='ocrx_word' id='word_1_110' title='bbox 696 923 770 962; x_wconf 91' lang='lat' dir='ltr'>hoc</span> <span class='ocrx_word' id='word_1_111' title='bbox 797 939 875 962; x_wconf 88' lang='lat' dir='ltr'>non</span> <span class='ocrx_word' id='word_1_112' title='bbox 897 923 1015 962; x_wconf 90' lang='lat' dir='ltr'>modo</span> <span class='ocrx_word' id='word_1_113' title='bbox 1035 922 1214 976; x_wconf 86' lang='lat' dir='ltr'>postulat,</span> <span class='ocrx_word' id='word_1_114' title='bbox 1245 921 1305 959; x_wconf 88' lang='lat' dir='ltr'>sed</span> <span class='ocrx_word' id='word_1_115' title='bbox 1325 921 1441 958; x_wconf 84' lang='lat' dir='ltr'>etiam</span> <span class='ocrx_word' id='word_1_116' title='bbox 1472 920 1591 971; x_wconf 83' lang='lat' dir='ltr'>cogit.</span> <span class='ocrx_word' id='word_1_117' title='bbox 1624 920 1680 956; x_wconf 76' lang='lat' dir='ltr'>At</span> <span class='ocrx_word' id='word_1_118' title='bbox 1699 931 1788 956; x_wconf 87' lang='lat' dir='ltr'>vero</span> 
     </span>
     <span class='ocr_line' id='line_1_13' title="bbox 393 984 1789 1045; baseline -0.007 -14"><span class='ocrx_word' id='word_1_119' title='bbox 393 994 489 1032; x_wconf 87' lang='lat' dir='ltr'>ratio</span> <span class='ocrx_word' id='word_1_120' title='bbox 503 993 616 1045; x_wconf 87' lang='lat' dir='ltr'>juris,</span> <span class='ocrx_word' id='word_1_121' title='bbox 638 991 911 1043; x_wconf 63' lang='lat' dir='ltr'>interdictique</span> <span class='ocrx_word' id='word_1_122' title='bbox 931 992 1002 1035; x_wconf 84' lang='lat' dir='ltr'>vis,</span> <span class='ocrx_word' id='word_1_123' title='bbox 1019 998 1057 1027; x_wconf 94' lang='lat' dir='ltr'>et</span> <span class='ocrx_word' id='word_1_124' title='bbox 1078 990 1291 1027; x_wconf 83' lang='lat' dir='ltr'>Praetorum</span> <span class='ocrx_word' id='word_1_125' title='bbox 1313 988 1502 1030; x_wconf 79' lang='lat' dir='ltr'>voluntas,</span> <span class='ocrx_word' id='word_1_126' title='bbox 1520 995 1558 1023; x_wconf 87' lang='lat' dir='ltr'>et</span> <span class='ocrx_word' id='word_1_127' title='bbox 1578 984 1789 1022; x_wconf 90' lang='lat' dir='ltr'>hominum</span> 
     </span>
     <span class='ocr_line' id='line_1_14' title="bbox 390 1050 1786 1114; baseline -0.008 -16"><span class='ocrx_word' id='word_1_128' title='bbox 390 1060 645 1114; x_wconf 86' lang='lat' dir='ltr'>prudentium</span> <span class='ocrx_word' id='word_1_129' title='bbox 665 1057 871 1095; x_wconf 84' lang='lat' dir='ltr'>confilium</span> <span class='ocrx_word' id='word_1_130' title='bbox 901 1066 940 1094; x_wconf 85' lang='lat' dir='ltr'>et</span> <span class='ocrx_word' id='word_1_131' title='bbox 970 1056 1187 1100; x_wconf 66' lang='lat' dir='ltr'>auctoritas,</span> <span class='ocrx_word' id='word_1_132' title='bbox 1223 1053 1371 1107; x_wconf 86' lang='lat' dir='ltr'>respuat</span> <span class='ocrx_word' id='word_1_133' title='bbox 1390 1051 1490 1090; x_wconf 88' lang='lat' dir='ltr'>hanc</span> <span class='ocrx_word' id='word_1_134' title='bbox 1511 1050 1786 1095; x_wconf 86' lang='lat' dir='ltr'>defenfionem,</span> 
     </span>
     <span class='ocr_line' id='line_1_15' title="bbox 392 1124 808 1179; baseline -0.01 -15"><span class='ocrx_word' id='word_1_135' title='bbox 392 1135 431 1164; x_wconf 90' lang='lat' dir='ltr'>et</span> <span class='ocrx_word' id='word_1_136' title='bbox 451 1140 520 1179; x_wconf 86' lang='lat' dir='ltr'>pro</span> <span class='ocrx_word' id='word_1_137' title='bbox 540 1124 665 1164; x_wconf 87' lang='lat' dir='ltr'>nihilo</span> <span class='ocrx_word' id='word_1_138' title='bbox 684 1132 808 1177; x_wconf 88' lang='lat' dir='ltr'>putet.</span> 
     </span>
    </p>

    <p class='ocr_par' dir='ltr' id='par_1_3' title="bbox 391 1182 1792 2239">
     <span class='ocr_line' id='line_1_16' title="bbox 448 1182 1791 1243; baseline -0.008 -13"><span class='ocrx_word' id='word_1_139' title='bbox 448 1193 541 1230; x_wconf 93' lang='lat' dir='ltr'>XX.</span> <span class='ocrx_word' id='word_1_140' title='bbox 574 1190 683 1243; x_wconf 85' lang='lat' dir='ltr'>Qid</span> <span class='ocrx_word' id='word_1_141' title='bbox 707 1203 798 1242; x_wconf 84' lang='lat' dir='ltr'>ergo</span> <span class='ocrx_word' id='word_1_142' title='bbox 816 1188 832 1225; x_wconf 63' lang='grc' dir='ltr'><strong><em>ἓ</em></strong></span> <span class='ocrx_word' id='word_1_143' title='bbox 859 1187 919 1226; x_wconf 88' lang='lat' dir='ltr'>isti</span> <span class='ocrx_word' id='word_1_144' title='bbox 939 1187 1119 1226; x_wconf 88' lang='lat' dir='ltr'>homines</span> <span class='ocrx_word' id='word_1_145' title='bbox 1140 1185 1278 1225; x_wconf 89' lang='lat' dir='ltr'>Latine</span> <span class='ocrx_word' id='word_1_146' title='bbox 1299 1198 1378 1223; x_wconf 89' lang='lat' dir='ltr'>non</span> <span class='ocrx_word' id='word_1_147' title='bbox 1397 1183 1612 1236; x_wconf 88' lang='lat' dir='ltr'>loquuntur</span> <span class='ocrx_word' id='word_1_148' title='bbox 1630 1182 1642 1219; x_wconf 92' lang='lat'>?</span> <span class='ocrx_word' id='word_1_149' title='bbox 1664 1182 1791 1220; x_wconf 86' lang='lat' dir='ltr'>immo</span> 
     </span>
     <span class='ocr_line' id='line_1_17' title="bbox 393 1249 1790 1308; baseline -0.009 -11"><span class='ocrx_word' id='word_1_150' title='bbox 393 1272 483 1298; x_wconf 88' lang='lat' dir='ltr'>vero</span> <span class='ocrx_word' id='word_1_151' title='bbox 501 1267 655 1296; x_wconf 88' lang='lat' dir='ltr'>tanturn</span> <span class='ocrx_word' id='word_1_152' title='bbox 675 1257 904 1308; x_wconf 87' lang='lat' dir='ltr'>loquuntur,</span> <span class='ocrx_word' id='word_1_153' title='bbox 926 1263 1117 1307; x_wconf 87' lang='lat' dir='ltr'>quantum</span> <span class='ocrx_word' id='word_1_154' title='bbox 1144 1252 1197 1290; x_wconf 91' lang='lat' dir='ltr'>est</span> <span class='ocrx_word' id='word_1_155' title='bbox 1225 1252 1311 1290; x_wconf 83' lang='lat' dir='ltr'>satis</span> <span class='ocrx_word' id='word_1_156' title='bbox 1331 1251 1377 1288; x_wconf 85' lang='lat' dir='ltr'>ad</span> <span class='ocrx_word' id='word_1_157' title='bbox 1407 1249 1698 1302; x_wconf 83' lang='lat' dir='ltr'>intelligendam</span> <span class='ocrx_word' id='word_1_158' title='bbox 1719 1262 1790 1287; x_wconf 86' lang='lat' dir='ltr'>vo-</span> 
     </span>
     <span class='ocr_line' id='line_1_18' title="bbox 393 1316 1789 1374; baseline -0.009 -10"><span class='ocrx_word' id='word_1_159' title='bbox 393 1327 610 1365; x_wconf 88' lang='lat' dir='ltr'>luntatem:</span> <span class='ocrx_word' id='word_1_160' title='bbox 642 1337 735 1362; x_wconf 88' lang='lat' dir='ltr'>curn</span> <span class='ocrx_word' id='word_1_161' title='bbox 757 1323 826 1360; x_wconf 83' lang='lat' dir='ltr'>fibi</span> <span class='ocrx_word' id='word_1_162' title='bbox 847 1320 922 1360; x_wconf 91' lang='lat' dir='ltr'>hoc</span> <span class='ocrx_word' id='word_1_163' title='bbox 942 1319 1224 1374; x_wconf 85' lang='lat' dir='ltr'>proposuerint,</span> <span class='ocrx_word' id='word_1_164' title='bbox 1257 1327 1315 1362; x_wconf 90' lang='lat' dir='ltr'>ut,</span> <span class='ocrx_word' id='word_1_165' title='bbox 1348 1317 1420 1355; x_wconf 89' lang='lat' dir='ltr'>five</span> <span class='ocrx_word' id='word_1_166' title='bbox 1447 1330 1511 1354; x_wconf 91' lang='lat' dir='ltr'>me</span> <span class='ocrx_word' id='word_1_167' title='bbox 1531 1325 1573 1354; x_wconf 88' lang='lat' dir='ltr'>tu</span> <span class='ocrx_word' id='word_1_168' title='bbox 1594 1316 1789 1367; x_wconf 83' lang='lat' dir='ltr'>dejeceris,</span> 
     </span>
     <span class='ocr_line' id='line_1_19' title="bbox 394 1382 1790 1444; baseline -0.009 -12"><span class='ocrx_word' id='word_1_169' title='bbox 394 1393 469 1432; x_wconf 92' lang='lat' dir='ltr'>five</span> <span class='ocrx_word' id='word_1_170' title='bbox 488 1401 648 1431; x_wconf 88' lang='lat' dir='ltr'>tuorum</span> <span class='ocrx_word' id='word_1_171' title='bbox 668 1390 876 1444; x_wconf 89' lang='lat' dir='ltr'>quispiam,</span> <span class='ocrx_word' id='word_1_172' title='bbox 908 1388 982 1426; x_wconf 90' lang='lat' dir='ltr'>five</span> <span class='ocrx_word' id='word_1_173' title='bbox 1008 1387 1217 1432; x_wconf 88' lang='lat' dir='ltr'>servorum,</span> <span class='ocrx_word' id='word_1_174' title='bbox 1244 1385 1318 1423; x_wconf 90' lang='lat' dir='ltr'>five</span> <span class='ocrx_word' id='word_1_175' title='bbox 1343 1384 1575 1428; x_wconf 85' lang='lat' dir='ltr'>amicorum,</span> <span class='ocrx_word' id='word_1_176' title='bbox 1605 1391 1649 1420; x_wconf 92' lang='lat' dir='ltr'>ut</span> <span class='ocrx_word' id='word_1_177' title='bbox 1668 1382 1790 1421; x_wconf 87' lang='lat' dir='ltr'>servos</span> 
     </span>
     <span class='ocr_line' id='line_1_20' title="bbox 394 1449 1789 1508; baseline -0.01 -9"><span class='ocrx_word' id='word_1_178' title='bbox 394 1473 475 1499; x_wconf 93' lang='lat' dir='ltr'>non</span> <span class='ocrx_word' id='word_1_179' title='bbox 507 1471 673 1498; x_wconf 91' lang='lat' dir='ltr'>numero</span> <span class='ocrx_word' id='word_1_180' title='bbox 706 1456 958 1508; x_wconf 87' lang='lat' dir='ltr'>distinguant,</span> <span class='ocrx_word' id='word_1_181' title='bbox 991 1453 1054 1492; x_wconf 88' lang='lat' dir='ltr'>sed</span> <span class='ocrx_word' id='word_1_182' title='bbox 1087 1452 1284 1505; x_wconf 85' lang='lat' dir='ltr'>appellent</span> <span class='ocrx_word' id='word_1_183' title='bbox 1313 1464 1392 1489; x_wconf 92' lang='lat' dir='ltr'>uno</span> <span class='ocrx_word' id='word_1_184' title='bbox 1426 1449 1585 1488; x_wconf 80' lang='lat' dir='ltr'>familiae</span> <span class='ocrx_word' id='word_1_185' title='bbox 1615 1449 1789 1487; x_wconf 87' lang='lat' dir='ltr'>nomine.</span> 
     </span>
     <span class='ocr_line' id='line_1_21' title="bbox 394 1515 1788 1575; baseline -0.009 -10"><span class='ocrx_word' id='word_1_186' title='bbox 394 1527 459 1566; x_wconf 86' lang='lat' dir='ltr'>De</span> <span class='ocrx_word' id='word_1_187' title='bbox 478 1525 609 1564; x_wconf 83' lang='lat' dir='ltr'>liberis</span> <span class='ocrx_word' id='word_1_188' title='bbox 630 1532 759 1562; x_wconf 90' lang='lat' dir='ltr'>autem</span> <span class='ocrx_word' id='word_1_189' title='bbox 780 1520 953 1575; x_wconf 86' lang='lat' dir='ltr'>quisquis</span> <span class='ocrx_word' id='word_1_190' title='bbox 984 1519 1051 1564; x_wconf 90' lang='lat' dir='ltr'>est,</span> <span class='ocrx_word' id='word_1_191' title='bbox 1082 1518 1337 1572; x_wconf 87' lang='lat' dir='ltr'>procuratoris</span> <span class='ocrx_word' id='word_1_192' title='bbox 1368 1517 1528 1555; x_wconf 90' lang='lat' dir='ltr'>nomine</span> <span class='ocrx_word' id='word_1_193' title='bbox 1547 1515 1760 1568; x_wconf 86' lang='lat' dir='ltr'>appelletur</span> <span class='ocrx_word' id='word_1_194' title='bbox 1778 1529 1788 1553; x_wconf 91' lang='lat'>:</span> 
     </span>
     <span class='ocr_line' id='line_1_22' title="bbox 395 1581 1792 1645; baseline -0.01 -13"><span class='ocrx_word' id='word_1_195' title='bbox 395 1606 474 1632; x_wconf 88' lang='lat' dir='ltr'>non</span> <span class='ocrx_word' id='word_1_196' title='bbox 494 1605 574 1645; x_wconf 91' lang='lat' dir='ltr'>quo</span> <span class='ocrx_word' id='word_1_197' title='bbox 593 1603 727 1630; x_wconf 88' lang='lat' dir='ltr'>omnes</span> <span class='ocrx_word' id='word_1_198' title='bbox 749 1589 835 1633; x_wconf 89' lang='lat' dir='ltr'>fint‚</span> <span class='ocrx_word' id='word_1_199' title='bbox 865 1595 930 1625; x_wconf 88' lang='lat' dir='ltr'>aut</span> <span class='ocrx_word' id='word_1_200' title='bbox 960 1585 1214 1639; x_wconf 87' lang='lat' dir='ltr'>appellentur,</span> <span class='ocrx_word' id='word_1_201' title='bbox 1241 1592 1519 1637; x_wconf 89' lang='lat' dir='ltr'>procuratores,</span> <span class='ocrx_word' id='word_1_202' title='bbox 1555 1582 1623 1635; x_wconf 91' lang='lat' dir='ltr'>qui</span> <span class='ocrx_word' id='word_1_203' title='bbox 1645 1581 1792 1634; x_wconf 85' lang='lat' dir='ltr'>negotii</span> 
     </span>
     <span class='ocr_line' id='line_1_23' title="bbox 396 1648 1790 1711; baseline -0.01 -13"><span class='ocrx_word' id='word_1_204' title='bbox 396 1659 513 1698; x_wconf 87' lang='lat' dir='ltr'>nostri</span> <span class='ocrx_word' id='word_1_205' title='bbox 532 1657 680 1711; x_wconf 85' lang='lat' dir='ltr'>aliquid</span> <span class='ocrx_word' id='word_1_206' title='bbox 699 1664 855 1708; x_wconf 87' lang='lat' dir='ltr'>gerant;</span> <span class='ocrx_word' id='word_1_207' title='bbox 879 1653 940 1692; x_wconf 88' lang='lat' dir='ltr'>sed</span> <span class='ocrx_word' id='word_1_208' title='bbox 961 1653 1051 1705; x_wconf 84' lang='lat' dir='ltr'>quia</span> <span class='ocrx_word' id='word_1_209' title='bbox 1070 1653 1111 1690; x_wconf 93' lang='lat' dir='ltr'>in</span> <span class='ocrx_word' id='word_1_210' title='bbox 1132 1651 1205 1689; x_wconf 90' lang='lat' dir='ltr'>hac</span> <span class='ocrx_word' id='word_1_211' title='bbox 1225 1664 1277 1695; x_wconf 89' lang='lat' dir='ltr'>re,</span> <span class='ocrx_word' id='word_1_212' title='bbox 1295 1651 1452 1702; x_wconf 88' lang='lat' dir='ltr'>cognita</span> <span class='ocrx_word' id='word_1_213' title='bbox 1471 1648 1653 1687; x_wconf 88' lang='lat' dir='ltr'>sententia</span> <span class='ocrx_word' id='word_1_214' title='bbox 1668 1648 1790 1700; x_wconf 23' lang='lat' dir='ltr'>int-er-</span> 
     </span>
     <span class='ocr_line' id='line_1_24' title="bbox 395 1712 1792 1772; baseline -0.01 -9"><span class='ocrx_word' id='word_1_215' title='bbox 395 1725 503 1769; x_wconf 64' lang='lat' dir='ltr'>dieti,</span> <span class='ocrx_word' id='word_1_216' title='bbox 534 1723 648 1761; x_wconf 90' lang='lat' dir='ltr'>verba</span> <span class='ocrx_word' id='word_1_217' title='bbox 667 1721 858 1759; x_wconf 90' lang='lat' dir='ltr'>subtiliter</span> <span class='ocrx_word' id='word_1_218' title='bbox 877 1718 1042 1772; x_wconf 83' lang='lat' dir='ltr'>experiri</span> <span class='ocrx_word' id='word_1_219' title='bbox 1062 1717 1192 1755; x_wconf 84' lang='lat' dir='ltr'>omnia</span> <span class='ocrx_word' id='word_1_220' title='bbox 1222 1715 1443 1754; x_wconf 89' lang='lat' dir='ltr'>noluerunt.</span> <span class='ocrx_word' id='word_1_221' title='bbox 1476 1714 1571 1752; x_wconf 92' lang='lat' dir='ltr'>Non</span> <span class='ocrx_word' id='word_1_222' title='bbox 1594 1713 1699 1750; x_wconf 89' lang='lat' dir='ltr'>enim</span> <span class='ocrx_word' id='word_1_223' title='bbox 1720 1712 1792 1750; x_wconf 82' lang='lat' dir='ltr'>alia</span> 
     </span>
     <span class='ocr_line' id='line_1_25' title="bbox 397 1778 1792 1841; baseline -0.011 -12"><span class='ocrx_word' id='word_1_224' title='bbox 397 1791 505 1830; x_wconf 90' lang='lat' dir='ltr'>causa</span> <span class='ocrx_word' id='word_1_225' title='bbox 525 1789 577 1828; x_wconf 89' lang='lat' dir='ltr'>est</span> <span class='ocrx_word' id='word_1_226' title='bbox 597 1787 786 1841; x_wconf 82' lang='lat' dir='ltr'>aequitatis</span> <span class='ocrx_word' id='word_1_227' title='bbox 807 1785 848 1824; x_wconf 88' lang='lat' dir='ltr'>in</span> <span class='ocrx_word' id='word_1_228' title='bbox 869 1799 947 1823; x_wconf 91' lang='lat' dir='ltr'>uno</span> <span class='ocrx_word' id='word_1_229' title='bbox 973 1784 1091 1829; x_wconf 89' lang='lat' dir='ltr'>servo,</span> <span class='ocrx_word' id='word_1_230' title='bbox 1123 1791 1160 1820; x_wconf 92' lang='lat' dir='ltr'>et</span> <span class='ocrx_word' id='word_1_231' title='bbox 1191 1782 1231 1820; x_wconf 94' lang='lat' dir='ltr'>in</span> <span class='ocrx_word' id='word_1_232' title='bbox 1260 1781 1437 1834; x_wconf 83' lang='lat' dir='ltr'>pluribus</span> <span class='ocrx_word' id='word_1_233' title='bbox 1456 1795 1465 1818; x_wconf 74' lang='grc' dir='ltr'>ε</span> <span class='ocrx_word' id='word_1_234' title='bbox 1498 1793 1576 1817; x_wconf 88' lang='lat' dir='ltr'>non</span> <span class='ocrx_word' id='word_1_235' title='bbox 1597 1778 1670 1816; x_wconf 89' lang='lat' dir='ltr'>alia</span> <span class='ocrx_word' id='word_1_236' title='bbox 1697 1778 1792 1816; x_wconf 89' lang='lat' dir='ltr'>ratio</span> 
     </span>
     <span class='ocr_line' id='line_1_26' title="bbox 391 1844 1790 1910; baseline -0.011 -15"><span class='ocrx_word' id='word_1_237' title='bbox 391 1857 489 1910; x_wconf 84' lang='lat' dir='ltr'>juris</span> <span class='ocrx_word' id='word_1_238' title='bbox 510 1856 550 1894; x_wconf 93' lang='lat' dir='ltr'>in</span> <span class='ocrx_word' id='word_1_239' title='bbox 571 1854 646 1893; x_wconf 90' lang='lat' dir='ltr'>hoc</span> <span class='ocrx_word' id='word_1_240' title='bbox 665 1866 802 1907; x_wconf 88' lang='lat' dir='ltr'>genere</span> <span class='ocrx_word' id='word_1_241' title='bbox 823 1852 1021 1895; x_wconf 83' lang='lat' dir='ltr'>duntaxat,</span> <span class='ocrx_word' id='word_1_242' title='bbox 1052 1859 1184 1887; x_wconf 90' lang='lat' dir='ltr'>utrum</span> <span class='ocrx_word' id='word_1_243' title='bbox 1204 1861 1268 1886; x_wconf 89' lang='lat' dir='ltr'>me</span> <span class='ocrx_word' id='word_1_244' title='bbox 1290 1856 1378 1886; x_wconf 89' lang='lat' dir='ltr'>tuus</span> <span class='ocrx_word' id='word_1_245' title='bbox 1398 1854 1620 1899; x_wconf 86' lang='lat' dir='ltr'>procurator</span> <span class='ocrx_word' id='word_1_246' title='bbox 1640 1844 1790 1896; x_wconf 82' lang='lat' dir='ltr'>dejece-</span> 
     </span>
     <span class='ocr_line' id='line_1_27' title="bbox 397 1910 1792 1974; baseline -0.011 -12"><span class='ocrx_word' id='word_1_247' title='bbox 397 1925 447 1963; x_wconf 89' lang='lat' dir='ltr'>rit</span> <span class='ocrx_word' id='word_1_248' title='bbox 468 1924 513 1968; x_wconf 87' lang='lat' dir='ltr'>is,</span> <span class='ocrx_word' id='word_1_249' title='bbox 547 1922 615 1974; x_wconf 90' lang='lat' dir='ltr'>qui</span> <span class='ocrx_word' id='word_1_250' title='bbox 636 1919 810 1973; x_wconf 86' lang='lat' dir='ltr'>legitime</span> <span class='ocrx_word' id='word_1_251' title='bbox 830 1926 1053 1972; x_wconf 85' lang='lat' dir='ltr'>procurator</span> <span class='ocrx_word' id='word_1_252' title='bbox 1073 1916 1215 1953; x_wconf 89' lang='lat' dir='ltr'>dicitur</span> <span class='ocrx_word' id='word_1_253' title='bbox 1241 1914 1422 1952; x_wconf 90' lang='lat' dir='ltr'>omnium</span> <span class='ocrx_word' id='word_1_254' title='bbox 1444 1925 1572 1950; x_wconf 88' lang='lat' dir='ltr'>rerum</span> <span class='ocrx_word' id='word_1_255' title='bbox 1593 1911 1688 1963; x_wconf 83' lang='lat' dir='ltr'>ejus,</span> <span class='ocrx_word' id='word_1_256' title='bbox 1722 1910 1792 1962; x_wconf 87' lang='lat' dir='ltr'>qui</span> 
     </span>
     <span class='ocr_line' id='line_1_28' title="bbox 397 1978 1792 2036; baseline -0.011 -8"><span class='ocrx_word' id='word_1_257' title='bbox 397 1991 438 2028; x_wconf 89' lang='lat' dir='ltr'>in</span> <span class='ocrx_word' id='word_1_258' title='bbox 459 1989 568 2028; x_wconf 83' lang='lat' dir='ltr'>ltalia</span> <span class='ocrx_word' id='word_1_259' title='bbox 598 2001 677 2026; x_wconf 92' lang='lat' dir='ltr'>non</span> <span class='ocrx_word' id='word_1_260' title='bbox 709 1987 767 2031; x_wconf 84' lang='lat' dir='ltr'>fit,</span> <span class='ocrx_word' id='word_1_261' title='bbox 805 1985 943 2024; x_wconf 71' lang='lat' dir='ltr'>absitve</span> <span class='ocrx_word' id='word_1_262' title='bbox 974 1982 1193 2036; x_wconf 84' lang='lat' dir='ltr'>reipublicae</span> <span class='ocrx_word' id='word_1_263' title='bbox 1220 1980 1341 2025; x_wconf 80' lang='lat' dir='ltr'>causa,</span> <span class='ocrx_word' id='word_1_264' title='bbox 1378 1979 1479 2032; x_wconf 84' lang='lat' dir='ltr'>quafi</span> <span class='ocrx_word' id='word_1_265' title='bbox 1514 1978 1673 2030; x_wconf 88' lang='lat' dir='ltr'>quidam</span> <span class='ocrx_word' id='word_1_266' title='bbox 1696 1989 1792 2029; x_wconf 87' lang='lat' dir='ltr'>pene</span> 
     </span>
     <span class='ocr_line' id='line_1_29' title="bbox 399 2043 1791 2103; baseline -0.011 -9"><span class='ocrx_word' id='word_1_267' title='bbox 399 2056 594 2098; x_wconf 80' lang='lat' dir='ltr'>dominus,</span> <span class='ocrx_word' id='word_1_268' title='bbox 615 2053 690 2091; x_wconf 90' lang='lat' dir='ltr'>hoc</span> <span class='ocrx_word' id='word_1_269' title='bbox 711 2052 775 2097; x_wconf 89' lang='lat' dir='ltr'>est,</span> <span class='ocrx_word' id='word_1_270' title='bbox 799 2052 912 2089; x_wconf 81' lang='lat' dir='ltr'>alieni</span> <span class='ocrx_word' id='word_1_271' title='bbox 927 2050 1024 2103; x_wconf 82' lang='lat' dir='ltr'>juris</span> <span class='ocrx_word' id='word_1_272' title='bbox 1045 2048 1236 2092; x_wconf 78' lang='lat' dir='ltr'>vicariu53</span> <span class='ocrx_word' id='word_1_273' title='bbox 1269 2061 1315 2084; x_wconf 86' lang='lat' dir='ltr'>an</span> <span class='ocrx_word' id='word_1_274' title='bbox 1336 2055 1424 2084; x_wconf 86' lang='lat' dir='ltr'>tuus</span> <span class='ocrx_word' id='word_1_275' title='bbox 1444 2045 1619 2088; x_wconf 85' lang='lat' dir='ltr'>colonus,</span> <span class='ocrx_word' id='word_1_276' title='bbox 1647 2052 1712 2080; x_wconf 85' lang='lat' dir='ltr'>aut</span> <span class='ocrx_word' id='word_1_277' title='bbox 1732 2043 1791 2079; x_wconf 89' lang='lat' dir='ltr'>vi-</span> 
     </span>
     <span class='ocr_line' id='line_1_30' title="bbox 399 2104 1791 2173; baseline -0.011 -14"><span class='ocrx_word' id='word_1_278' title='bbox 399 2123 524 2166; x_wconf 85' lang='lat' dir='ltr'>cinus,</span> <span class='ocrx_word' id='word_1_279' title='bbox 547 2129 611 2157; x_wconf 89' lang='lat' dir='ltr'>aut</span> <span class='ocrx_word' id='word_1_280' title='bbox 632 2119 765 2163; x_wconf 85' lang='lat' dir='ltr'>cliens,</span> <span class='ocrx_word' id='word_1_281' title='bbox 798 2127 862 2154; x_wconf 83' lang='lat' dir='ltr'>aut</span> <span class='ocrx_word' id='word_1_282' title='bbox 883 2104 1056 2159; x_wconf 81' lang='lat' dir='ltr'>libertus,</span> <span class='ocrx_word' id='word_1_283' title='bbox 1089 2123 1154 2151; x_wconf 90' lang='lat' dir='ltr'>aut</span> <span class='ocrx_word' id='word_1_284' title='bbox 1175 2113 1325 2173; x_wconf 45' lang='lat' dir='ltr'>quivis‚⁴</span> <span class='ocrx_word' id='word_1_285' title='bbox 1344 2111 1413 2164; x_wconf 91' lang='lat' dir='ltr'>qui</span> <span class='ocrx_word' id='word_1_286' title='bbox 1432 2110 1540 2148; x_wconf 87' lang='lat' dir='ltr'>illam</span> <span class='ocrx_word' id='word_1_287' title='bbox 1561 2109 1642 2147; x_wconf 89' lang='lat' dir='ltr'>vim</span> <span class='ocrx_word' id='word_1_288' title='bbox 1663 2108 1791 2158; x_wconf 86' lang='lat' dir='ltr'>dejec-</span> 
     </span>
     <span class='ocr_line' id='line_1_31' title="bbox 399 2177 1417 2239; baseline -0.012 -13"><span class='ocrx_word' id='word_1_289' title='bbox 399 2189 626 2239; x_wconf 87' lang='lat' dir='ltr'>tionemque</span> <span class='ocrx_word' id='word_1_290' title='bbox 646 2195 713 2223; x_wconf 89' lang='lat' dir='ltr'>tuo</span> <span class='ocrx_word' id='word_1_291' title='bbox 733 2193 882 2236; x_wconf 84' lang='lat' dir='ltr'>rogatu,</span> <span class='ocrx_word' id='word_1_292' title='bbox 904 2191 967 2220; x_wconf 87' lang='lat' dir='ltr'>aut</span> <span class='ocrx_word' id='word_1_293' title='bbox 988 2191 1056 2219; x_wconf 91' lang='lat' dir='ltr'>tuo</span> <span class='ocrx_word' id='word_1_294' title='bbox 1076 2180 1247 2224; x_wconf 85' lang='lat' dir='ltr'>nomine,</span> <span class='ocrx_word' id='word_1_295' title='bbox 1269 2177 1417 2216; x_wconf 89' lang='lat' dir='ltr'>fecerit.</span> 
     </span>
    </p>

    <p class='ocr_par' dir='ltr' id='par_1_4' title="bbox 400 2239 1791 2571">
     <span class='ocr_line' id='line_1_32' title="bbox 455 2239 1791 2305; baseline -0.013 -14"><span class='ocrx_word' id='word_1_296' title='bbox 455 2255 598 2305; x_wconf 82' lang='lat' dir='ltr'>Qare,</span> <span class='ocrx_word' id='word_1_297' title='bbox 634 2251 659 2289; x_wconf 90' lang='lat' dir='ltr'>fi</span> <span class='ocrx_word' id='word_1_298' title='bbox 679 2250 726 2288; x_wconf 78' lang='lat' dir='ltr'>ad</span> <span class='ocrx_word' id='word_1_299' title='bbox 745 2263 836 2287; x_wconf 82' lang='lat' dir='ltr'>cum</span> <span class='ocrx_word' id='word_1_300' title='bbox 858 2247 1148 2291; x_wconf 85' lang='lat' dir='ltr'>restituendum,</span> <span class='ocrx_word' id='word_1_301' title='bbox 1185 2245 1253 2298; x_wconf 88' lang='lat' dir='ltr'>qui</span> <span class='ocrx_word' id='word_1_302' title='bbox 1285 2245 1323 2282; x_wconf 90' lang='lat' dir='ltr'>vi</span> <span class='ocrx_word' id='word_1_303' title='bbox 1344 2243 1510 2295; x_wconf 68' lang='lat' dir='ltr'>dejectus</span> <span class='ocrx_word' id='word_1_304' title='bbox 1531 2240 1597 2284; x_wconf 86' lang='lat' dir='ltr'>est,</span> <span class='ocrx_word' id='word_1_305' title='bbox 1631 2239 1791 2275; x_wconf 85' lang='lat' dir='ltr'>eandem</span> 
     </span>
     <span class='ocr_line' id='line_1_33' title="bbox 400 2307 1790 2371; baseline -0.014 -11"><span class='ocrx_word' id='word_1_306' title='bbox 400 2322 481 2360; x_wconf 88' lang='lat' dir='ltr'>vim</span> <span class='ocrx_word' id='word_1_307' title='bbox 501 2320 616 2358; x_wconf 79' lang='lat' dir='ltr'>habet</span> <span class='ocrx_word' id='word_1_308' title='bbox 637 2318 826 2371; x_wconf 78' lang='lat' dir='ltr'>aequitatis</span> <span class='ocrx_word' id='word_1_309' title='bbox 848 2317 970 2360; x_wconf 82' lang='lat' dir='ltr'>ratio;</span> <span class='ocrx_word' id='word_1_310' title='bbox 1003 2328 1045 2352; x_wconf 89' lang='lat' dir='ltr'>ea</span> <span class='ocrx_word' id='word_1_311' title='bbox 1065 2314 1270 2357; x_wconf 62' lang='lat' dir='ltr'>intellecta,</span> <span class='ocrx_word' id='word_1_312' title='bbox 1293 2320 1394 2349; x_wconf 89' lang='lat' dir='ltr'>certe</span> <span class='ocrx_word' id='word_1_313' title='bbox 1416 2308 1513 2347; x_wconf 84' lang='lat' dir='ltr'>nihil</span> <span class='ocrx_word' id='word_1_314' title='bbox 1534 2307 1579 2344; x_wconf 84' lang='lat' dir='ltr'>ad</span> <span class='ocrx_word' id='word_1_315' title='bbox 1603 2319 1681 2342; x_wconf 86' lang='lat' dir='ltr'>rem</span> <span class='ocrx_word' id='word_1_316' title='bbox 1703 2318 1790 2356; x_wconf 86' lang='lat' dir='ltr'>per-</span> 
     </span>
     <span class='ocr_line' id='line_1_34' title="bbox 401 2369 1789 2438; baseline -0.014 -13"><span class='ocrx_word' id='word_1_317' title='bbox 401 2379 513 2432; x_wconf 83' lang='lat' dir='ltr'>tinet,</span> <span class='ocrx_word' id='word_1_318' title='bbox 546 2400 631 2438; x_wconf 82' lang='lat' dir='ltr'>quae</span> <span class='ocrx_word' id='word_1_319' title='bbox 665 2384 870 2422; x_wconf 83' lang='lat' dir='ltr'>verborum</span> <span class='ocrx_word' id='word_1_320' title='bbox 898 2383 954 2420; x_wconf 83' lang='lat' dir='ltr'>vis</span> <span class='ocrx_word' id='word_1_321' title='bbox 990 2381 1047 2426; x_wconf 86' lang='lat' dir='ltr'>fit,</span> <span class='ocrx_word' id='word_1_322' title='bbox 1079 2394 1120 2418; x_wconf 87' lang='lat' dir='ltr'>ac</span> <span class='ocrx_word' id='word_1_323' title='bbox 1153 2379 1373 2417; x_wconf 86' lang='lat' dir='ltr'>nominum.</span> <span class='ocrx_word' id='word_1_324' title='bbox 1411 2377 1514 2412; x_wconf 80' lang='lat' dir='ltr'>Tam</span> <span class='ocrx_word' id='word_1_325' title='bbox 1549 2371 1730 2414; x_wconf 69' lang='lat' dir='ltr'>restitues,</span> <span class='ocrx_word' id='word_1_326' title='bbox 1764 2369 1789 2406; x_wconf 83' lang='lat' dir='ltr'>fi</span> 
     </span>
     <span class='ocr_line' id='line_1_35' title="bbox 402 2438 1788 2502; baseline -0.014 -12"><span class='ocrx_word' id='word_1_327' title='bbox 402 2463 490 2491; x_wconf 81' lang='lat' dir='ltr'>tuus</span> <span class='ocrx_word' id='word_1_328' title='bbox 512 2467 574 2490; x_wconf 88' lang='lat' dir='ltr'>me</span> <span class='ocrx_word' id='word_1_329' title='bbox 596 2452 754 2489; x_wconf 84' lang='lat' dir='ltr'>libertus</span> <span class='ocrx_word' id='word_1_330' title='bbox 776 2450 968 2502; x_wconf 84' lang='lat' dir='ltr'>dejecerit,</span> <span class='ocrx_word' id='word_1_331' title='bbox 999 2447 1095 2485; x_wconf 89' lang='lat' dir='ltr'>nulli</span> <span class='ocrx_word' id='word_1_332' title='bbox 1124 2456 1191 2483; x_wconf 89' lang='lat' dir='ltr'>tuo</span> <span class='ocrx_word' id='word_1_333' title='bbox 1222 2441 1440 2496; x_wconf 78' lang='lat' dir='ltr'>praepofitus</span> <span class='ocrx_word' id='word_1_334' title='bbox 1472 2438 1639 2491; x_wconf 82' lang='lat' dir='ltr'>negotio,</span> <span class='ocrx_word' id='word_1_335' title='bbox 1672 2449 1788 2488; x_wconf 69' lang='lat' dir='ltr'>quam</span> 
     </span>
     <span class='ocr_line' id='line_1_36' title="bbox 402 2501 1789 2571; baseline -0.015 -14"><span class='ocrx_word' id='word_1_336' title='bbox 402 2519 426 2557; x_wconf 72' lang='lat' dir='ltr'>fi</span> <span class='ocrx_word' id='word_1_337' title='bbox 449 2526 670 2571; x_wconf 77' lang='lat' dir='ltr'>procurator</span> <span class='ocrx_word' id='word_1_338' title='bbox 690 2515 893 2567; x_wconf 83' lang='lat' dir='ltr'>dejecerit:</span> <span class='ocrx_word' id='word_1_339' title='bbox 926 2526 1004 2551; x_wconf 87' lang='lat' dir='ltr'>non</span> <span class='ocrx_word' id='word_1_340' title='bbox 1036 2524 1114 2563; x_wconf 89' lang='lat' dir='ltr'>quo</span> <span class='ocrx_word' id='word_1_341' title='bbox 1148 2521 1281 2547; x_wconf 87' lang='lat' dir='ltr'>omnes</span> <span class='ocrx_word' id='word_1_342' title='bbox 1313 2507 1384 2544; x_wconf 80' lang='lat' dir='ltr'>fint</span> <span class='ocrx_word' id='word_1_343' title='bbox 1417 2513 1690 2558; x_wconf 76' lang='lat' dir='ltr'>procuratores,</span> <span class='ocrx_word' id='word_1_344' title='bbox 1723 2501 1789 2552; x_wconf 74' lang='lat' dir='ltr'>qui</span> 
     </span>
    </p>
   </div>
  </div>
 </body>
</html>
