2201 2792
637 121 983 165 ACTIONIS
1025 121 1078 160 II.
1138 122 1454 163 LIBERIII.
1660 139 1733 179 301

391 221 549 260 Diocles
574 220 626 258 est
647 220 955 265 Panormitanus,
979 218 1137 259 Phimes
1158 222 1406 273 cognomine,
1428 222 1549 260 homo
1569 223 1740 269 illustris,

336 300 378 325 ac
400 287 554 325 nobilis.
587 288 623 324 Is
645 300 779 338 agrum
800 286 839 323 in
862 286 1075 338 Segestano,
1096 286 1203 337 (nam
1225 288 1507 325 commercium
1526 289 1564 325 in
1586 302 1630 326 eo
1651 304 1740 341 agro

334 354 500 404 nemini)
523 353 760 390 conductum
782 351 947 389 habebat
964 353 1055 390 H-S
1077 352 1138 390 sex
1159 352 1352 391 millibus.
1376 354 1449 391 Pro
1471 354 1633 392 decuma
1648 369 1739 393 cuni

333 419 501 471 pulsatus
521 433 542 457 a
562 419 728 457 Venerio
747 418 850 463 esset,
873 418 1015 456 decidit
1036 419 1127 456 H-S
1151 433 1228 457 xvr
1255 419 1447 465 millibus,
1470 429 1506 458 et
1525 433 1737 460 DCL1111.

334 485 380 522 Id
411 499 458 524 ex
491 485 631 524 tabulis
666 485 781 537 ipsius
817 485 1048 537 cognoscite.
1083 485 1254 523 NOMEN
1282 487 1469 524 Drocms
1495 488 1738 526 PANoRivri-

336 564 478 591 TANI.
530 552 639 590 Huic
674 552 799 589 eidem
836 550 1071 602 Symmacho
1105 551 1279 589 Anneius
1320 551 1532 598 Brocchus,
1569 556 1738 599 Senator,

334 617 455 656 homo
475 633 519 656 eo
539 618 750 671 splendore,
773 631 813 655 ea
838 619 994 663 virtute,
1025 631 1101 670 qua
1120 631 1255 656 omnes
1276 619 1516 664 existimatis,
1554 634 1739 659 nummos

331 695 467 736 praeter
485 684 729 723 frumentum
750 686 901 722 coaetus
923 684 974 722 est
995 685 1094 722 dare.
1127 685 1343 723 Venerione
1364 685 1481 731 servo,
1505 695 1539 724 te
1561 688 1738 733 Praetore,

332 751 418 789 talis
439 752 510 796 vir,
542 753 699 789 Senator
717 750 854 804 populi
874 751 1059 796 Romani,
1082 751 1241 803 quaestui
1260 750 1336 789 fuit
1356 752 1368 788 ?

386 818 498 856 XLI.
531 819 652 856 Hunc
673 817 849 855 ordinem
871 817 895 855 fi
918 817 1104 870 dignitate
1136 818 1361 855 antecellere
1381 832 1459 855 non
1479 817 1737 864 existimabas,

332 897 380 922 ne
399 883 474 922 hoc
496 884 656 937 quidem
677 884 832 929 sciebas,
841 884 1010 936 judicare
1024 885 1043 923 ἒ
1074 886 1199 922 Antea
1218 898 1310 922 cum
1331 884 1501 936 equester
1519 885 1612 922 ordo
1627 886 1737 936 judi-

331 960 446 995 caret,
479 951 662 1003 improbi,
694 960 731 988 et
752 964 900 1002 rapaces
921 951 1163 1003 magistratus
1195 951 1234 988 in
1254 951 1462 1003 provinciis
1483 951 1739 990 inserviebant

330 1016 575 1069 publicanis,
608 1015 793 1053 ornabant
822 1029 900 1060 eos,
932 1016 1158 1068 quicunque
1190 1017 1230 1054 in
1266 1018 1390 1069 operis
1422 1025 1551 1054 erant:
1594 1030 1737 1069 quem-

331 1097 485 1135 cunque
505 1083 677 1135 equitem
701 1082 927 1120 Romanum
948 1083 989 1120 in
1020 1083 1216 1136 provincia
1235 1084 1421 1128 viderant,
1455 1083 1666 1129 beneficiis,
1694 1098 1737 1123 ac

331 1149 558 1187 liberalitate
590 1149 939 1201 prosequebantur:
979 1163 1102 1201 neque
1136 1159 1288 1188 tantum
1316 1150 1383 1188 illa
1417 1164 1472 1188 res
1506 1151 1736 1189 nocentibus

330 1216 520 1269 proderat,
552 1226 743 1267 quantum
774 1215 903 1253 obfuit
937 1216 1088 1260 multis,
1120 1230 1213 1254 cum
1243 1216 1389 1268 aliquid
1421 1226 1553 1255 contra
1588 1218 1736 1256 utilita-

329 1291 410 1320 tem
430 1283 511 1335 ejus
531 1282 690 1327 ordinis,
722 1281 1040 1334 voluntatemque
1058 1281 1246 1321 fecissent.
1278 1283 1534 1321 Retinebatur
1554 1283 1629 1321 hoc
1650 1293 1737 1322 tum

329 1348 457 1387 nescio
477 1347 688 1401 quomodO,
711 1349 813 1400 quasi
844 1349 1048 1386 communi
1069 1348 1228 1386 consilio
1247 1348 1294 1386 ab
1327 1349 1404 1386 illis
1426 1349 1645 1401 diligenter,
1677 1358 1736 1395 ut,

329 1416 398 1468 qui
419 1429 543 1454 unum
573 1415 747 1467 equitem
770 1416 996 1453 Romanum
1028 1415 1266 1453 contumelia
1297 1415 1461 1468 dignum
1483 1415 1657 1468 putasset,
1688 1417 1736 1454 ab

328 1482 504 1520 universo
533 1482 668 1520 ordine
701 1482 805 1520 malo
825 1481 964 1534 dignus
990 1482 1242 1534 judicaretur.
1274 1482 1341 1519 Tu
1362 1481 1412 1519 fic
1431 1482 1606 1520 ordinem
1628 1482 1734 1520 sena-

328 1549 473 1587 torium
507 1548 719 1600 despexisti,
751 1549 800 1586 fic
834 1548 880 1586 ad
912 1548 1083 1599 injurias,
1114 1548 1369 1600 libidinesque
1400 1557 1482 1586 tuas
1502 1549 1635 1586 omnia
1665 1562 1733 1586 co-

329 1614 480 1666 aequasti
495 1643 506 1658 ,
552 1614 601 1651 fic
635 1612 802 1650 habuisti
836 1613 1020 1651 statutum
1058 1627 1151 1651 cum
1184 1614 1329 1657 animo,
1375 1627 1417 1650 ac
1456 1613 1733 1659 deliberatum,

328 1692 480 1724 omnes,
509 1680 577 1731 qui
598 1677 815 1717 habitarent
846 1678 886 1716 in
909 1679 1050 1724 Sicilia,
1082 1687 1161 1724 aut,
1184 1679 1252 1731 qui
1275 1679 1459 1723 Siciliam,
1496 1688 1532 1716 te
1554 1680 1733 1725 Platore,

328 1744 548 1797 attigissent,
577 1744 728 1796 judices
764 1745 932 1797 rejicere,
966 1753 1010 1782 ut
1045 1744 1143 1782 illud
1178 1757 1255 1781 non
1290 1744 1489 1796 cogitares,
1526 1752 1655 1782 tamen
1687 1745 1732 1783 ad

326 1812 496 1864 ejusdem
517 1811 661 1849 ordinis
681 1809 861 1849 homines
893 1820 929 1849 te
945 1811 1096 1863 judices
1130 1810 1202 1848 effe
1233 1810 1471 1848 venturum?
1503 1811 1543 1848 in
1573 1810 1732 1862 quibus,

327 1879 354 1917 fi
375 1892 422 1917 ex
442 1878 613 1931 ipsorum
634 1878 844 1916 domestico
883 1877 1137 1915 incommodo
1158 1878 1288 1915 nullus
1309 1878 1417 1915 dolor
1447 1877 1635 1922 insideret,
1674 1887 1731 1916 ta-

328 1958 418 1983 men
438 1944 527 1982 effet
560 1944 626 1982 illa
646 1945 843 1996 cogitatio,
874 1945 915 1982 in
949 1944 1103 1982 alterius
1124 1944 1264 1996 injuria
1294 1943 1366 1981 sese
1397 1943 1605 1995 despec‘tos,
1641 1944 1731 1997 dig-

327 2011 568 2063 nitatemque
586 2011 729 2049 ordinis
750 2020 1031 2064 contemptam,
1063 2020 1100 2048 et
1121 2011 1321 2063 abjectam.
1355 2011 1473 2063 Qod
1495 2009 1732 2056 mehercule,

329 2077 499 2128 Judices,
532 2076 633 2114 mihi
653 2090 730 2114 non
751 2077 996 2114 mediocriter
1026 2076 1229 2114 ferendum
1250 2077 1412 2115 videtur.
1459 2077 1592 2114 Habet
1625 2078 1731 2114 enim

328 2142 520 2194 quendam
542 2141 720 2179 aculeum
741 2142 992 2187 contumelia,
1015 2155 1134 2194 quem
1154 2142 1232 2195 pati
1253 2142 1454 2194 pudentes,
1482 2155 1524 2179 ac
1546 2142 1615 2179 viri
1639 2142 1730 2179 boni

327 2208 560 2247 difficillime
580 2207 747 2261 poffunt.

383 2275 557 2327 Spoliasti
578 2274 751 2313 Siculos:
784 2274 903 2313 solent
924 2274 1029 2313 enim
1058 2275 1176 2313 inulti
1196 2274 1267 2312 effe
1295 2274 1336 2312 in
1364 2273 1512 2324 injuriis
1534 2272 1608 2309 suis
1635 2286 1728 2324 pro-

327 2341 522 2379 vinciales.
555 2340 709 2379 Vexasti
740 2342 1019 2394 negotiatores:
1062 2341 1175 2379 inviti
1209 2341 1314 2378 enim
1346 2340 1531 2380 Romam,
1568 2351 1729 2389 raroque

327 2405 530 2444 decedunt.
563 2407 748 2459 Equitem
771 2409 995 2445 Romanum
1015 2407 1062 2445 ad
1082 2406 1245 2458 Apronii
1267 2403 1422 2455 injurias
1443 2402 1599 2441 dedisti:
1632 2404 1727 2455 quid

327 2471 432 2510 enim
459 2472 543 2524 jam
572 2485 708 2511 nocere
742 2473 910 2526 possunt,
941 2473 1082 2526 quibus
1117 2484 1195 2510 non
1229 2470 1321 2508 licet
1348 2469 1555 2522 judicare?
1602 2470 1727 2521 Qid,
