2201 2792
543 164 671 203 PRO
704 160 841 200 SEX.
872 158 1130 198 ROSCIO
1162 159 1516 199 AMERINo,
1690 161 1739 214 83

387 262 578 302 XXXIX.
622 261 728 313 Ergo
765 260 913 298 idcirco
946 258 1070 312 turpis
1103 258 1186 296 haec
1207 258 1323 312 culpa
1350 259 1417 304 est,
1444 259 1550 311 quod
1570 260 1661 298 duas
1682 275 1740 299 res

331 329 574 368 sanctiffimas
605 328 737 373 violat,
773 327 1002 371 amicitiam,
1038 334 1076 364 et
1102 325 1235 364 fidem.
1286 326 1394 365 Nam
1425 340 1552 378 neque
1584 328 1743 365 mandat

330 396 535 449 quisquam
565 394 657 439 fere,
689 394 759 432 nifi
779 394 932 439 amico;
964 406 1091 445 neque
1110 393 1245 438 credit,
1277 393 1348 430 nifi
1367 394 1416 438 ei,
1444 406 1564 445 quem
1585 392 1742 432 fidelem

329 472 454 516 putat.
488 461 737 501 Perditiffirni
755 460 808 499 est
827 461 948 513 igitur
967 459 1154 504 hominis,
1183 459 1301 497 fimul.
1317 468 1355 497 et
1376 459 1591 497 amicitiam
1611 459 1743 497 diffol-

329 542 428 573 vere,
450 537 488 567 et
507 527 639 566 fallere
658 541 763 572 eum,
785 527 854 579 qui
874 525 981 564 laesus
1002 539 1081 564 non
1101 524 1205 570 effet,
1228 525 1298 563 nifi
1317 524 1547 563 credidisset.

386 595 492 632 Itane
512 593 591 632 est?
622 593 664 631 in
695 593 872 631 minimis
893 592 1021 636 rebus,
1049 591 1118 643 qui
1147 590 1376 629 mandatum
1397 590 1623 642 neglexerit,
1657 598 1743 628 tur-

329 659 484 713 piffimo
511 660 662 713 judicio
682 659 979 703 condemnetur,
1011 657 1154 696 neceffe
1182 657 1262 696 est:
1294 658 1333 695 in
1356 671 1394 695 re
1414 666 1532 702 tanta,
1569 670 1663 694 cum
1694 657 1744 701 is,

330 727 393 765 cui
424 726 528 765 fama
558 726 720 771 mortui,
752 725 918 764 fortunae
948 725 1026 763 vivi
1056 724 1340 763 commendatae
1376 723 1478 768 sunt,
1510 732 1626 776 atque
1646 736 1743 761 con-

329 793 496 839 creditae,
515 795 541 820 *
562 795 586 819 ἕ
608 792 826 845 ignominia
845 801 1049 831 mortuum
1069 790 1237 829 affecerit
1250 809 1263 836 3
1295 791 1327 828 is
1349 791 1448 828 inter
1467 789 1645 827 honestos
1667 788 1744 827 ho-

332 859 472 904 mines,
503 868 618 912 atque
639 858 732 897 adeo
753 859 854 896 inter
883 858 1009 903 vivos,
1040 857 1341 896 numerabitur?
1374 858 1419 894 In
1447 856 1638 900 minimis,
1661 856 1744 908 pri-

330 925 500 978 vatisque
520 926 632 963 rebus
663 925 781 963 etiam
802 924 1040 977 negligentia
1070 924 1110 962 in
1136 923 1289 961 crimen
1307 922 1493 967 mandati,
1524 922 1748 974 judiciique

330 990 535 1029 infamiam
555 999 768 1034 revocatur,
786 999 983 1042 propterea
1003 990 1123 1041 quod,
1145 989 1171 1027 fi
1193 991 1292 1027 reete
1308 988 1387 1034 fiat,
1413 989 1529 1027 illum
1550 988 1744 1040 negligere

332 1066 519 1110 oporteat,
541 1057 611 1109 qui
630 1056 839 1101 mandarit,
870 1069 948 1093 non
967 1055 1098 1100 illum,
1121 1056 1189 1107 qui
1210 1056 1438 1093 mandatum
1459 1056 1669 1107 receperit:
1702 1055 1751 1092 in,

332 1138 371 1163 re
389 1134 505 1169 tanta,
524 1138 609 1175 quae
628 1123 787 1175 publice
805 1122 906 1175 gesta
925 1132 1040 1174 atque
1056 1121 1258 1160 commissa
1274 1122 1332 1167 fit,
1351 1122 1419 1174 qui
1440 1135 1518 1159 non
1539 1121 1745 1174 negligen-

331 1190 385 1228 tia
403 1190 600 1242 privatum
630 1188 788 1240 aliquod
807 1188 1066 1225 commodum
1097 1187 1247 1232 laeserit‚
1280 1188 1340 1225 sed
1361 1187 1520 1240 perfidia
1540 1187 1747 1239 legationis

331 1256 447 1309 ipsius
469 1255 739 1294 caeremoniam
759 1253 959 1307 polluerit,
978 1252 1207 1306 maculaque
1220 1252 1414 1298 affecerit3
1439 1266 1514 1305 qua
1535 1254 1566 1291 is
1588 1253 1748 1290 tandem

331 1335 447 1376 poena
466 1321 656 1359 afficietur
674 1320 687 1356 ?
719 1328 784 1358 aut
803 1333 883 1372 quo
897 1319 1049 1371 judicio
1069 1318 1317 1356 damnabitur
1337 1318 1349 1355 ?

388 1389 428 1427 Si
458 1387 558 1426 hanc
593 1389 629 1425 ei
660 1400 743 1426 rem
777 1388 960 1441 privatim
995 1388 1079 1424 Sex.
1105 1385 1269 1424 Roscius
1291 1385 1554 1430 mandaviffet,
1588 1394 1630 1423 ut
1652 1398 1753 1423 cum=

333 1454 587 1508 Chrysogono
619 1453 854 1506 transigeret,
885 1462 999 1505 atque
1022 1452 1226 1497 decideret,
1264 1453 1383 1504 inque
1417 1465 1500 1490 eam
1523 1465 1604 1489 rem
1624 1451 1753 1489 fidem>

331 1523 451 1567 suam,
483 1522 509 1560 si
531 1521 626 1574 quid
646 1533 744 1573 opus
764 1519 835 1558 effe
853 1528 1019 1572 putaret,
1044 1516 1308 1572 interponeret
1326 1537 1336 1563 3
1370 1519 1449 1564 ille,
1479 1519 1548 1570 qui
1570 1517 1642 1555 sese
1661 1517 1746 1556 fac-

330 1598 464 1627 turum
485 1586 695 1639 recepiffet,
726 1599 870 1631 nonne,
890 1586 917 1624 fi
938 1599 986 1624 ex
1006 1599 1051 1623 eo
1071 1585 1229 1638 negotio
1259 1584 1454 1623 tantulum
1476 1585 1517 1622 in
1537 1597 1617 1621 rem
1639 1584 1746 1621 suam

332 1653 586 1698 convertisset,
618 1653 821 1690 damnatus
841 1665 908 1704 per
927 1652 1132 1696 arbitrum,
1164 1661 1202 1689 et
1234 1665 1315 1689 rem
1347 1651 1574 1695 restitueret,
1602 1660 1639 1687 et
1669 1649 1744 1687 ho-

333 1720 516 1758 nestatem
536 1731 695 1756 omnem
712 1718 929 1755 amitteret?
964 1717 1084 1755 Nunc
1106 1730 1183 1754 non
1204 1717 1303 1754 hanc
1319 1717 1353 1753 ei
1375 1730 1457 1754 rem
1475 1718 1559 1753 Sex.
1581 1715 1744 1752 Roscius

332 1786 542 1830 mandavit,
564 1784 640 1829 sed,
662 1784 703 1822 id
723 1784 828 1836 quod
848 1783 977 1821 multo
996 1783 1148 1836 gravius
1170 1782 1235 1827 est,
1259 1782 1335 1834 ipse
1358 1783 1442 1819 Sex.
1466 1781 1629 1819 Roscius
1651 1793 1747 1819 cum

331 1853 447 1898 fama,
484 1853 578 1896 vita,
614 1851 801 1903 bonisque
831 1851 1017 1888 omnibus
1052 1863 1072 1887 a
1107 1849 1379 1888 decurionibus
1412 1848 1567 1901 publice
1602 1848 1748 1886 Roscio

332 1918 534 1957 mandatus
556 1917 635 1962 est5
667 1925 705 1954 et
725 1930 771 1954 ex
792 1929 837 1954 eo
858 1917 911 1954 T.
935 1915 1097 1954 Roscius
1130 1929 1209 1953 non
1244 1914 1406 1966 paulum
1437 1914 1562 1951 nescio
1584 1913 1678 1965 quid
1704 1914 1745 1950 in

333 1999 414 2023 rem
436 1985 540 2022 suam
573 1983 778 2027 convertit,
811 1982 873 2020 sed
892 1981 1000 2020 hunc
1031 1981 1210 2019 funditus
1237 1981 1374 2017 evertit
1396 1980 1533 2017 bonis:
1567 1979 1644 2032 ipse
1677 1980 1751 2016 tria).

333 2050 471 2103 praedia
503 2051 572 2088 fibi
605 2050 785 2101 depactus
805 2048 884 2093 est;
917 2040 1163 2086 voluntatem
1192 2046 1461 2090 decurionum,
1491 2059 1533 2083 ac
1572 2045 1747 2083 municiu-

334 2130 402 2154 um
423 2116 603 2154 omnium
625 2115 828 2158 tantidem,
852 2114 986 2165 quanti
1008 2113 1125 2151 fidem
1143 2113 1266 2157 suam,
1286 2111 1393 2149 fecit.

388 2183 478 2220 XL.
511 2181 650 2218 Videte
678 2181 762 2232 jam
793 2194 908 2232 porro
943 2189 1088 2224 caetera,
1111 2179 1283 2230 Judices‚
1318 2187 1360 2215 ut
1392 2177 1616 2229 intelligatis
1650 2175 1745 2226 fingi

335 2247 572 2286 maleficium
595 2247 748 2284 nullum
770 2245 888 2298 poffe,
910 2260 990 2298 quo
1009 2245 1076 2283 iste
1097 2245 1169 2283 sese
1190 2258 1266 2282 non
1289 2243 1575 2282 contaminarit.
1616 2242 1660 2278 ln
1684 2253 1743 2276 re-

334 2314 405 2352 bus
426 2315 642 2352 minoribus
663 2313 811 2351 socium
842 2311 988 2356 fallere,
1022 2312 1283 2364 turpiffimum
1305 2310 1369 2355 est,
1404 2320 1587 2360 aequeque
1618 2315 1745 2357 turpe,

334 2389 449 2432 atque
480 2380 593 2425 illud,
627 2380 673 2417 de
705 2393 784 2432 quo
815 2389 901 2416 ante
922 2379 1017 2416 dixi.
1062 2379 1203 2430 Neque
1225 2377 1387 2428 injuria3
1420 2383 1619 2425 propterea
1639 2372 1746 2423 quod

336 2447 525 2484 auxilium
546 2447 615 2484 fibi
636 2447 671 2484 se
692 2456 802 2498 putat
821 2445 1044 2498 adjunxiffe,
1070 2446 1138 2496 qui
1160 2457 1252 2481 cum
1273 2442 1392 2478 altero
1413 2453 1494 2477 rem
1516 2439 1750 2477 communi-⁷

337 2511 451 2548 cavit.
500 2511 563 2548 Ad
595 2512 705 2563 cujus
738 2512 859 2562 igitur
888 2511 1006 2548 fidem
1039 2508 1255 2559 confugiet,
1291 2519 1382 2543 cum
1414 2519 1479 2558 per
1513 2506 1594 2557 ejus
1627 2503 1746 2541 fidem
