2201 2792
486 219 559 257 190
904 202 994 240 IN
1067 203 1447 242 VERREM

476 307 690 361 nequitiam
710 313 748 342 et
769 304 1028 356 iniquitatem,
1054 312 1139 341 tum
1160 303 1200 340 in
1221 317 1285 342 ore
1304 303 1425 356 vulgi,
1457 312 1571 355 atque
1589 302 1631 341 in
1650 303 1874 341 communi-

477 376 548 413 bus
570 372 780 426 proverbiis
802 371 871 408 effe
891 370 1086 408 versatam.

529 439 701 478 XLVII.
736 439 780 474 In
811 437 965 488 plebem
998 449 1086 473 vero
1118 435 1337 473 Romanam
1359 445 1491 474 utrum
1523 435 1739 488 superbiam
1769 435 1873 487 prius

475 518 704 548 memorem,
738 517 783 540 an
815 501 1112 539 crudelitatem?
1146 501 1235 538 Sine
1268 500 1388 538 dubio
1408 501 1609 539 crudelitas
1641 501 1789 553 gravior
1808 500 1874 544 est,

476 580 589 622 atque
609 569 785 607 atrocior.
822 566 1025 604 Oblitosne
1043 566 1162 618 igitur
1181 564 1251 603 hos
1268 566 1411 618 putatis
1427 565 1512 610 effe,
1541 565 1875 617 quemadmodum

475 637 520 675 fit
551 636 617 673 iste
650 635 781 672 solitus
812 633 928 685 virgis
960 632 1114 685 plebem
1135 633 1356 670 Romanam
1382 630 1613 669 concidere?
1644 643 1762 682 quam
1794 643 1876 667 rem

473 702 590 739 etiam
612 700 788 738 tribunus
825 698 946 750 plebis
968 698 1007 734 in
1038 697 1223 735 concione
1253 697 1347 749 egit,
1380 710 1471 735 cum
1492 709 1597 741 eum,
1620 708 1740 747 quem
1759 694 1875 747 virgis

474 767 541 804 iste
561 765 759 808 ceciderat,
782 765 821 801 in
842 763 1084 816 prospectum
1104 762 1240 815 populi
1261 762 1430 800 Romani
1447 761 1658 815 produxit:
1691 761 1801 812 cujus
1823 760 1877 798 rei

473 831 743 885 cognosceudae
763 829 902 867 faciam
923 829 1031 866 vobis
1053 828 1119 866 suo
1140 837 1313 881 tempore
1332 827 1572 880 potestatem.

529 896 712 948 Superbia
745 908 834 932 vero
865 908 940 946 qua
970 893 1101 938 fuerit,
1138 894 1224 946 quis
1259 894 1408 946 ignorat
1428 893 1440 929 ?
1478 892 1810 945 quemadmodum
1843 891 1875 928 is

473 961 738 1000 tenuiffimum
756 973 950 1012 quemque
966 959 1253 1012 contempserit,
1268 959 1491 1011 despexerit,
1506 959 1675 995 liberum
1686 957 1757 994 effe
1773 969 1875 994 nun-

471 1043 588 1081 quam
611 1028 763 1066 duxerit
781 1027 794 1064 ?
827 1028 871 1065 P.
890 1026 1111 1064 Trebonius
1132 1026 1231 1063 viros
1248 1025 1385 1069 bonos,
1402 1034 1440 1063 et
1460 1023 1637 1062 honestos
1655 1023 1876 1076 complures

470 1095 563 1132 fecit
582 1093 761 1132 heredes:
785 1093 825 1130 in
846 1091 906 1130 his
928 1091 1021 1130 fecit
1041 1091 1152 1129 suum
1173 1091 1374 1129 libertum.
1407 1091 1443 1129 Is
1461 1091 1511 1128 A.
1530 1090 1777 1128 Trebonium
1798 1088 1876 1127 fra-

470 1170 569 1198 trem
590 1159 773 1198 habuerat
793 1158 1066 1211 proscriptum.
1109 1157 1159 1194 Ei
1180 1171 1273 1195 cum
1304 1166 1463 1194 cautum
1494 1156 1624 1200 vellet,
1651 1155 1810 1207 scripsit,
1833 1163 1877 1192 ut

468 1225 623 1264 heredes
639 1226 823 1276 jurarent,
846 1223 880 1260 se
901 1231 1111 1266 curaturos,
1134 1230 1177 1259 ut
1199 1235 1245 1259 ex
1266 1220 1329 1258 sua
1348 1220 1531 1273 cujusque
1552 1229 1656 1273 parte
1676 1233 1724 1258 ne
1744 1220 1874 1258 minus

469 1291 680 1329 dimidium
700 1289 746 1326 ad
766 1290 817 1326 A.
836 1287 1081 1325 Trebonium
1102 1285 1259 1324 fratrem
1280 1286 1394 1324 illum
1415 1286 1676 1339 proscriptum
1695 1285 1873 1339 perveni-

469 1366 538 1394 ret.
571 1356 751 1394 Libertus
767 1355 898 1406 jurat:
930 1353 1056 1391 caeteri
1086 1351 1242 1391 heredes
1263 1352 1403 1390 adeunt
1430 1352 1476 1390 ad
1497 1353 1685 1390 Verrem:
1718 1352 1874 1395 docent,

467 1437 546 1461 non
566 1431 739 1476 oportere
760 1420 794 1458 se
809 1421 951 1473 jurare,
982 1418 1147 1457 facturos
1179 1418 1264 1465 effe,
1297 1419 1403 1472 quod
1422 1427 1556 1457 contra
1574 1419 1703 1472 legem
1723 1419 1876 1457 Corne-

466 1490 560 1528 liam
581 1489 683 1534 efflet,
705 1503 789 1540 quae
811 1487 1067 1540 proscriptum
1081 1486 1208 1539 juvari
1227 1481 1343 1525 vetat.
1367 1487 1594 1539 Impetrant,
1610 1493 1652 1523 ut
1668 1485 1873 1536 nejurent.

466 1556 548 1593 Dat
568 1554 628 1593 his
649 1553 924 1607 poffeffionem.
959 1552 1004 1591 Id
1023 1566 1093 1605 ego
1124 1566 1202 1590 non
1234 1550 1473 1605 reprehendo
1491 1566 1499 1589 :
1532 1551 1677 1589 etenim
1697 1558 1776 1588 erat
1794 1550 1873 1588 ini-

467 1634 606 1674 quum,
629 1619 783 1658 homini
804 1618 1031 1671 proscripto,
1059 1618 1201 1670 egenti,
1233 1618 1279 1654 de
1310 1616 1484 1654 fraternis
1515 1617 1626 1654 bonis
1658 1615 1875 1668 quidquam

466 1688 558 1724 dari.
582 1688 636 1724 At
656 1685 722 1722 ille
743 1684 917 1728 libertus,
940 1684 1008 1721 nifi
1031 1697 1078 1721 ex
1098 1683 1324 1721 testamento
1344 1681 1676 1736 patronijuraffet,
1698 1681 1817 1720 scelus
1839 1681 1875 1719 se

466 1751 658 1790 facturum
680 1750 932 1788 arbitrabatur
950 1764 959 1788 ε
992 1750 1121 1802 itaque
1140 1749 1175 1786 ei
1195 1749 1333 1787 Verres
1352 1748 1614 1802 poffeffionem
1641 1747 1873 1788 haereditatis

466 1827 577 1870 negat
597 1818 631 1855 fe
652 1817 847 1860 daturum,
870 1829 917 1853 ne
938 1815 1057 1868 poffet
1076 1824 1284 1868 patronum
1304 1815 1416 1853 suum
1436 1815 1693 1868 proscriptum
1708 1815 1842 1865 juvare
1860 1827 1870 1850 ε

466 1884 578 1922 simul
601 1893 643 1921 ut
673 1883 759 1920 effct
780 1895 906 1933 poena,
943 1881 1048 1932 quod
1069 1881 1223 1918 alterius
1243 1881 1393 1932 patroni
1421 1881 1648 1918 testamento
1667 1879 1871 1932 obtempe-

466 1949 587 1987 rasset.
612 1950 689 1986 Das
711 1946 971 1999 poffeffionem
992 1945 1042 1990 ei,
1060 1946 1128 1997 qui
1149 1958 1226 1982 non
1242 1944 1400 1996 ju‘ravit.
1424 1945 1625 1983 Concedo:
1648 1945 1873 1998 praetorium

464 2015 529 2053 est.
553 2014 714 2052 Adimas
737 2022 778 2050 tu
798 2012 845 2056 ei,
869 2013 934 2064 qui
951 2011 1124 2063 juravit?
1148 2025 1226 2063 quo
1247 2012 1450 2064 exemplo?
1474 2012 1870 2064 Proscriptumjuvat.

466 2083 548 2120 Lex
569 2081 621 2118 cst
639 2095 646 2118 :
685 2092 799 2132 poena
819 2078 883 2116 cst.
916 2078 1023 2126 Qid
1042 2078 1087 2116 ad
1107 2092 1211 2122 cum,
1247 2079 1314 2130 qui
1329 2079 1393 2131 jus
1416 2078 1539 2116 dicit?
1576 2076 1721 2116 Utrum
1743 2092 1870 2131 repre-

465 2148 615 2191 hendis,
653 2146 757 2199 quod
779 2154 982 2198 patronum
998 2144 1156 2197 juvabat
1176 2158 1281 2190 eum,
1319 2145 1386 2197 qui
1407 2154 1492 2183 tum
1520 2146 1560 2183 in
1582 2145 1743 2184 miseriis
1764 2154 1842 2183 erat
1857 2164 1870 2191 ς

464 2228 511 2252 an
533 2213 638 2266 quOd
659 2212 811 2250 alterius
833 2211 983 2264 patroni
1011 2211 1156 2249 mortui
1187 2211 1425 2250 voluntatem
1453 2212 1709 2255 conservabat,
1741 2224 1761 2248 a
1793 2224 1872 2262 quo

466 2279 664 2317 summum
687 2276 918 2315 beneficium
939 2284 1131 2327 acceperat
1149 2276 1160 2312 ?
1194 2286 1326 2314 utrum
1346 2276 1489 2314 horum
1511 2274 1783 2328 reprehendis?
1816 2276 1870 2313 Et
1912 2305 1916 2310 .

467 2344 541 2383 hoc
564 2353 647 2382 tum
671 2343 716 2381 de
736 2343 823 2380 sella
853 2343 908 2380 vir
928 2342 1101 2394 optimus
1123 2341 1235 2386 dixit,
1270 2343 1405 2394 Equiti
1428 2344 1621 2385 Romano,
1658 2349 1736 2377 tam
1758 2341 1870 2378 locu-

467 2410 576 2462 pleti,
613 2409 813 2448 libertinus
846 2409 889 2446 fit
910 2407 1030 2445 homo
1060 2405 1199 2444 heres?
1233 2409 1268 2444 O
1291 2408 1509 2445 modestum
1540 2407 1730 2450 ordinem,
1765 2407 1871 2458 quod

465 2475 575 2515 illinc
597 2475 704 2513 vivus
725 2473 903 2514 surrexit!
929 2473 1082 2513 Poss'um
1098 2473 1272 2513 sexcenta
1286 2473 1435 2512 decreta
1452 2471 1633 2528 proferre,
1651 2473 1691 2511 in
1712 2473 1868 2526 quibuS,
