2201 2792
510 176 587 230 380
936 177 1025 216 IN
1102 176 1483 215 VERREM

507 292 585 316 non
606 287 718 317 erunt
740 287 820 316 tam
851 288 1037 324 amentes,
1069 288 1111 316 ut
1132 292 1301 331 operam,
1335 291 1481 322 curam,
1516 276 1722 330 pecuniam
1748 275 1904 330 impen-

506 344 598 382 dant
619 346 659 383 in
680 359 739 383 eas
760 359 832 390 res,
855 358 947 397 quas
969 345 1077 382 vobis
1098 354 1220 397 gratas
1241 343 1322 382 fore
1342 357 1419 381 non
1439 344 1684 382 arbitrentur.

561 412 716 450 XXXI.
751 412 843 449 Hoc
875 411 975 456 loco,
1009 411 1240 463 QCatule,
1276 420 1313 448 te
1332 409 1496 462 appello.
1530 411 1691 462 Loquor
1724 410 1831 448 enim
1858 408 1906 446 de

506 486 574 516 tuo
595 478 813 522 clariffimo,
835 476 1178 530 pulcherrimoque
1200 485 1456 514 monumento
1474 491 1482 514 :
1516 490 1592 514 non
1607 476 1751 528 judicis
1779 475 1905 514 solum

507 543 744 582 severitatem
765 544 806 581 in
826 542 902 581 hoc
923 543 1101 588 crimine,
1133 543 1194 581 sed
1214 556 1333 595 prope
1353 542 1520 587 inimici,
1542 550 1656 594 atque
1679 541 1904 580 accusatoris

506 610 587 647 vim
608 610 793 662 suscipere
812 609 939 648 debes.
973 610 1086 647 Tuus
1107 609 1160 647 est
1180 610 1286 646 enim
1307 607 1429 646 honos
1451 609 1491 646 in
1512 609 1581 646 illo
1602 608 1763 661 templo,
1797 607 1904 645 sena-

507 684 568 713 tus
589 676 803 729 populique
823 676 992 714 Romani
1013 675 1230 713 beneficio:
1263 675 1321 713 tui
1348 675 1518 712 nominis
1551 684 1687 712 aeterna
1717 673 1907 713 memoria

507 742 619 780 fimul
641 757 733 780 cum
752 743 900 794 templo
931 742 1001 779 illo
1021 741 1274 779 consecratur.
1307 741 1403 779 Tibi
1423 740 1506 778 haec
1536 754 1626 778 cura
1652 739 1902 792 suscipienda,

507 809 580 847 tibi
616 808 697 847 haec
731 822 845 861 opera
878 808 1061 847 sumenda
1094 809 1161 853 est,
1193 818 1236 846 ut
1272 809 1528 861 Capitolium,
1560 807 1759 860 quomodo
1792 819 1903 858 mag-

506 875 728 912 nificentius
749 875 802 912 est
829 874 1061 919 restitutum,
1094 874 1143 912 fic
1171 873 1359 926 copiofius
1380 883 1559 911 ornatum
1580 873 1639 918 fit,
1660 886 1778 924 quam
1797 871 1902 916 fuit;

506 950 549 978 ut
569 941 635 978 illa
656 941 812 978 flamma
842 941 1026 978 divinitus
1047 940 1224 977 exstitisse
1246 940 1430 983 videatur,
1466 953 1542 977 non
1562 952 1649 991 quae
1669 939 1811 976 deleret
1833 939 1903 989 JO-

507 1008 562 1045 vis
585 1008 743 1060 Optimi
766 1007 937 1045 Maximi
968 1006 1176 1059 templum,
1205 1006 1265 1044 sed
1297 1020 1381 1058 quae
1412 1007 1627 1059 praeclarius
1649 1004 1904 1058 magnificen-

506 1072 658 1124 tiusque
679 1072 909 1125 deposceret.

556 1138 710 1176 Audisti
732 1138 1039 1188 QMinuciurn
1066 1136 1220 1175 Rufum
1255 1137 1394 1182 dicere,
1431 1137 1539 1175 domi
1570 1136 1643 1175 suae
1674 1135 1905 1174 diversatum

505 1205 575 1243 effe
595 1204 842 1243 Antiochum
865 1219 992 1257 regem
1013 1205 1226 1255 Syracusis5
1259 1204 1293 1241 se
1313 1204 1411 1242 illud
1431 1204 1523 1242 scire
1543 1203 1588 1241 ad
1609 1204 1725 1241 istum
1746 1202 1816 1241 esse
1836 1203 1904 1240 de-

505 1272 628 1309 latum
646 1289 657 1315 3
690 1271 724 1308 se
758 1271 851 1308 scire
885 1284 962 1308 non
984 1271 1192 1308 redditum.
1236 1270 1402 1314 Audisti,
1434 1279 1471 1308 et
1491 1270 1618 1307 audies
1638 1269 1747 1307 omni
1768 1282 1787 1305 e
1807 1282 1904 1306 con-

505 1347 624 1375 ventu
656 1336 898 1388 Syracusano,
929 1337 997 1388 qui
1029 1337 1082 1373 ita
1112 1336 1254 1380 dicant,
1292 1336 1364 1373 sese
1395 1335 1655 1380 audientibus,
1686 1335 1784 1373 illud
1814 1336 1904 1386 Jovi

507 1404 676 1457 Optimo
689 1404 870 1442 Maximo
891 1404 1062 1441 dicatum
1082 1402 1152 1440 efl'e
1172 1403 1219 1440 ab
1238 1417 1323 1455 rege
1339 1402 1552 1448 Antiocho,
1569 1412 1607 1440 et
1622 1403 1901 1441 consecratum.

506 1472 545 1508 Si
560 1470 681 1523 judex
698 1483 775 1507 non
796 1469 900 1515 effes,
931 1478 969 1508 et
990 1468 1071 1507 haec
1092 1469 1138 1507 ad
1159 1479 1195 1507 te
1226 1469 1349 1507 delata
1368 1482 1425 1507 res
1446 1469 1561 1514 effet3
1594 1479 1631 1508 te
1661 1469 1904 1522 potiffimum

506 1537 581 1576 hoc
602 1536 789 1590 persequi,
826 1546 862 1574 te
883 1545 1024 1589 petere,
1060 1544 1097 1573 te
1131 1549 1238 1588 agere
1258 1544 1465 1588 oporteret.
1498 1537 1627 1587 Qare
1652 1549 1729 1574 non
1749 1536 1902 1580 dubito,

504 1617 583 1655 quo
603 1603 734 1641 animo
749 1602 869 1654 judex
889 1602 1004 1654 hujus
1026 1602 1200 1640 criminis
1221 1601 1292 1639 esse
1310 1601 1460 1647 debeas,
1483 1603 1553 1655 qui
1579 1603 1678 1655 apud
1698 1602 1818 1640 aliurn
1835 1604 1903 1654 ju-

505 1670 631 1707 dicem
653 1669 780 1707 multo
801 1669 936 1714 acrior,
959 1681 1077 1720 quam
1097 1681 1169 1721 ego
1198 1668 1297 1721 sum,
1327 1670 1429 1706 ac‘tor
1448 1669 1719 1722 accusatorque
1745 1668 1816 1706 effe
1835 1669 1903 1706 de-

506 1737 625 1775 heres.

559 1803 734 1842 XXXII.
766 1801 890 1839 Vobis
911 1809 1055 1846 autem,
1087 1800 1256 1852 Judices,
1279 1801 1373 1853 quid
1391 1799 1467 1839 hoc
1488 1801 1698 1853 indignius,
1724 1809 1787 1838 aut
1807 1800 1902 1852 quid

504 1869 634 1906 minus
655 1867 859 1906 ferendum
880 1867 998 1904 videri
1018 1867 1141 1919 potest
1160 1867 1172 1903 ?
1204 1866 1387 1904 Verresne
1406 1866 1564 1905 habebit
1584 1867 1690 1905 dorni
1717 1866 1789 1904 suae
1809 1880 1902 1903 can·

505 1934 704 1972 delabrum
724 1933 830 1984 Jovis
852 1932 1008 1984 Optimi
1037 1932 1208 1970 Maximi
1229 1945 1249 1969 e
1268 1933 1435 1984 gemmis
1456 1946 1624 1984 auroque
1654 1931 1866 1985 perfectum
1888 1932 1901 1968 ?

506 2000 629 2051 Cujus
662 1998 813 2050 fulgore
833 1997 1038 2042 collucere,
1069 2006 1183 2049 atque
1215 1997 1390 2035 illustrari
1412 1999 1520 2049 jovis
1549 1999 1704 2051 Optimi
1732 1998 1903 2036 Maximi

505 2066 702 2118 templum
733 2064 947 2116 oportebat,
979 2064 1017 2101 id
1039 2064 1139 2116 apud
1171 2064 1287 2101 istum
1320 2065 1358 2102 in
1380 2065 1568 2116 ejusmodi
1593 2065 1779 2103 conviviis
1806 2078 1902 2103 con-

506 2132 694 2176 stituetur,
718 2145 802 2183 quae
822 2130 1039 2168 domesticis
1059 2131 1197 2183 stupris
1218 2130 1446 2183 flagitiisque
1467 2131 1709 2184 flagrabunt?
1731 2132 1775 2169 In
1796 2131 1902 2169 istius

506 2198 653 2235 lenonis
685 2196 891 2248 turpiffimi
922 2196 1054 2241 domo,
1086 2197 1199 2234 fimul
1231 2211 1324 2235 cum
1354 2198 1498 2235 caeteris
1526 2197 1753 2236 Chelidonis
1788 2196 1900 2234 here—

505 2264 651 2302 ditariis
671 2262 920 2307 ornamentis,
955 2262 1140 2314 Capitolii
1169 2273 1393 2301 ornamenta
1419 2263 1639 2316 ponentur?
1671 2263 1778 2313 Qid
1807 2261 1902 2300 bule

505 2330 597 2367 sacri
631 2342 804 2381 unquam
825 2327 921 2373 fore,
952 2337 1016 2365 aut
1043 2328 1137 2380 quid
1168 2327 1278 2365 fuisse
1311 2329 1474 2380 religiosi
1506 2329 1663 2380 putatiS‚
1695 2329 1763 2380 qui
1796 2341 1899 2366 nunc

507 2405 614 2434 tanto
644 2395 782 2433 scelere
815 2395 850 2432 se
880 2394 1105 2433 obstrictum
1136 2394 1208 2432 effe
1228 2408 1306 2432 non
1338 2394 1501 2432 sentiat?
1533 2395 1601 2447 qui
1635 2395 1675 2433 in
1705 2395 1900 2446 judicium

506 2462 657 2506 veniat,
689 2461 757 2499 ubi
789 2474 837 2498 ne
866 2460 1011 2513 precari
1043 2460 1203 2512 quidem
1237 2461 1376 2511 Jovem
1412 2461 1624 2512 Optimum
1658 2461 1899 2504 Maximum,

506 2537 619 2580 atque
640 2527 686 2565 ab
718 2541 762 2566 eo
783 2528 973 2565 auxilium
995 2535 1121 2580 petere
1142 2540 1249 2566 more
1269 2527 1447 2565 omnium
1468 2526 1608 2580 poffit?
1640 2540 1660 2564 a
1685 2541 1763 2580 quo
1783 2527 1900 2564 etiam
