2201 2792
566 195 643 236 320
996 182 1087 221 IN
1158 182 1540 221 VERREM

561 283 603 322 in
634 281 917 322 defensionibus
948 282 1090 334 dicere)
1123 281 1270 320 crimen
1300 282 1573 327 domesticum,
1610 295 1653 320 ac
1683 281 1963 326 vernaculum3

564 364 643 388 non
677 363 724 388 ex
759 359 931 402 tempore
966 348 1128 400 periculi
1160 349 1217 386 tui
1237 348 1505 394 constitutum,
1537 348 1598 387 sed
1618 357 1742 394 vetus,
1769 346 1966 400 excogitass

564 425 651 454 tum
676 417 774 469 jam,
805 425 843 453 et
879 424 915 452 te
937 416 1101 453 Praetore
1128 415 1331 466 jastatum‚
1362 424 1400 453 et
1430 428 1507 453 non
1541 415 1588 453 ab
1623 415 1793 454 inimicis
1829 415 1967 453 Roma:

561 483 836 535 compositum,
854 481 929 530 ‘sed
958 482 1128 519 Romam
1158 481 1206 519 de
1240 482 1438 533 provincia
1462 491 1722 535 exportatum.
1755 481 1879 520 Simul
1903 481 1965 518 in-

564 549 688 601 telligi
708 548 829 601 potest
848 547 947 585 illud
967 547 1073 585 istius
1106 547 1148 585 in
1167 548 1389 600 Apronium
1409 547 1594 593 studium,
1625 548 1792 601 Apronii
1822 548 1868 585 de
1900 546 1970 585 isto

564 629 642 653 non
674 614 792 653 modo
822 612 1018 658 confeffio,
1052 627 1187 652 verum
1219 614 1335 652 etiam
1364 614 1699 652 commemoratio.
1731 613 1884 651 Eodem
1903 625 1968 650 ac·

564 681 680 725 cedit,
712 681 818 733 quod
849 679 924 718 hoc
959 693 1115 732 quoque
1148 680 1363 732 intelligere
1386 679 1555 733 potestis,
1586 680 1702 718 istum
1721 678 1898 724 statuiffe‚
1929 678 1970 716 in

563 749 761 801 provincia
781 748 858 792 sua,
879 746 1170 785 existimationis
1190 746 1263 785 suae
1290 747 1487 799 judicium
1519 756 1624 785 extra
1643 745 1844 785 cohortem
1865 745 1969 783 suam

565 813 894 851 committendum
916 811 1024 850 fuisse
1044 813 1206 851 nemini.

621 881 753 918 LXII.
786 879 932 931 Ecquis
953 879 1005 917 est
1021 879 1156 931 judex,
1178 880 1240 917 cui
1262 893 1340 917 non
1360 879 1406 917 ab
1427 879 1541 917 initio
1562 879 1768 917 decumani
1796 877 1969 916 criminis

564 946 781 1000 persuasum
812 946 869 990 sit,
902 945 1016 984 istum
1050 946 1092 983 in
1122 955 1312 983 aratorum
1344 946 1459 990 bona,
1500 945 1747 997 fortunasque
1776 945 1971 997 impetum

565 1012 691 1051 feciss'e
710 1013 721 1049 ?
754 1013 840 1065 quis
861 1010 936 1050 hoc
958 1025 1035 1049 non
1055 1025 1102 1049 ex
1122 1025 1166 1049 eo
1186 1012 1313 1049 statim
1327 1011 1533 1063 judicavit,
1551 1012 1656 1063 quod
1676 1010 1836 1056 ostendi,
1854 1010 1971 1049 istum

564 1080 744 1118 decumas
764 1093 862 1118 nova
881 1079 977 1132 lege,
1008 1089 1123 1131 atque
1143 1078 1235 1117 adeo
1265 1078 1373 1117 nulla
1391 1079 1491 1132 lege,
1521 1088 1655 1118 contra
1672 1079 1853 1117 omnium
1874 1091 1970 1117 con-

566 1146 823 1190 suetudinem,
851 1155 965 1197 atque
985 1145 1159 1183 instituta
1177 1144 1385 1183 vendidisse
1403 1146 1416 1182 ?
1450 1145 1610 1190 Verum,
1645 1154 1689 1183 ut
1708 1145 1795 1183 istos
1817 1159 1889 1198 ego
1902 1145 1971 1197 ju-

564 1212 668 1250 dices
690 1222 768 1250 tam
789 1211 946 1256 severOS,
979 1220 1057 1249 tam
1079 1211 1298 1263 diligentes,
1332 1220 1411 1248 tam
1432 1211 1625 1263 religiosos
1656 1225 1732 1249 non
1758 1210 1939 1249 haberem
1956 1230 1969 1257 3

564 1280 699 1332 ecquis
720 1279 786 1323 est,
817 1292 864 1316 ex
885 1278 1112 1330 injuriarum
1133 1278 1415 1330 magnitudine,
1446 1278 1695 1330 improbitate
1715 1277 1971 1324 decretorum,

559 1345 803 1397 judiciorum
824 1344 1042 1395 iniquitate,
1073 1343 1142 1396 qui
1161 1341 1238 1381 hoc
1270 1356 1347 1381 non
1372 1343 1608 1395 jamdudum
1636 1343 1820 1389 statuerit,
1850 1352 1889 1382 et
1902 1345 1971 1396 ju-

565 1412 703 1450 dicarit
722 1411 734 1448 ?
767 1411 898 1449 Etiam
919 1409 1004 1447 sane
1024 1409 1068 1448 sit
1098 1409 1237 1462 aliquis
1259 1409 1473 1448 dissolutior
1492 1410 1532 1447 in
1553 1410 1764 1462 judicando
1779 1428 1791 1455 5
1824 1410 1970 1463 legum,

565 1478 714 1522 officii,
751 1476 1001 1529 reipublicae,
1043 1475 1249 1521 sociorum,
1286 1484 1402 1528 atque
1435 1476 1650 1514 amicorum
1690 1476 1970 1529 negligentior:

564 1544 662 1596 quid
680 1544 694 1581 ?
726 1544 757 1581 is
778 1542 941 1596 poffitne
962 1542 1008 1579 de
1029 1541 1135 1580 istius
1155 1541 1406 1595 improbitate
1425 1542 1614 1587 dubitare,
1636 1555 1728 1580 cum
1749 1550 1853 1580 tanta
1868 1542 1975 1580 lucra

566 1610 678 1655 facia,
710 1620 788 1648 tam
808 1609 958 1661 iniquas
978 1609 1186 1661 paffiones,
1217 1608 1270 1653 vi,
1301 1617 1340 1646 et
1371 1617 1479 1647 metu
1509 1608 1692 1661 expreffas
1721 1608 1973 1661 cognoverit?

565 1691 659 1715 cum
693 1686 796 1714 tanta
826 1675 983 1728 praemia
1016 1675 1203 1720 civitates,
1232 1675 1286 1720 vi,
1331 1683 1445 1727 atque
1476 1675 1655 1727 imperio,
1687 1674 1896 1727 virgarum,
1930 1688 1974 1713 ac

567 1744 702 1782 mortis
724 1752 846 1787 metu,
879 1756 956 1780 non
984 1741 1102 1779 modo
1124 1742 1314 1794 Apronio,
1346 1751 1460 1795 atque
1490 1742 1572 1794 ejus
1603 1741 1808 1787 similibus,
1839 1755 1974 1780 verum

567 1811 684 1848 etiam
706 1809 881 1846 Veneriis
902 1807 1029 1852 servis,
1052 1807 1138 1845 dare
1158 1809 1317 1846 coactas.

624 1875 743 1926 Qod
767 1875 793 1913 fi
815 1875 902 1926 quis
924 1873 1116 1911 sociorum
1137 1873 1401 1911 incommodis
1422 1873 1552 1911 minus
1574 1882 1776 1917 movetur3
1808 1872 1835 1910 fi
1855 1886 1974 1925 quem

567 1951 760 1978 aratorum
796 1938 911 1990 fugae,
949 1938 1199 1982 calamitates,
1223 1938 1350 1982 exilia,
1383 1937 1579 1990 suspendia
1600 1937 1765 1989 denique
1787 1951 1865 1975 non
1885 1951 1974 1990 per-

569 2016 755 2050 movent3
788 2018 866 2042 non
902 2003 1053 2056 poffum
1085 2003 1273 2048 dubitare,
1306 2003 1400 2056 quin
1432 2004 1463 2041 is
1495 2012 1638 2048 tamen,
1669 2017 1762 2041 cum
1796 2003 1975 2042 vastatam

570 2073 758 2115 Siciliam,
809 2070 958 2108 seueros
995 2083 1128 2122 agrOS,
1159 2083 1205 2107 ex
1242 2070 1445 2107 civitatum
1474 2069 1619 2114 literis,
1665 2079 1702 2107 et
1735 2069 1894 2121 epistola
1924 2070 1973 2108 L.

569 2138 725 2177 Metelli
760 2137 997 2189 cognoverit,
1029 2136 1177 2181 statuat,
1214 2135 1296 2174 fieri
1317 2149 1394 2174 non
1415 2135 1529 2188 posse,
1563 2145 1605 2174 ut
1626 2136 1672 2174 de
1706 2135 1775 2173 isto
1807 2149 1884 2173 non
1916 2135 1973 2173 se-

568 2204 756 2242 veriffime
777 2203 986 2254 judicetur.
1021 2202 1106 2239 Erit
1126 2203 1243 2239 etiam
1263 2202 1416 2253 aliquis,
1448 2203 1516 2253 qui
1543 2201 1625 2239 haec
1645 2201 1776 2239 omnia
1796 2200 1972 2238 diffimu-

567 2271 658 2315 lare,
689 2283 731 2307 ac
767 2269 959 2321 negligere
995 2267 1136 2319 poffit?
1168 2268 1297 2305 Attuli
1325 2268 1537 2320 sponsiones
1575 2267 1656 2319 ipso
1676 2267 1857 2318 praesente
1890 2265 1973 2304 fac-

570 2347 625 2375 tas
647 2337 693 2374 de
714 2336 966 2373 decumarum
989 2333 1178 2377 societate,
1211 2333 1257 2370 ab
1290 2333 1369 2385 ipso
1401 2332 1612 2385 prohibitas
1634 2333 1812 2384 judicari.
1865 2332 1973 2383 Qid

571 2404 638 2448 est,
669 2402 774 2455 quod
796 2401 914 2454 poiset
935 2400 1137 2453 quisquam
1158 2398 1395 2437 manifestius
1425 2398 1500 2437 hoc
1521 2399 1722 2437 defiderare
1741 2399 1753 2436 ?
1786 2399 1880 2437 Non
1900 2399 1975 2436 du·

571 2470 668 2512 bito,
691 2469 786 2521 quin
823 2468 930 2505 vobis
966 2466 1227 2510 satisfecerim,
1261 2465 1432 2517 JudiceS.
1466 2465 1729 2503 Veruntamen
1759 2465 1977 2518 progrediar

572 2536 758 2588 longius;
805 2548 882 2572 non
918 2532 1140 2572 mehercule
1174 2546 1252 2586 quo
1287 2532 1408 2585 magis
1440 2530 1516 2570 hoc
1551 2532 1660 2570 vobis
1698 2532 1974 2585 persuadeatur,
