2201 2792
779 115 1308 155 DIVINATIO
1650 129 1717 169 131

307 219 351 258 {n
367 216 562 273 judicium
581 214 755 252 vocabat.
789 214 882 264 Jure
902 221 989 251 tum
1020 211 1181 250 florebat
1201 211 1339 265 populi
1359 212 1529 250 Romani
1550 226 1692 251 nomen
1713 229 1721 251 :

305 287 392 337 jure
413 282 612 321 auctoritas
632 280 749 333 hujus
770 279 941 333 imperii,
963 278 1207 331 civitatisque
1227 277 1414 330 majestas,
1447 279 1570 330 gravis
1603 278 1723 317 habe-

310 351 434 388 batur.
467 349 601 387 Nemo
621 347 835 386 mirabatur
854 347 895 384 in
917 344 1104 384 Africano
1123 345 1207 390 illo,
1229 343 1335 397 quod
1356 344 1396 381 in
1417 357 1481 381 me
1508 357 1626 389 nunc,
1649 343 1723 382 ho-

309 416 416 454 mine
437 416 562 468 parvis
582 415 724 468 opibus
744 427 788 452 ac
814 412 1064 451 facultatibus
1086 411 1260 466 praedito,
1284 410 1465 449 fimulant
1485 410 1558 448 sese
1579 411 1723 455 mirari,

306 494 402 519 cum
424 481 581 519 moleste
602 480 740 520 ferant.

366 548 477 600 Qid
509 548 579 586 fibi
613 548 681 586 iste
711 547 828 587 vult?
860 547 1170 586 accusatoremne
1197 546 1234 585 se
1259 546 1482 591 existimari,
1515 546 1584 598 qui
1619 553 1725 583 antea

306 613 515 653 defendere
534 614 792 660 consueverat,
815 629 920 653 nunc
941 614 1163 669 praesertim,
1202 627 1244 652 ea
1259 614 1342 666 jam
1364 623 1484 658 aetate,
1506 626 1600 651 cum
1632 611 1725 651 aedi-

307 681 458 720 litatem
477 691 582 736 petat
599 683 612 720 ?
645 683 733 736 Ego
750 696 840 721 vero
860 682 978 721 aetatis
999 695 1078 720 non
1098 680 1217 720 modo
1237 694 1349 725 meae,
1371 679 1433 718 sed
1454 680 1581 718 multo
1607 680 1726 718 etiam

307 748 527 803 superioris,
559 759 597 788 et
627 749 785 789 honoris
806 749 1033 803 ampliffimi
1063 758 1160 802 puto
1191 747 1279 794 effe,
1306 757 1344 786 et
1372 746 1544 805 accusare
1574 746 1726 798 impro-

308 815 392 861 bos,
426 826 464 854 et
482 816 656 863 miseros,
687 816 1004 869 calamitososque
1023 815 1242 855 defendere.
1276 815 1329 853 Et
1361 813 1536 868 profecto
1555 822 1621 851 aut
1650 810 1726 850 hoc

307 883 526 922 remedium
546 884 599 922 est
629 893 794 937 aegrotae,
825 897 868 922 ac
895 897 1016 937 prope
1049 883 1250 937 desperatae
1282 881 1518 935 reipublicae‚
1546 878 1727 932 judiciis-

310 959 386 997 que
405 950 611 1000 corruptis,
642 963 684 986 ac
716 949 989 988 contaminatis
1021 963 1235 1002 paucorum
1269 948 1365 986 vitio
1396 961 1438 985 ac
1468 943 1726 999 turpitudine,

309 1010 491 1051 homines
525 1014 572 1051 ad
605 1013 740 1065 legum
775 1013 1052 1058 defensionem,
1087 1015 1411 1066 judiciorumque
1442 1012 1726 1057 auctoritatem,

311 1092 431 1130 quam
449 1078 745 1124 honestiffimos,
762 1087 801 1117 et
817 1079 1103 1131 integerrimos,
1120 1078 1506 1131 diligentissimosque
1522 1077 1699 1116 accedere
1714 1091 1724 1115 :

309 1152 389 1187 aut,
411 1144 438 1181 fi
458 1157 506 1181 ne
525 1143 602 1181 hoc
623 1145 785 1195 quidem
817 1143 988 1196 prodeffe
1014 1145 1171 1196 poterit,
1203 1143 1377 1196 profecto
1411 1143 1519 1182 nulla
1552 1156 1728 1196 unquam

308 1208 503 1248 medicina
521 1207 582 1246 his
603 1217 662 1246 tot
691 1208 955 1248 incommodis
987 1209 1210 1262 reperietur.
1243 1209 1368 1247 Nulla
1387 1209 1484 1246 salus
1503 1209 1728 1261 reipublicae

308 1275 432 1327 major
451 1274 517 1319 est,
540 1288 659 1327 quam
678 1288 757 1320 eos,
789 1275 858 1327 qui
880 1275 1045 1313 alterum
1066 1274 1259 1320 accusant,
1281 1288 1359 1312 non
1381 1274 1512 1312 minus
1534 1274 1580 1311 de
1600 1273 1724 1318 laude,

307 1341 356 1379 de
374 1340 534 1387 honore,
556 1341 602 1379 de
623 1341 726 1380 fama
746 1342 823 1386 sua,
846 1356 966 1394 quam
987 1342 1090 1387 illos,
1112 1343 1182 1395 qui
1203 1341 1442 1386 accusantur,
1460 1340 1506 1378 de
1527 1341 1664 1393 capite,
1683 1354 1725 1378 ac

255 1409 259 1413 ”
307 1406 476 1446 fortunis
497 1408 571 1445 suis
593 1408 871 1460 pertimescere.
904 1410 1040 1460 Itaque
1065 1409 1216 1462 semper
1246 1409 1274 1446 ii
1305 1407 1594 1460 diligentiffime
1614 1407 1724 1446 labo-

308 1473 842 1527 riofiflimeque-accusarunt,
875 1474 945 1526 qui
976 1473 1114 1527 seipsos
1135 1476 1176 1512 in
1202 1474 1409 1512 discritnen
1431 1474 1724 1512 existimationis

308 1542 438 1579 venire
457 1541 631 1579 arbitrati
647 1541 747 1580 sunt.

364 1609 498 1646 XXII.
531 1608 802 1659 Qamobrern
833 1607 909 1646 hoc
931 1608 1104 1653 statuere,
1126 1607 1299 1659 Judices,
1326 1607 1488 1653 debetis,
1510 1608 1724 1659 QCaeci-

309 1673 425 1718 lium,
448 1674 494 1710 de
515 1687 594 1725 quo
613 1674 720 1711 nulla
741 1688 914 1725 unquam
935 1675 1071 1726 opinio
1099 1673 1229 1718 fuerit,
1263 1673 1447 1724 nullaque
1472 1675 1513 1711 in
1534 1673 1609 1711 hoc
1642 1674 1725 1725 ipso

303 1741 456 1793 judicio
475 1741 688 1793 expectatio
708 1739 839 1778 futura
859 1740 918 1785 fit,
937 1740 1005 1792 qui
1026 1753 1165 1792 neque,
1187 1748 1230 1777 ut
1250 1749 1335 1777 ante
1355 1739 1558 1778 collectam
1578 1738 1726 1779 famam

308 1808 519 1851 conservet,
551 1820 677 1859 neque
709 1807 764 1844 uti
784 1807 929 1860 reliqui
949 1807 1135 1860 temporis
1167 1806 1274 1859 spem
1310 1805 1530 1850 confirmet,
1564 1807 1723 1851 laborat,

308 1888 387 1912 non
408 1873 526 1911 nimis
547 1872 647 1910 hanc
667 1873 819 1911 causam
849 1873 986 1917 severe,
1018 1887 1096 1911 non
1118 1873 1235 1911 nimis
1270 1882 1458 1916 accurate,
1496 1887 1572 1910 non
1605 1873 1724 1911 nimis

308 1939 513 1992 diligenter
532 1940 723 1977 acturum,
772 1939 904 1977 Habet
924 1939 1031 1977 enim
1063 1937 1177 1982 nihil,
1209 1938 1314 1990 quod
1346 1939 1385 1975 in
1419 1937 1626 1976 offenfione
1652 1940 1722 1977 de-

310 2001 455 2053 perdat.
502 2002 559 2039 Ut
591 2000 804 2053 turpiffime
832 2000 1196 2053 fiagitiofiffimeque
1227 2000 1407 2045 discedat,
1440 1999 1538 2038 nihil
1571 2001 1617 2038 de
1649 2001 1723 2039 suis

311 2067 499 2106 veteribus
521 2067 756 2104 ornamentis
778 2067 960 2118 requiret.

365 2134 403 2170 A
422 2133 534 2170 nobis
555 2133 702 2170 multos
729 2133 875 2171 obfides
898 2133 1016 2171 habet
1036 2133 1203 2186 populus
1225 2134 1442 2178 Romanus,
1466 2146 1562 2185 quos
1590 2144 1631 2171 ut
1661 2135 1721 2170 in-

309 2199 484 2237 columes
524 2198 762 2244 conservare,
804 2200 927 2245 tueri,
969 2199 1222 2249 confirmare,
1264 2214 1307 2238 ac
1348 2213 1566 2253 recuperare
1605 2199 1721 2251 polii-

310 2279 412 2310 mus,
444 2266 553 2304 omni
589 2266 733 2304 ratione
765 2266 837 2304 erit
871 2267 1152 2305 dimicandum.
1200 2268 1333 2306 Habet
1368 2266 1571 2309 honorem,
1604 2278 1722 2316 quem

309 2332 480 2383 petimus
499 2347 508 2371 ε
540 2331 656 2370 habet
676 2332 795 2385 spem,
828 2347 946 2386 quam
968 2334 1201 2386 propofitam
1228 2333 1338 2371 nobis
1360 2332 1546 2369 habemus
1567 2344 1575 2367 ε
1608 2329 1723 2368 habet

310 2398 650 2443 existimationem,
673 2399 802 2438 multo
824 2399 970 2445 sudore,
993 2400 1136 2444 labore,
1168 2399 1385 2451 vigiliisque
1405 2396 1631 2433 collectam:
1665 2405 1721 2440 ut,

310 2461 337 2499 fi
366 2463 406 2500 in
425 2463 497 2504 hac
529 2465 639 2503 causa
669 2465 841 2505 nostrum
862 2467 1038 2505 officium
1069 2479 1111 2504 ac
1142 2463 1384 2516 diligentiam
1418 2462 1720 2513 probaverimus,

1332 2530 1366 2566 1<
1398 2542 1417 2567 2
