2201 2792
565 184 914 226 ACTIONIS
952 187 1006 226 ΙΙ.
1057 182 1280 227 ‘LIBER
1310 190 1363 228 II.
1592 193 1668 246 265

314 285 526 327 LXXVII.
558 286 662 325 Rem
696 286 743 325 ad
773 286 987 326 Metellum
1018 285 1162 333 defero,
1185 300 1249 326 me
1279 287 1426 326 tabulas
1447 278 1671 341 perspexisse

259 353 452 393 sociorum
470 369 479 392 :
509 352 632 392 in'his
655 354 795 392 tabulis
817 367 1000 407 magnam
1021 355 1210 392 rationem
1233 355 1281 393 C.
1300 355 1474 393 Verrutii
1494 355 1669 408 permul-

259 421 556 460 tisnorninibus
577 420 673 467 effe-5
705 434 847 474 meque
876 420 953 460 hoc
982 421 1191 475 perspicere
1207 435 1259 460 ex
1277 421 1496 467 consulum,
1529 421 1670 460 menfi-

259 501 406 540 umque
424 488 584 533 ratione,
607 486 713 526 hunc
728 488 957 527 Verrutium
977 502 1103 541 neque
1121 497 1210 526 ante
1230 488 1440 527 adventum
1461 489 1510 527 C.
1524 488 1669 531 Verris,

259 566 385 606 neque
405 554 488 607 post
521 554 770 593 deceffionem
792 554 1008 607 quidquam
1028 568 1122 593 cum
1147 555 1374 608 Carpinatio
1409 554 1565 593 rationis
1599 553 1670 591 ha-

261 620 393 660 buiffe.
427 621 596 667 Postulo,
619 620 720 660 mihi
751 621 986 675 respondeat,
1008 621 1078 674 qui
1109 621 1154 660 fit
1173 621 1240 660 iste
1258 622 1461 660 Verrutius
1478 640 1489 666 5
1522 634 1670 660 merca-

259 696 334 732 tor,
356 702 403 726 an
423 689 650 742 negotiator,
672 702 721 728 an
739 697 876 734 arator,
899 702 947 727 an
966 689 1167 742 pecuarius
1186 703 1196 727 :
1228 689 1269 727 in
1291 689 1421 727 Sicilia
1441 689 1498 734 fit,
1527 702 1573 726 an
1589 689 1671 741 jam

259 753 468 794 decesserit.
501 755 680 794 Clamare
691 768 834 794 *omnes
865 769 914 794 ex
939 765 1156 801 conventu,
1180 755 1390 794 ⁴neminem
1418 768 1594 808 unquam
1625 767 1672 793 ex

261 820 392 860 Sicilia
411 821 522 860 fuiffe
541 823 783 861 Verrutium.
829 823 917 876 Ego
937 822 1085 869 instare,
1119 832 1163 861 ut
1182 822 1283 861 mihi
1304 822 1557 876 responderet,
1585 822 1671 875 quis

259 887 362 934 effer,
384 889 454 928 ubi
473 888 575 935 effet,
594 889 696 928 unde
716 889 805 928 effet
824 904 832 928 :
856 903 925 928 cur
944 889 1070 928 servus
1092 889 1294 935 societatis,
1317 890 1386 942 qui
1406 889 1553 928 tabulas
1575 902 1670 928 con-

260 953 411 1000 feeerit,
447 955 595 1009 semper
627 957 669 994 in
702 956 875 995 Verrutii
905 957 1079 1002 nomine,
1111 966 1216 996 certo
1249 970 1297 995 ex
1330 956 1430 1002 loco,
1467 955 1672 995 mendosus

261 1020 365 1061 effet.

318 1090 451 1141 Atque
470 1087 553 1127 haec
573 1089 828 1142 postulabam,
851 1103 928 1128 non
950 1103 1028 1143 quo
1047 1090 1164 1128 illurn
1184 1090 1272 1144 cogi
1288 1095 1464 1144 putarem
1484 1098 1672 1143 oportere,

262 1162 308 1193 ut
337 1166 381 1192 ea
413 1153 515 1192 mihi
550 1155 790 1207 responderet
824 1155 967 1193 invitus
984 1174 996 1201 ς
1039 1155 1101 1194 sed
1128 1165 1172 1194 ut
1197 1156 1381 1195 omnibus
1416 1155 1522 1194 istius
1550 1155 1672 1201 surm,

261 1219 367 1258 illius
388 1220 595 1273 flagitium,
632 1220 830 1274 utriusque
861 1221 1017 1259 audacia
1034 1222 1234 1275 perspicua
1261 1222 1331 1260 effe
1362 1222 1494 1275 poffet.
1538 1223 1675 1275 I'taqu'e

262 1286 379 1326 illum
399 1288 438 1326 in
454 1289 555 1340 jure,
577 1297 700 1333 metu,
718 1288 1031 1342 conscientiaque
1050 1289 1199 1342 peccati
1215 1298 1388 1334 mutum,
1404 1294 1521 1342 atque
1540 1289 1673 1328 exani·

261 1364 429 1400 mati-rm,
462 1368 506 1393 ac
526 1354 592 1394 vix
610 1355 745 1394 vivum
771 1356 983 1409 relinquo:
1016 1356 1163 1395 tabulas
1195 1357 1235 1395 in
1255 1355 1342 1395 foro
1361 1356 1514 1395 sumina
1540 1354 1674 1394 homi-

263 1415 361 1460 nurn
380 1421 598 1474 frequent-ia
616 1421 790 1461 exsc'ribo
806 1437 814 1461 ε
834 1423 1070 1461 adhibentur
1089 1423 1130 1461 in
1147 1423 1397 1462 exscribendo
1415 1423 1461 1461 de
1481 1425 1676 1461 'conVen'tu

264 1489 336 1527 viri
355 1489 553 1542 ‘pr-imarii:
586 1489 718 1534 literae,
748 1489 954 1543 ‹lit-uraeque
983 1496 1119 1529 omnes
1140 1489 1375 1536 affimula‘tae,
1399 1489 1592 1543 expre'ffae,
1629 1489 1675 1527 de

262 1556 404 1594 tabulis
419 1556 465 1594 :in
487 1555 605 1593 libros
627 1555 920 1595 transferuntur.

318 1623 420 1660 Ἠώς
439 1622 572 1660 omnia
587 1621 742 1660 summa
761 1622 852 1663 cura
865 1632 910 1660 ‘et
930 1616 1131 1675 diligentia
1158 1623 1366 1676 recognita,
1390 1630 1435 1661 ¹¹et
1447 1623 1605 1667 collata,
1633 1627 1676 1661 “et

265 1688 312 1726 ab
330 1686 560 1726 hominibus
591 1681 866 1725 &wileik-illimis
886 1688 1080 1740 obsignata
1100 1687 1200 1726 fun't.
1242 1689 1285 1726 ‘Si
1312 1689 1557 1741 Carpinatius
1584 1689 1674 1726 ''tu-m

266 1754 367 1793 mihi
389 1747 610 1807 respondete
627 1754 784 1799 noluit,
814 1754 999 1808 responde
1025 1753 1131 1793 -mishi
1153 1764 1256 1793 nunc
1291 1765 1348 1800 tu,
1371 1755 1522 1800 Verres,
1548 1768 1675 1807 ‘quem

265 1821 337 1860 effe
356 1820 464 1859 hunc
485 1830 598 1860 tuum
618 1835 714 1874 pene
734 1822 920 1875 gentilem
943 1822 1171 1860 Verrfftium
1204 1831 1331 1875 putes.
1378 1822 1482 1860 Fieri
1503 1835 1580 1860 non
1598 1835 1674 1874 po».

265 1887 348 1932 test,
371 1896 427 1932 ut,
464 1900 584 1940 quem
614 1888 738 1932 video,
776 1896 813 1925 te
833 1889 1010 1932 Praetore‚
1047 1889 1088 1925 in
1109 1888 1237 1926 Sicilia
1257 1887 1379 1933 fuisse,
1417 1896 1455 1926 et
1489 1901 1606 1941 quem
1627 1900 1675 1926 ex

265 1953 344 2006 ipsa
363 1953 508 1992 ratione
526 1953 706 2006 intelligo
726 1953 963 2006 locupletem
984 1952 1106 1999 fuiffe,
1129 1967 1219 1992 eum
1242 1963 1283 1992 tu
1316 1954 1355 1992 in
1387 1963 1452 1992 tua
1477 1954 1676 2008 provincia

267 2032 346 2057 non
366 2020 558 2072 cognoris.
582 2021 714 2072 Atque
734 2019 842 2064 adeo,
866 2033 912 2057 ne
933 2019 1008 2058 hoc
1028 2029 1093 2058 aut
1114 2019 1282 2073 longius,
1305 2029 1370 2058 aut
1390 2020 1587 2059 obscurius
1605 2020 1677 2059 effe

268 2085 396 2139 possit,
424 2086 621 2138 procedite
653 2087 692 2124 in
728 2086 932 2132 medium3
964 2086 1153 2139 explicate
1189 2087 1500 2141 descriptionem,
1534 2088 1674 2141 imagi-

267 2166 437 2206 nemque
458 2153 676 2191 tabularum
698 2172 709 2198 ;
743 2163 785 2191 ut
806 2167 940 2192 omnes
962 2154 1142 2192 mortales
1164 2154 1269 2194 istius
1300 2155 1463 2194 avaritiae
1490 2168 1568 2193 non
1593 2157 1675 2208 jam

266 2219 434 2273 vestigia,
457 2219 519 2258 sed
539 2219 618 2272 ipsa
637 2219 795 2264 cubilia,
817 2219 943 2258 videre
963 2220 1117 2273 poffint.

323 2287 556 2325 LXXVIII.
588 2286 740 2324 Videtis
772 2286 1031 2324 Verrutium?
1063 2287 1200 2326 videtis
1236 2288 1378 2341 primas
1414 2288 1539 2325 literas
1574 2286 1674 2323 inte·

269 2352 384 2405 gras?
414 2352 550 2391 videtis
572 2363 785 2391 extremam
818 2363 967 2406 partem
1000 2355 1184 2399 nominis,
1221 2354 1380 2392 caudam
1402 2353 1509 2390 illam
1532 2351 1675 2397 Verris,

270 2427 454 2471 tanquam
474 2419 515 2457 in
536 2419 634 2464 luto,
654 2419 862 2458 demersam
884 2419 955 2458 effe
976 2420 1015 2457 in
1036 2421 1151 2458 litura
1170 2421 1181 2457 ?
1216 2421 1276 2457 Sic
1303 2418 1445 2456 habent
1466 2417 1501 2456 se
1523 2417 1675 2465 tabulae,

271 2483 442 2534 Judices‚
464 2494 507 2522 ut
527 2486 676 2524 videtis.
710 2486 819 2539 Qid
839 2487 1045 2539 expec‘hatis
1065 2487 1077 2523 ?
1100 2486 1194 2537 quid
1217 2485 1383 2537 quaeritis
1405 2484 1601 2538 amplius?
1635 2494 1679 2522 tu

270 2549 349 2603 ipse
367 2550 519 2596 Verres,
542 2552 636 2604 quid
659 2552 758 2590 sedes
776 2554 788 2590 ?
817 2553 912 2605 quid
932 2553 1090 2591 moraris
1108 2553 1119 2587 Ρ
1154 2552 1260 2590 Nam
1281 2561 1345 2589 ant
1365 2550 1546 2592 exhibeas
1567 2552 1677 2591 nobis

359 2617 484 2656 Tom.
507 2617 578 2656 IV.
1312 2619 1345 2656 L
1366 2618 1379 2655 1
