2201 2792
467 201 544 252 428
900 200 991 240 IN
1063 198 1446 238 VERREM

467 300 575 338 claffe
598 300 798 345 Sicilienfi,
822 300 994 351 Judices,
1017 299 1159 344 dicam,
1189 308 1231 337 ut
1251 297 1327 337 hoc
1343 299 1426 351 jam
1446 305 1533 336 ante
1553 296 1798 341 confirmem,
1830 294 1870 332 in

466 366 542 405 hoc
579 381 657 404 uno
691 379 828 419 genere
859 379 994 404 omnes
1032 364 1145 402 ineffe
1171 365 1302 417 culpas
1335 364 1441 402 istius
1462 364 1665 408 maximas,
1693 361 1870 406 avaritiae,

469 433 688 486 majestatis,
711 433 928 477 dementire,
962 431 1152 475 libidinis,
1183 430 1434 468 crudelitatis.
1467 430 1564 468 Haec
1585 430 1680 468 dum
1707 428 1872 468 breviter

468 513 635 553 expono,
657 498 796 551 quaeso‚
816 506 859 536 ut
879 497 1020 536 fecistis
1040 495 1181 542 adhuc,
1200 496 1405 549 diligenter
1422 495 1620 534 attendite.

525 567 628 604 Rem
665 564 837 603 navalem
871 565 1047 617 primum
1068 563 1120 601 ita
1151 563 1238 601 dico
1266 562 1336 601 effe
1368 561 1686 606 administratam,
1717 573 1795 598 non
1815 559 1874 597 uti

470 632 668 686 provincia
688 629 969 675 defenderetur,
988 629 1050 667 sed
1068 639 1110 667 ut
1130 629 1250 667 claffis
1272 629 1431 667 nomine
1446 628 1611 682 pecunia
1626 635 1872 679 quaereretur.

471 699 718 751 Superiorum
742 698 956 736 Praetorum
978 696 1213 736 consuetudo
1234 710 1327 734 cum
1347 694 1429 734 haec
1449 694 1591 740 fuiffet,
1618 703 1662 732 ut
1682 706 1795 732 naves
1815 692 1874 730 ci-

470 765 669 809 vitatibus,
691 763 891 815 certusque
912 776 1096 801 numerus
1128 771 1347 807 nautarum,
1380 762 1636 813 militumque
1664 761 1872 813 imperare-

471 840 548 876 tur,
572 830 765 874 maximae,
787 838 825 867 et
846 829 1153 882 locupletiffimae
1173 829 1321 867 civitati
1342 828 1590 866 Mamertinae
1611 825 1711 864 nihil
1732 824 1874 864 horum

470 897 716 951 imperavisti.
765 897 832 935 Ob
863 911 983 949 quam
1004 910 1083 935 rem
1106 897 1201 949 quid
1223 897 1295 934 tibi
1322 895 1552 934 Mamertini
1580 894 1681 933 clam
1703 892 1876 931 dederint

470 966 658 1019 pecuniae,
681 965 764 1017 post
785 965 1006 1003 videbitur:
1039 978 1087 1002 ex
1118 964 1289 1017 ipsorum
1312 964 1446 1008 literis,
1481 972 1519 1001 et
1546 962 1704 1000 testibus
1726 973 1875 1012 quaere-

472 1046 574 1070 mus.
608 1032 762 1070 Navem
784 1044 871 1069 vero
894 1031 1069 1083 Cybeam
1090 1031 1318 1074 maximam,
1342 1029 1509 1067 triremis
1532 1028 1658 1072 instar,
1691 1025 1875 1080 pulcher-

472 1100 626 1143 rimam,
648 1108 763 1151 atque
783 1098 1075 1143 ornatissimam,
1111 1097 1239 1150 palam
1260 1096 1484 1135 aedificatam
1513 1096 1669 1148 sumptu
1701 1094 1875 1147 publico,

473 1166 614 1203 sciente
635 1165 778 1210 Sicilia,
810 1178 877 1218 per
898 1164 1178 1217 magistratum,
1210 1163 1461 1216 senatumque
1480 1162 1782 1206 Mamertinum,
1805 1160 1878 1198 tibi

473 1233 616 1277 datam,
639 1232 901 1283 donatamque
921 1231 993 1269 effe
1014 1231 1115 1269 dico.
1140 1232 1238 1269 Haec
1259 1231 1363 1268 navis
1380 1230 1513 1268 onusta
1531 1229 1656 1282 praeda
1676 1227 1876 1272 Siciliensi,

474 1314 566 1337 cum
588 1299 665 1352 ipsa
686 1312 843 1351 quoque
864 1297 953 1335 effet
970 1311 1016 1336 ex
1037 1298 1175 1350 praeda,
1208 1297 1322 1335 fimul
1343 1311 1436 1335 cum
1468 1296 1535 1334 iste
1562 1294 1775 1339 decederet,
1807 1307 1877 1347 ap-

475 1366 583 1420 pulsa
602 1365 757 1403 Veliam
790 1365 858 1410 est,
890 1378 984 1402 cum
1018 1364 1197 1417 plurimis
1229 1364 1355 1408 rebus,
1386 1373 1424 1402 et
1454 1363 1516 1409 iis,
1549 1375 1642 1415 quas
1674 1370 1761 1399 ante
1791 1361 1877 1399 Ro-

476 1447 584 1470 mam
617 1433 772 1470 mittere
807 1445 901 1470 cum
934 1431 1079 1471 caeteris
1101 1429 1214 1469 furtis
1235 1430 1375 1475 noluit,
1409 1430 1514 1482 quod
1534 1438 1641 1467 erant
1666 1428 1877 1473 cariffimae,

474 1500 723 1552 maximeque
756 1513 845 1537 eum
878 1498 1130 1536 deleetabant.
1163 1499 1262 1536 Eam
1298 1511 1435 1535 navem
1456 1510 1580 1550 nuper
1612 1504 1767 1549 egomet
1799 1495 1879 1533 vidi

474 1567 611 1611 Veliae,
645 1566 840 1618 multique
870 1565 936 1603 alii
967 1565 1161 1610 viderunt,
1193 1563 1513 1618 pulcherrimam,
1543 1572 1658 1615 atque
1689 1561 1878 1601 ornatiffi-

476 1648 597 1679 mam,
618 1634 776 1686 Judices
796 1649 804 1672 2
837 1647 923 1686 quae
943 1632 1104 1686 quidem
1125 1632 1323 1677 omnibus,
1341 1631 1409 1684 qui
1429 1646 1513 1670 eam
1534 1631 1767 1684 aspexerant,
1788 1643 1892 1682 pro-⁷

477 1702 638 1754 spectare
653 1702 735 1753 jam
757 1700 935 1745 exilium,
956 1709 1072 1752 atque
1092 1699 1287 1752 explorare
1307 1698 1443 1752 fugam
1464 1697 1615 1736 domini
1637 1696 1850 1735 videbatur.

532 1769 686 1806 XVIII.
720 1767 830 1819 Qid
853 1766 954 1806 mihi
974 1765 1050 1804 hoc
1069 1767 1156 1805 loco
1174 1765 1448 1820 respondebis?
1481 1766 1549 1803 nisi
1571 1764 1670 1803 forte
1692 1764 1746 1809 id,
1775 1762 1881 1816 quod

477 1835 626 1873 tametfi
650 1834 801 1887 probari
823 1833 932 1871 nullo
953 1833 1071 1872 modo
1091 1833 1225 1886 potest,
1245 1842 1374 1871 tamen
1396 1833 1472 1870 dici
1493 1832 1654 1884 quidem
1675 1829 1882 1882 injudicio

479 1902 524 1939 de
546 1901 720 1954 pecuniis
739 1900 960 1952 repetundis
979 1899 1121 1937 neceffe
1142 1899 1209 1944 est,
1232 1899 1278 1936 de
1294 1908 1358 1936 tua
1378 1899 1542 1951 pecunia
1563 1896 1789 1935 aedificatam
1811 1895 1883 1933 effe

478 1983 561 2006 eam
584 1982 733 2005 navem.
757 1967 870 2004 Aude
891 1965 965 2004 hoc
986 1966 1119 2005 saltem
1137 1966 1276 2011 dicere,
1294 1966 1399 2018 quod
1421 1964 1562 2003 neceffe
1582 1964 1648 2002 est.
1681 1963 1779 2002 Noli
1797 1976 1882 2001 me-

480 2046 599 2078 tuere,
618 2033 814 2077 Hortens1‚
838 2046 885 2070 ne
905 2046 1088 2086 quaeram,
1107 2033 1175 2085 qui
1195 2033 1348 2070 licuerit
1369 2031 1555 2071 aedificare
1568 2018 1712 2070 ¹navem
1734 2030 1880 2068 senato-

482 2103 535 2138 ri:
570 2100 737 2152 antiquar
758 2099 844 2137 sunt
865 2099 940 2137 ista:
961 2100 1078 2152 leges,
1102 2108 1139 2136 ct
1158 2108 1332 2144 mortuae,
1363 2098 1697 2151 quemadmodum
1725 2105 1767 2134 tu
1788 2096 1883 2134 soles
1914 2129 1919 2132 .

481 2168 620 2212 dicere,
643 2181 728 2219 quae
749 2175 890 2203 vetant.
925 2167 1018 2204 Fuit
1039 2166 1105 2203 ista
1125 2166 1338 2219 respublica
1354 2165 1538 2218 quodam,
1560 2164 1638 2203 fuit
1659 2164 1725 2202 ista
1746 2163 1882 2201 severi-

482 2245 536 2272 tas
558 2235 595 2272 in
612 2233 787 2286 judiciis,
811 2241 853 2270 ut
874 2232 982 2270 istam
1004 2246 1084 2269 rem
1113 2232 1307 2271 accusator
1327 2233 1366 2270 in
1390 2232 1539 2284 magnis
1558 2230 1788 2269 criminibus
1809 2229 1882 2267 ob-

476 2301 687 2353 jiciendam
709 2308 873 2353 putaret.
907 2298 1015 2349 Qid
1036 2298 1140 2335 enim
1163 2299 1236 2336 tibi
1268 2312 1362 2336 nave
1383 2310 1479 2350 opus
1500 2296 1606 2335 fuit?
1637 2296 1716 2341 cui,
1750 2296 1775 2333 fi
1804 2309 1884 2347 quo

482 2367 640 2419 publice
673 2365 979 2419 proficiscereris,
1011 2373 1048 2402 et
1082 2364 1256 2417 proelidii,
1293 2373 1331 2402 et
1367 2365 1526 2401 vecturae
1560 2362 1688 2407 causa,
1725 2362 1884 2414 sumptu

482 2433 643 2486 publico
663 2433 813 2485 navigia
832 2432 1113 2485 praeberentur:
1137 2431 1317 2484 privatim
1338 2438 1467 2468 autem
1486 2444 1556 2468 nec
1576 2428 1766 2482 proficisci
1784 2442 1883 2480 quo-

483 2513 600 2551 quam
622 2508 743 2551 potcs‚
767 2512 835 2536 nec
855 2497 1030 2536 arceffere
1047 2511 1103 2535 res
1126 2497 1390 2537 transmarinas
1412 2510 1459 2535 ex
1480 2497 1525 2535 iis
1545 2496 1654 2541 locis,
1684 2496 1723 2533 in
1741 2495 1883 2547 quibus

484 2567 555 2603 tibi
578 2564 730 2611 habere,
751 2565 909 2604 mercari
929 2563 1027 2603 nihil
1048 2565 1152 2604 licet.
