2201 2792
447 140 523 179 522
942 125 1345 165 ORATIO

445 225 548 279 cipia
567 225 794 264 defenfionis
816 226 928 277 meae)
962 226 987 264 fi
1009 226 1096 278 quis
1118 234 1153 263 te
1180 239 1227 263 ex
1247 224 1392 263 aedibus
1424 223 1500 263 tuis
1530 224 1584 269 vi,
1612 221 1842 261 hominibus

446 292 616 338 armatis,
639 293 831 345 dejecerit,
853 293 948 344 quid
966 294 1123 345 ageres?
1155 294 1306 344 opinor,
1330 290 1405 329 hoe
1427 289 1645 335 interdicto,
1668 303 1747 342 quo
1773 302 1843 327 nos

448 360 501 398 ufi
522 361 668 405 sumus,
700 360 975 414 persequerere.
1009 360 1116 412 Qid
1136 360 1148 396 Ρ
1185 360 1209 397 s1
1233 360 1319 411 quis
1345 360 1428 410 jam
1448 358 1495 396 de
1514 357 1599 397 foro
1619 357 1844 396 redeuntem

448 429 601 466 armatis
615 427 841 466 hominibus
857 428 1021 465 domum
1033 436 1141 475 tuam
1156 436 1193 464 te
1206 427 1363 474 introire
1376 425 1632 478 prohibuerit,
1647 424 1742 477 quid
1753 437 1844 477 age-

447 495 532 532 res?
566 503 712 532 uterere
732 494 868 531 codem
900 493 1117 531 interdicto.
1152 494 1257 531 Cum
1279 493 1397 544 igitur
1419 493 1563 530 Praetor
1585 491 1842 535 interdixerit,

448 560 549 599 unde
571 561 737 613 dejectus
758 573 812 605 es,
835 569 877 598 ut
897 573 942 597 eo
962 559 1167 598 restituaris
1185 578 1198 604 ς
1221 569 1263 597 tu
1284 558 1359 597 hoc
1381 559 1499 604 idem,
1521 557 1628 611 quod
1647 571 1719 611 ego
1739 557 1843 603 dico,

448 637 486 665 et
503 627 608 680 quod
622 626 868 680 perspicuum
883 625 949 671 est,
966 626 1282 679 interpretabere:
1307 638 1399 663 cum
1419 624 1520 662 illud
1539 624 1717 670 verbum,
1739 623 1843 669 unde,

448 694 489 732 in
511 703 714 745 utramque
735 706 817 731 rem
836 692 969 737 valeat,
988 706 1112 745 eoque
1132 701 1175 730 tu
1207 692 1352 730 restitui
1372 691 1416 729 fis
1440 691 1563 743 juffus
1578 709 1591 736 ;
1624 700 1704 729 tam
1735 700 1773 729 te
1804 691 1846 729 in

447 761 543 799 aedes
564 770 646 798 tuas
668 758 813 796 restitui
833 767 1022 810 oportere,
1053 759 1079 796 si
1113 771 1134 795 e
1152 757 1354 802 vestibulo,
1391 771 1509 810 quam
1540 757 1567 795 fi
1586 771 1634 795 ex
1663 757 1846 796 interiore

447 827 591 866 aedium
610 835 729 879 parte,
751 825 918 877 dejectus
938 825 998 863 fis.

502 897 561 933 Ut
579 907 667 933 vero
682 894 780 945 jam,
803 893 1118 945 Recuperatores,
1150 891 1257 929 n-ul-la
1276 891 1469 929 dubitatio
1486 891 1545 936 fit,
1575 890 1650 929 five
1670 903 1755 928 rem·
1770 890 1848 930 five

445 961 560 1000 verba
578 960 741 1014 spectare
762 959 894 1004 vultis,
910 958 1017 1011 ¹quin
1037 958 1247 997 secundum
1268 972 1336 996 nos
1352 958 1552 1010 judicetis,
1582 958 1754 996 exoritur
1778 956 1847 996 hic

440 1029 539 1080 jam,
560 1027 709 1066 obrutis
733 1026 843 1064 rebus
864 1025 1048 1064 omnibus
1069 1034 1107 1062 et
1128 1025 1301 1077 perditis,
1323 1025 1390 1062 il-la
1408 1023 1591 1069 defensio,
1612 1038 1703 1062 eum
1731 1024 1847 1076 dejici

445 1094 563 1149 poffe,
595 1094 664 1147 qui
684 1103 771 1132 tum
790 1091 996 1146 poffideat3
1028 1092 1097 1144 qui
1118 1106 1196 1130 non
1216 1091 1413 1145 poffideat,
1445 1091 1554 1130 nullo
1580 1091 1698 1130 modo
1728 1091 1844 1145 poffe.

446 1164 596 1216 Itaque,
628 1161 654 1200 fi
674 1174 747 1214 ego
766 1160 836 1198 fim
857 1173 877 1197 a
897 1160 974 1198 tuis
995 1160 1139 1198 aedibus
1161 1159 1344 1212 dejectus,
1376 1159 1523 1203 restitui
1543 1172 1622 1198 non
1642 1167 1818 1212 oportere
1831 1177 1845 1204 ;

447 1229 473 1267 sl
493 1229 572 1282 ipse
593 1229 652 1273 fis,
674 1236 863 1280 oportere.
885 1226 1075 1271 Numera,
1097 1240 1216 1278 quam
1231 1226 1357 1264 multa
1376 1227 1416 1264 in
1432 1226 1500 1264 ista
1519 1225 1737 1264 defenfione
1756 1224 1848 1264 falsa

448 1296 535 1342 fint,
558 1295 645 1334 Piso
662 1309 672 1333 ε
703 1307 747 1333 ac
767 1294 943 1346 primurn
973 1292 1072 1330 illud
1092 1293 1259 1337 attende,
1292 1302 1329 1330 te
1343 1293 1427 1346 jam
1447 1305 1495 1331 ex
1525 1292 1593 1330 illa
1611 1292 1757 1330 ratione
1776 1291 1848 1330 effe

448 1361 667 1415 depulsum,
689 1359 795 1412 quod
818 1360 982 1412 negabas
1001 1373 1242 1412 quemquam
1273 1358 1388 1411 dejici
1409 1358 1526 1412 poffe,
1559 1359 1628 1396 nisi
1649 1359 1719 1411 qui
1739 1359 1779 1396 in
1800 1372 1847 1397 eo

447 1429 534 1466 loco
550 1427 694 1466 fuerit:
726 1439 844 1470 nunc,
866 1425 934 1477 qui
956 1425 1152 1478 poffideat,
1173 1438 1279 1470 eum,
1309 1424 1426 1463 etiam
1449 1424 1474 1462 fi
1495 1437 1573 1463 non
1593 1424 1710 1463 fuerit
1729 1425 1769 1462 in
1800 1438 1848 1463 eo

448 1496 553 1539 low,
571 1494 687 1546 dejici
717 1491 820 1546 poffe
840 1491 1034 1530 concedis.
1067 1492 1149 1530 Cur
1168 1504 1260 1544 ergo
1290 1499 1356 1529 aut
1386 1491 1428 1529 in
1454 1491 1553 1529 illud
1572 1491 1846 1543 quotidianum

447 1560 713 1605 interdictum,
736 1557 834 1598 Unde
852 1558 908 1596 ille
925 1572 979 1597 me
997 1558 1042 1596 vi
1057 1556 1191 1610 dejecit,
1214 1556 1381 1602 additur,
1411 1572 1490 1596 cum
1506 1572 1566 1610 ego
1576 1557 1791 1610 pqffi'derem,
1819 1557 1847 1595 fi

448 1627 563 1679 dejici
584 1638 701 1664 nemo
722 1623 857 1677 potest,
887 1623 957 1676 qui
977 1637 1056 1662 non
1081 1623 1241 1677 poffidet
1257 1642 1268 1669 ;
1300 1632 1366 1662 aut
1395 1623 1436 1661 in
1469 1622 1545 1662 hoc
1579 1623 1845 1669 interdictum,

451 1695 512 1733 De
530 1692 726 1732 hominibus
745 1691 912 1736 armatis,
941 1704 1021 1729 non
1040 1691 1208 1735 additur,
1239 1691 1264 1729 fi
1285 1699 1438 1744 oportet
1462 1690 1593 1743 quaeri,
1629 1689 1844 1743 possederit,

449 1773 570 1798 necne
588 1760 600 1796 ?
633 1759 762 1811 Negas
783 1757 911 1811 dejici,
931 1757 999 1796 nifi
1021 1757 1089 1810 qui
1109 1757 1303 1810 poffideat.
1339 1757 1525 1803 Ostendo,
1547 1757 1572 1795 fi
1594 1757 1671 1795 fine
1692 1757 1845 1795 armatis

449 1825 632 1864 coaffisve
652 1824 880 1863 hominibus
903 1823 1071 1876 dejectus
1091 1824 1296 1877 quisquam
1323 1824 1381 1869 fit,
1404 1838 1510 1869 eum,
1533 1824 1601 1876 qui
1622 1823 1785 1861 fateatur
1811 1823 1848 1860 se

448 1891 632 1944 dejecisse,
654 1891 806 1929 vincere
826 1890 1039 1942 sponfione,
1060 1890 1087 1928 fi
1107 1890 1293 1935 ostendat,
1315 1904 1406 1928 eum
1422 1903 1499 1928 non
1516 1889 1723 1942 poffediffe.
1758 1889 1845 1927 Ne-

447 1972 512 2010 gas
533 1957 663 2009 dejici,
685 1956 754 1994 nisi
774 1956 843 2008 qui
863 1956 1058 2008 poffideat.
1092 1956 1264 1994 Ostendo
1284 1969 1331 1994 ex
1349 1955 1424 1994 hoc
1446 1956 1663 2000 interdie’co,
1695 1956 1759 1994 De
1777 1970 1845 1993 ar-

448 2025 553 2063 matis
574 2022 781 2068 hominibus,
813 2022 882 2075 qui
902 2022 1013 2075 poffit
1031 2022 1226 2061 ostendere
1249 2036 1326 2061 non
1345 2022 1538 2076 poffediffe
1557 2036 1663 2068 eum,
1686 2023 1762 2074 qui*
1776 2022 1845 2060 de—

442 2093 566 2143 jectus
588 2090 647 2135 fit,
675 2089 926 2127 condemnari
953 2097 1082 2127 tamen
1104 2089 1313 2142 sponfionis
1334 2089 1479 2128 neceffe
1508 2089 1594 2135 effe,
1626 2089 1652 2127 fi
1682 2087 1846 2127 fateatur

449 2157 519 2196 effe
539 2157 747 2209 dejectum.

502 2224 678 2262 XXXII.
711 2222 934 2275 Dupliciter
950 2220 1129 2261 homines
1151 2222 1411 2275 dejiciuntur3
1443 2233 1508 2261 aut
1527 2223 1603 2261 fine
1623 2221 1761 2261 coactis
1782 2234 1844 2259 ar·-

449 2290 604 2329 matisve
624 2289 868 2334 hominibus,
889 2298 954 2326 aut
971 2302 1037 2341 per
1053 2289 1240 2341 ejusmodi
1258 2291 1461 2334 rationem,
1490 2299 1528 2327 et
1544 2289 1637 2327 vim.
1666 2288 1731 2327 Ad
1751 2288 1844 2325 duas

448 2357 645 2395 diffimiles
667 2370 723 2394 res
742 2356 819 2394 duo
839 2355 1017 2408 dejune‘m
1036 2355 1235 2393 interdicta
1261 2355 1362 2394 sunt.
1396 2355 1442 2393 In
1466 2355 1532 2392 illa
1552 2355 1591 2393 vi
1619 2354 1846 2407 quotidiana

449 2437 525 2462 non
542 2423 627 2462 satis
648 2423 701 2461 est
721 2421 822 2476 poffe
838 2422 974 2461 docere
993 2421 1028 2463 se
1048 2422 1254 2474 dejet‘tum,
1289 2421 1356 2461 nisi
1383 2421 1578 2460 ostendere
1596 2421 1722 2474 poffit,
1751 2434 1844 2459 cum
