2201 2792
641 207 985 246 ACTIONIS
1028 207 1081 245 11.
1142 207 1349 245 LIBER
1390 208 1439 244 V.
1654 223 1731 260 459

344 318 381 341 re
399 305 571 350 militari,
591 318 668 343 non
685 305 921 343 severitatem
939 305 1105 357 imperii,
1124 318 1200 343 non
1220 318 1376 357 poenam
1394 303 1543 356 flagitii,
1566 304 1651 341 tolli
1671 304 1730 340 di-

344 384 390 408 co
409 381 596 424 oportere.
630 373 766 410 Fateor
786 385 863 409 non
886 372 1004 410 modo
1024 373 1064 409 in
1085 371 1220 416 socios,
1254 371 1313 408 sed
1334 371 1452 408 etiam
1472 371 1512 408 in
1533 370 1634 408 cives
1655 370 1732 407 mi-

344 436 505 490 litesque
525 437 684 483 nostros,
718 438 878 490 persaepe
898 437 970 475 effe
991 438 1111 476 severe
1141 451 1183 475 ac
1205 436 1454 476 vehementer
1477 437 1732 475 vindicatum.

344 503 474 554 Qare
494 502 576 542 haec
598 517 752 556 quoque
772 504 1037 556 praetermittas
1059 503 1163 542 licet.

404 569 474 607 LI.
507 570 593 621 Ego
627 569 783 621 culpam
804 583 881 606 non
903 570 942 606 in
970 567 1183 612 navarchis,
1216 568 1278 606 sed
1298 569 1337 605 in
1359 577 1410 613 te,
1442 567 1551 606 fuifl'e
1571 567 1735 605 demon-

345 634 444 673 stro:
478 645 513 674 te
530 636 654 688 pretio
675 636 819 673 milites
841 635 1080 687 remigesque
1099 634 1277 673 dimififfe
1293 649 1424 687 arguo.
1448 636 1540 672 Hoc
1558 632 1738 672 navarchi

346 701 487 752 reliqui
507 702 644 738 dicunt
662 715 670 738 :
703 700 778 739 hoc
800 701 1039 739 Netinorum
1059 700 1242 740 foederata
1262 701 1394 739 civitas
1425 701 1581 754 publice
1612 700 1708 738 dicit
1726 715 1735 738 z

345 764 421 804 hoc
452 766 718 811 Herbitenses,
754 766 829 805 hoc
861 767 1123 812 Amestratini,
1155 766 1230 805 hoc
1258 766 1467 811 Ennenses,
1496 765 1574 804 hoc
1594 767 1737 818 Agyri·

346 832 491 878 nenses,
513 833 782 884 Tyndaritani,
816 833 1036 879 Locrenses,
1072 834 1228 887 publice
1259 834 1420 871 dicunt:
1452 842 1540 871 tuus
1572 833 1739 884 denique

348 898 465 943 testis,
498 907 586 936 tuus
606 899 827 951 imperator,
850 908 938 937 tuus
959 897 1107 952 hospes,
1131 899 1358 937 Cleomenes
1380 897 1455 936 hoc
1476 898 1584 944 dicit,
1607 897 1678 936 sese
1699 899 1740 935 in

349 974 488 1002 terram
507 964 577 1002 effe
608 964 809 1017 egreffum,
844 966 899 1004 uti
922 965 1117 1017 Pachyno,
1148 980 1168 1003 e
1189 966 1351 1003 terrestri
1377 965 1561 1018 praefidio,
1595 965 1739 1002 milites

349 1031 562 1084 colligeret,
580 1045 675 1083 quos
696 1032 735 1069 in
757 1032 915 1069 navibus
936 1031 1155 1070 collocaret.
1178 1031 1296 1083 Qod
1314 1040 1415 1069 certe
1436 1045 1514 1069 non
1533 1030 1691 1075 feciffet,
1715 1031 1742 1068 si

350 1098 461 1138 suum
481 1111 688 1136 numerum
710 1112 820 1136 naves
840 1097 1046 1136 haberent:
1078 1113 1120 1136 ea
1140 1098 1192 1136 est
1211 1099 1315 1136 enim
1349 1098 1444 1136 ratio
1473 1097 1741 1135 instructarum

349 1174 647 1218 ornatarumque
668 1165 839 1210 navium,
866 1174 909 1203 ut
929 1179 1007 1204 non
1028 1165 1144 1203 modo
1165 1165 1309 1218 plures,
1342 1165 1403 1203 sed
1423 1178 1471 1203 ne
1492 1164 1630 1217 singuli
1651 1163 1741 1216 qui-

349 1232 454 1276 dem,
476 1232 616 1284 poffint
637 1232 826 1269 accedere.

406 1299 510 1336 Dico
537 1307 728 1351 praeterea‚
760 1298 847 1335 illos
869 1298 966 1351 ipsos
997 1299 1163 1350 reliquos
1196 1307 1326 1336 nautas
1357 1297 1474 1342 fame,
1507 1307 1623 1349 atque
1655 1298 1741 1336 ino-

349 1365 413 1418 pia
443 1378 569 1403 rerum
602 1365 783 1402 omnium
798 1395 809 1409 ‚
844 1364 1037 1402 confc&os
1069 1364 1191 1409 fuiffe,
1223 1378 1265 1402 ac
1297 1365 1478 1418 perditos.
1529 1365 1646 1409 Dico,
1681 1373 1744 1402 aut

351 1446 487 1470 omnes
507 1441 611 1470 extra
631 1431 787 1484 culpam
809 1430 931 1476 fuisse,
963 1441 1042 1475 aut,
1074 1432 1099 1469 si
1130 1432 1197 1469 uni
1217 1432 1460 1468 attribuenda
1480 1431 1595 1483 culpa
1614 1431 1672 1475 fit,
1703 1432 1745 1468 in

352 1513 397 1538 eo
417 1499 629 1537 maximam
650 1497 774 1542 fuiffe,
811 1498 878 1549 qui
899 1498 1089 1550 optimam
1110 1511 1260 1542 navem,
1294 1497 1483 1550 plurimos
1504 1507 1651 1542 nautas,
1672 1497 1745 1534 ha-

352 1566 470 1610 beret,
493 1565 691 1602 summum
714 1563 923 1616 imperium
943 1563 1153 1608 obtineret;
1177 1573 1254 1608 aut,
1277 1563 1302 1600 s1
1319 1577 1454 1602 omnes
1473 1564 1514 1601 in
1530 1563 1643 1616 culpa
1657 1562 1745 1601 fue-

354 1631 445 1676 rint,
478 1645 555 1669 non
587 1629 791 1683 oportuisse
823 1630 1076 1667 Cleomenem
1103 1629 1285 1667 constitui
1312 1628 1561 1682 spectatorem
1588 1630 1746 1668 illorum

355 1698 490 1736 mortis
511 1706 625 1748 atque
644 1696 849 1734 cruciatus.
882 1696 985 1733 Dico
1005 1696 1135 1740 etiam,
1167 1695 1207 1732 in
1228 1695 1295 1732 illo
1317 1695 1506 1748 supplicio
1526 1698 1746 1734 mercedem

353 1765 624 1815 lacrymarum,
647 1762 863 1800 mercedem
885 1762 1050 1799 vulneris
1073 1770 1186 1813 atque
1207 1761 1341 1815 plagae,
1364 1761 1582 1799 mercedem
1601 1760 1746 1800 funeris

354 1843 397 1868 ac
417 1829 631 1882 sepulturae,
653 1828 832 1866 constitui
854 1827 955 1865 nefas
977 1827 1099 1865 fuiffe.

413 1897 671 1948 Qapropter‚
693 1894 719 1931 s1
741 1893 840 1931 mihi
861 1893 1082 1946 respondere
1103 1893 1220 1938 voles,
1243 1891 1324 1930 haec
1345 1892 1466 1931 dicito
1484 1908 1491 1930 :
1516 1893 1666 1931 class‘em
1683 1893 1746 1931 in-

356 1962 534 2000 structam
555 1970 669 2013 atque
689 1970 860 1999 ornatam
881 1959 1004 2004 fuiffe,
1039 1959 1194 1997 nullum
1229 1969 1555 2012 propugnatorem
1575 1959 1746 2005 abfuisse,

357 2028 513 2065 nullum
534 2040 700 2064 vacuum
720 2026 924 2064 transtrum
952 2025 1076 2070 fuiffe,
1108 2025 1245 2078 remigi
1266 2039 1347 2064 rem
1367 2024 1658 2064 frumentariam
1678 2026 1749 2064 effe

360 2092 654 2146 suppeditatam‚
677 2092 835 2130 mentiri
854 2090 1076 2136 navarchos,
1094 2091 1249 2129 mentiri
1267 2100 1324 2128 tot
1344 2100 1382 2128 et
1403 2100 1481 2128 tarn
1499 2105 1629 2143 graves
1650 2092 1748 2129 civi-

360 2167 469 2202 tates,
492 2158 649 2195 mentiri
669 2157 785 2195 etiam
809 2157 979 2194 Siciliam
1012 2165 1161 2194 totam:
1193 2156 1392 2208 proditum
1425 2166 1461 2194 te
1490 2156 1562 2194 effe
1583 2170 1602 2193 a
1630 2157 1748 2194 Cleo-

360 2237 487 2269 mene,
509 2223 578 2276 qui
597 2222 633 2260 se
653 2222 793 2260 dixerit
813 2221 925 2260 exiffe
944 2222 984 2259 in
1003 2231 1154 2266 terram,
1183 2230 1226 2259 ut
1246 2220 1427 2273 Pachyno
1449 2221 1650 2259 deduceret
1672 2221 1748 2257 mi-

359 2290 471 2328 lites:
502 2290 678 2327 animum
699 2288 790 2333 illis,
813 2302 890 2326 non
909 2289 1051 2340 copias,
1075 2287 1231 2325 defuisse
1250 2302 1258 2325 :
1282 2288 1547 2330 Cleomenem,
1570 2287 1750 2323 acerrime

360 2365 614 2408 pugnantem,
636 2356 682 2393 ab
703 2354 762 2394 his
785 2356 962 2394 relietum
982 2354 1054 2393 effe
1084 2364 1199 2407 atque
1219 2353 1408 2392 desertum
1427 2368 1436 2390 :
1469 2366 1678 2389 nummum
1700 2353 1750 2390 ob

362 2422 595 2474 sepulturam
612 2422 744 2459 datum
760 2422 922 2459 nemini.
946 2421 1043 2470 Qae
1064 2421 1088 2459 s1
1110 2421 1227 2465 dices,
1250 2420 1446 2458 tenebere:
1479 2418 1531 2455 fin
1548 2418 1617 2455 alia
1634 2419 1750 2462 dices,

362 2502 446 2540 quae
466 2501 486 2525 a
502 2500 567 2525 me
587 2487 685 2525 dicta
704 2487 804 2533 sunt,
828 2501 904 2525 non
925 2487 1120 2526 refutabis.

1233 2550 1280 2587 M
1305 2563 1342 2586 m
1366 2562 1403 2586 m
1430 2562 1449 2586 2
