2201 2792
550 144 679 184 PRO
712 142 850 181 SEX.
881 140 1140 179 ROSCIO
1170 141 1526 181 AMERINO.
1699 157 1746 193 ῳ

339 244 479 282 domus
500 240 636 279 referta
655 240 747 278 vasis
770 238 1001 285 Corinthiis,
1020 249 1057 277 et
1073 238 1258 284 Deliacis,
1273 239 1313 277 in
1335 239 1478 292 quibus
1499 239 1551 276 est
1572 237 1752 290 authepsa
1808 260 1811 261 ν

338 309 418 353 illa,
440 320 560 360 quam
581 315 688 345 tanto
708 306 832 359 pretio
862 319 985 359 nuper
1006 314 1202 344 mercatus
1219 305 1286 350 est,
1309 313 1367 350 Ut,
1395 304 1464 357 qui
1484 314 1752 357 praetereuntes

336 375 508 428 pretium
530 374 748 412 enumerari
767 373 985 417 audiebant,
1003 371 1025 410 s
1024 372 1175 411 undum
1191 372 1320 411 venire
1339 372 1627 410 arbitrarentur.
1647 370 1755 421 Qid

337 448 518 494 praeterea
547 439 669 478 caelati
701 439 849 492 argenti
868 439 880 476 ?
913 438 1009 491 quid
1043 438 1216 491 stragulae
1246 437 1358 476 vestis
1380 438 1392 474 ?
1433 437 1530 490 quid
1564 436 1755 489 piel-arum

337 506 560 545 tabularum
578 507 591 544 ?
623 506 719 559 quid
739 505 965 558 fignorum?
1000 505 1097 557 quid
1119 505 1322 543 marmoris
1354 504 1456 557 apud
1476 503 1592 541 illum
1613 502 1755 555 putatis

340 573 441 612 effe?
472 575 650 612 Tantum
672 572 832 618 scillcet,
854 581 1046 625 quantum
1067 585 1087 609 e
1107 571 1259 617 multis,
1292 570 1576 624 splendidisque
1596 568 1757 606 familiis

340 641 381 678 in
403 641 516 679 turba
534 650 574 678 et
593 640 736 693 rapinis
758 639 971 678 coacervari
991 652 1066 677 una
1086 639 1127 677 in
1149 639 1268 677 domo
1288 638 1432 691 potuit.

396 707 607 746 Familiam
627 719 715 745 vero
735 715 936 760 quantam,
968 715 1006 744 et
1026 719 1145 758 quam
1165 705 1277 744 variis
1298 719 1391 744 cum
1412 703 1584 742 artificiis
1605 702 1757 742 habeat.

341 775 439 828 quid
458 788 529 828 ego
549 774 707 813 dicam?
739 774 866 813 Mitto
899 772 1010 812 hasce
1040 782 1137 811 artes
1169 772 1360 826 vulgares,
1392 784 1552 824 coquos,
1585 769 1758 823 pistoreS.

342 841 570 882 lesticarios.
603 841 745 881 Animi
765 850 803 880 et
823 841 976 880 aurium
996 840 1105 879 causa
1125 849 1183 879 tot
1201 839 1382 879 homines
1403 838 1534 884 habet,
1563 847 1607 876 ut
1627 836 1760 890 quoti-

345 909 460 948 diano
493 918 611 948 cantu
643 897 808 954 vocum,
839 917 878 947 et
907 921 1114 947 nervorum
1129 937 1140 954 ‚
1171 916 1210 946 et
1243 907 1442 951 tibiarum,
1488 903 1761 955 nocturnisque

346 976 534 1014 conviviis
570 983 650 1013 tota
683 975 861 1013 vicinitas
894 974 1084 1027 personet.
1146 976 1191 1013 In
1226 973 1298 1012 hac
1333 974 1424 1017 vita,
1454 972 1625 1024 Judices,
1666 983 1762 1022 quos

347 1040 525 1093 sumptus
556 1039 819 1093 quotidianos,
856 1053 952 1092 quas
983 1039 1183 1078 effusiones
1216 1040 1299 1077 fieri
1332 1039 1476 1091 putatis
1496 1039 1509 1075 ?
1541 1038 1641 1088 Qae
1676 1049 1765 1073 vero

349 1106 556 1144 convivia?
587 1105 759 1150 honesta,
781 1106 910 1150 credo,
932 1105 972 1142 in
992 1104 1179 1157 ejusmodi
1201 1104 1321 1143 domo
1335 1122 1348 1149 3
1380 1104 1407 1141 si
1428 1103 1568 1141 domus
1589 1102 1671 1140 haec
1693 1100 1763 1139 ha-

349 1170 474 1209 benda
492 1171 546 1209 est
567 1171 711 1224 potius,
733 1183 852 1222 quam
873 1171 1028 1208 officina
1048 1170 1246 1222 nequitiae,
1264 1178 1303 1207 et
1322 1168 1575 1207 diversorium
1596 1167 1765 1220 flagitio-

349 1250 439 1276 rum
460 1237 657 1276 omnium.

404 1303 489 1357 Ipse
513 1317 602 1342 vero
622 1302 961 1356 quemadmodum
982 1302 1197 1356 composito
1217 1310 1255 1340 et
1276 1301 1452 1339 delibuto
1471 1300 1614 1353 capillo
1633 1299 1768 1352 paffim

349 1384 417 1424 per
435 1370 569 1410 forum
599 1370 737 1409 volitet
757 1383 851 1408 cum
873 1383 1012 1422 magna
1038 1378 1187 1408 caterva
1208 1377 1444 1422 togatorum,
1467 1367 1621 1411 videtis,
1651 1366 1768 1418 Judi-

349 1451 437 1483 ces;
470 1447 514 1476 ut
534 1449 670 1476 omnes
690 1436 887 1489 despiciat,
919 1445 962 1474 ut
982 1435 1188 1474 hominem
1222 1449 1297 1488 prae
1329 1434 1365 1472 se
1395 1434 1597 1473 neminem
1629 1441 1739 1486 putet
1755 1450 1767 1477 ς

350 1514 396 1543 ut
415 1503 451 1543 se
470 1504 597 1543 solum
618 1503 791 1548 beatum,
814 1502 939 1541 solum
959 1511 1177 1556 potentem,
1213 1510 1339 1555 putet.
1383 1502 1483 1552 Qae
1503 1513 1592 1538 vero
1612 1499 1769 1543 efficiat,

346 1579 386 1610 et
406 1584 492 1623 quae
512 1578 688 1615 conetur,
710 1569 737 1608 fi
758 1568 878 1608 velim
898 1582 1220 1614 commemorare,
1242 1581 1388 1613 vereor,
1413 1566 1587 1619 Judices,
1613 1578 1661 1603 ne
1682 1564 1769 1617 quis

352 1637 571 1690 imperitior
590 1636 798 1681 existimet,
814 1650 878 1675 me
897 1636 1048 1674 causam
1070 1635 1301 1680 nobilitatis,
1318 1634 1599 1686 vietoriamque
1614 1631 1773 1671 voluisse

354 1704 514 1749 laedere;
546 1703 696 1743 tametsi
718 1716 807 1741 meo
822 1703 909 1754 jure
929 1702 1095 1754 poffum,
1127 1703 1153 1740 fi
1172 1702 1268 1754 quid
1288 1702 1328 1739 in
1348 1700 1421 1739 hac
1448 1709 1554 1752 parte
1572 1698 1673 1737 mihi
1693 1711 1775 1736 non

356 1770 518 1823 placeat,
540 1770 769 1822 vituperare.
802 1768 899 1807 Non
918 1768 1024 1806 enim
1056 1780 1200 1811 vereor,
1229 1780 1277 1804 ne
1298 1766 1385 1818 quis
1413 1764 1585 1803 alienum
1605 1776 1668 1802 me
1687 1763 1774 1801 ani-

346 1849 471 1874 ›mum
491 1834 664 1874 habuiffe
685 1848 705 1872 a
725 1833 834 1872 causa
854 1833 1069 1872 nobilitatis
1090 1833 1298 1872 existimet.

409 1903 584 1942 XLVII.
618 1903 754 1941 Sciunt
773 1901 815 1947 ii,
838 1901 906 1954 qui
927 1915 991 1939 me
1012 1909 1170 1946 norunt,
1193 1913 1257 1938 me
1277 1913 1346 1952 pro
1366 1898 1432 1936 illa
1452 1898 1574 1942 tenui,
1596 1896 1774 1935 infirma-

346 1984 433 2023 ·que
453 1980 571 2024 parte,
594 1969 859 2023 (posteaquam
880 1969 933 2014 id,
958 1968 1063 2022 quod
1091 1968 1264 2007 maxime
1284 1966 1406 2011 volui,
1429 1964 1510 2003 fieri
1531 1978 1609 2003 non
1629 1963 1774 2017 potuit,

358 2046 402 2075 ut
422 2037 739 2090 componeretur)
756 2036 795 2074 id
815 2036 988 2074 maxime
1006 2034 1228 2080 defendiffe,
1246 2043 1290 2072 ut
1306 2033 1335 2072 ii
1355 2033 1567 2077 vincerent,
1585 2031 1653 2084 qui
1670 2031 1776 2069 vice-

359 2112 463 2141 runt.
503 2103 603 2155 Qis
624 2103 731 2140 enim
748 2112 840 2147 erat,
862 2102 930 2154 qui
952 2116 1028 2139 non
1050 2101 1206 2146 videret,
1238 2099 1507 2138 humilitatem
1528 2111 1622 2136 cum
1643 2096 1777 2150 digni-

360 2178 437 2207 tate
457 2168 504 2206 de
535 2168 794 2221 amplitudine
825 2168 1084 2206 contendere?
1117 2181 1195 2219 quo
1217 2167 1257 2205 in
1278 2165 1488 2204 certamine
1513 2164 1653 2218 perditi
1680 2162 1775 2200 civis

346 2244 451 2280 erat,
466 2248 544 2272 non
565 2234 602 2273 se
617 2234 663 2272 ad
679 2235 928 2287 eosjungere,
947 2234 1090 2287 quibus
1109 2233 1391 2278 incolumibus,
1409 2241 1447 2270 et
1467 2230 1576 2269 domi
1593 2228 1775 2280 dignitas,

359 2311 398 2339 et
417 2300 510 2340 foris
531 2301 748 2346 auetoritas,
771 2301 1012 2339 retineretur.
1032 2301 1130 2352 Qae
1150 2299 1317 2353 perfecta
1334 2298 1419 2342 esse,
1441 2306 1479 2335 et
1499 2296 1611 2334 suum
1632 2292 1777 2345 cuique

361 2367 566 2412 honorem,
589 2377 627 2405 et
643 2368 806 2420 gradum
829 2367 1041 2412 redditum,
1069 2367 1233 2420 gaudeO,
1251 2366 1422 2417 Judices,
1451 2361 1778 2411 vehementerque

363 2434 498 2479 laet0r3
530 2448 649 2486 eaque
669 2436 801 2473 omnia
823 2436 998 2473 Deorum
1030 2434 1242 2477 voluntate,
1273 2431 1397 2468 studio
1428 2427 1563 2480 populi
1589 2426 1776 2470 Romani,

365 2499 536 2545 consilio,
558 2510 596 2538 et
616 2500 795 2553 imperio,
818 2510 856 2539 et
876 2500 1062 2540 felicitate
1083 2501 1132 2539 L.
1156 2498 1281 2549 Syllae,
1305 2495 1404 2547 gesta
1424 2493 1494 2532 effe
1514 2492 1705 2547 intelligo·

1374 2563 1419 2600 M
1454 2574 1475 2600 2
