2201 2792
539 200 616 239 216
966 200 1056 239 IN
1128 198 1509 240 VERREM

534 301 635 338 viros
656 299 850 338 audituros
871 299 1118 338 existimasti?
1150 301 1305 339 Petatur
1323 299 1521 338 haereditas
1542 312 1598 346 ea,
1629 312 1713 352 quae
1734 298 1841 338 nulla
1866 299 1935 338 de-

537 366 661 410 betur,
694 366 734 404 in
755 366 919 418 praedam
941 366 1143 404 Praetoris?
1174 367 1435 418 interponatur
1466 379 1609 404 nomen
1629 367 1825 404 civitatis?
1856 366 1935 404 im·

534 441 698 486 ponatur
729 430 893 469 honestae
923 432 1069 469 civitati
1099 432 1310 484 turpiffima
1340 431 1497 484 persona
1524 433 1762 471 calumniae?
1795 432 1937 484 Neque

534 498 611 536 hoc
632 497 755 536 solum
772 516 783 541 ;
816 497 876 535 sed
896 498 949 535 ita
969 511 1030 535 resv
1045 506 1190 549 agatur,
1223 506 1266 535 ut
1286 511 1333 535 ne
1353 498 1544 536 fimulatio
1567 499 1726 551 quidem
1747 497 1935 550 aequitatis

536 566 615 603 ulla
645 564 870 603 abhibeatur
887 564 900 600 ?
946 564 1067 608 Nam,
1104 577 1170 616 per
1204 565 1308 602 Deos
1339 564 1576 602 immortales
1594 593 1605 609 ,
1639 565 1734 617 quid
1767 563 1935 608 interest,

535 640 669 669 utrum
690 632 832 668 Praetor
851 630 1027 682 imperet,
1053 630 1168 682 vique
1188 639 1300 682 cogat
1319 630 1491 682 aliquem
1510 630 1557 668 de
1576 629 1649 668 suis
1672 630 1783 668 bonis
1804 630 1936 668 omni-

535 698 607 735 bus
629 697 809 735 decedere
825 714 836 740 ς
869 709 915 733 an
936 695 1159 747 hujusmodi
1184 697 1384 747 judicium
1403 696 1483 741 det,
1504 710 1584 749 quo
1597 696 1763 748 judicio,
1794 696 1939 734 indicta

536 763 656 808 causa,
679 763 844 801 fortunis
867 762 1050 799 omnibus
1071 762 1187 800 everti
1208 762 1352 801 necesse
1372 763 1448 803 fit?

586 830 740 867 XVIII.
779 827 955 866 Profecto
986 828 1092 866 enim
1113 841 1249 880 negare
1279 842 1358 867 non
1377 837 1500 881 poteS‚
1533 837 1570 866 te
1590 841 1637 867 ex
1666 829 1752 881 lege
1780 827 1941 880 Rupilia

536 896 659 934 sortiri
673 895 870 947 judicium
890 893 1070 939 debuisse,
1086 908 1178 932 cum
1198 895 1407 947 praesertim
1420 894 1626 933 Heraclius
1647 895 1686 932 id
1706 894 1937 947 postularet:

535 962 589 1000 fin
610 961 708 999 illud
727 961 844 1005 dices,
863 969 899 998 te
915 960 1090 998 Heraclii
1110 961 1306 999 voluntate
1325 961 1372 998 ab
1392 961 1476 1012 lege
1491 960 1670 998 receffiffe
1680 978 1692 1004 3
1716 960 1795 1012 ipse
1807 969 1843 998 te
1859 959 1938 997 im-

535 1028 678 1080 pedies,
704 1026 783 1079 ipse
814 1035 857 1064 tu
877 1034 942 1063 tua
962 1024 1177 1064 defensione
1197 1026 1458 1078 implicabere.
1491 1027 1621 1077 Qare
1639 1026 1745 1064 enirn
1764 1022 1940 1078 primum

532 1093 601 1131 ille
635 1093 713 1145 ipse
733 1091 851 1129 adesse
872 1090 1012 1136 noluit,
1044 1104 1137 1129 cum
1157 1105 1205 1129 ex
1224 1105 1270 1130 eo
1289 1105 1452 1130 numero
1471 1091 1623 1144 judices
1641 1090 1814 1136 haberet,
1842 1103 1940 1143 quos

536 1159 769 1212 postularat?
800 1156 951 1202 deinde,
973 1165 1017 1195 tu
1035 1171 1104 1195 cur
1123 1157 1206 1210 post
1225 1158 1329 1195 illius
1348 1157 1485 1210 fugam
1499 1157 1651 1209 judices
1671 1158 1764 1195 alios
1785 1156 1939 1195 sortitus

535 1238 588 1270 es,
609 1224 635 1262 fi
654 1237 732 1268 eos,
765 1223 833 1274 qui
852 1231 958 1260 erant
978 1231 1087 1261 antea
1105 1222 1198 1266 dati,
1220 1222 1419 1274 utriusque
1436 1222 1589 1260 dederas
1610 1222 1808 1261 voluntate
1825 1223 1838 1259 ?
1870 1221 1939 1259 de-

535 1290 638 1334 inde,
661 1298 810 1327 caeteras
831 1288 933 1326 dicas
953 1300 1086 1325 omnes
1107 1287 1178 1325 illo
1197 1286 1281 1326 foro
1302 1288 1366 1326 M.
1390 1287 1609 1326 Postumius
1632 1287 1806 1339 Qaestor
1825 1286 1941 1326 sorti—

537 1364 597 1393 tus
618 1355 696 1393 est:
729 1353 828 1392 hanc
849 1354 966 1392 solam
988 1362 1031 1391 tu
1052 1353 1121 1392 illo
1140 1362 1332 1392 conventu
1354 1354 1535 1406 reperiere
1552 1354 1720 1393 sortitus.

535 1410 540 1415 ⁶
591 1423 712 1473 Ergo,
734 1421 885 1472 inquiet
904 1419 1057 1471 aliquiS,
1080 1419 1236 1457 donavit
1261 1420 1407 1472 populo
1427 1420 1657 1470 Syracusano
1677 1419 1786 1458 illam
1816 1417 1940 1457 haere-

535 1488 713 1526 ditatem.
746 1487 938 1530 Primum,
974 1485 999 1523 fi
1019 1485 1061 1523 id
1078 1485 1255 1524 confiteri
1276 1486 1407 1531 velim,
1441 1494 1571 1524 tamen
1603 1485 1720 1524 istum
1752 1485 1939 1524 condem-

536 1555 650 1598 netis,
685 1551 828 1590 necesse
847 1552 923 1590 est:
955 1564 1080 1603 neque
1097 1552 1205 1589 enim
1225 1550 1450 1605 permiffum
1469 1552 1535 1596 est,
1568 1560 1612 1591 ut
1637 1552 1797 1604 impune
1829 1549 1940 1589 nobis

538 1621 664 1664 liceat,
697 1618 800 1670 quod
819 1617 935 1655 alicui
957 1617 1224 1668 eripuerimus,
1253 1617 1292 1655 id
1312 1617 1420 1654 alteri
1441 1618 1599 1655 tradere.
1630 1617 1779 1654 Verum
1800 1629 1847 1654 ex
1875 1615 1942 1653 ista

538 1685 733 1738 reperietis
767 1683 987 1721 haereditate
1017 1683 1070 1720 ita
1090 1683 1212 1721 istum.
1238 1682 1465 1735 praedatum,
1497 1692 1540 1721 ut
1569 1695 1757 1736 perpauca
1788 1682 1942 1720 occulte

537 1750 698 1795 fecerit;
731 1748 922 1802 populum
958 1748 1117 1800 quidem
1139 1748 1416 1799 Syracusanum
1446 1749 1487 1787 in
1514 1749 1725 1787 maximam
1756 1747 1942 1786 invidiam

538 1815 795 1859 ffiainfamia,
817 1815 941 1852 alieno
960 1816 1133 1867 praemio‚
1155 1814 1387 1867 perveniffe3
1419 1828 1561 1867 paucos
1583 1814 1844 1865 Syracusanos,
1861 1827 1940 1858 eos,

538 1883 607 1935 qui
627 1883 663 1920 se
684 1894 787 1919 nunc
808 1880 965 1932 publice
986 1880 1215 1918 laudationis
1233 1880 1341 1917 causa
1361 1880 1499 1918 veniffe
1519 1881 1668 1924 dicunt,
1686 1888 1723 1917 et
1745 1888 1836 1916 tunc
1854 1893 1942 1931 par-

541 1948 676 1999 ticipes
698 1946 829 1999 praedae
850 1944 972 1989 fuisse,
1008 1953 1045 1983 et
1066 1959 1169 1983 nunc
1192 1959 1269 1983 non
1289 1945 1335 1982 ad
1365 1945 1472 1984 istius
1499 1945 1773 1990 laudationem,
1804 1945 1867 1983 sed
1897 1945 1942 1983 ad

540 2025 794 2052 communem
815 2011 947 2049 litium
968 2011 1256 2050 aestimationem
1282 2011 1433 2050 veniffe.
1472 2012 1719 2064 Posteaquam
1742 2012 1943 2051 damnatus

540 2079 594 2118 est
613 2077 758 2122 absens,
780 2090 856 2115 non
877 2077 1001 2115 solum
1020 2077 1127 2115 illius
1148 2076 1391 2122 haereditatis‚
1406 2077 1451 2114 de
1467 2091 1542 2130 qua
1561 2077 1840 2129 ambigebatur,
1859 2091 1944 2129 quae

541 2154 619 2184 erat
640 2145 731 2182 H-S
755 2144 895 2188 tricies,
917 2143 978 2181 sed
996 2144 1176 2182 omnium
1198 2144 1388 2182 bonorum
1409 2153 1655 2196 paternorum
1678 2144 1792 2196 ipsluS
1814 2145 1941 2182 Hera-

542 2211 623 2256 clii,
643 2224 727 2263 qua:
749 2223 825 2247 non
845 2209 973 2247 minor
992 2219 1069 2247 erat
1096 2211 1272 2262 pecunia,
1299 2210 1476 2263 palaestrae
1504 2210 1835 2262 Syracusanorum,
1866 2208 1943 2247 hoc

542 2278 595 2316 est
615 2277 864 2328 Syracusanis,
887 2275 1056 2328 poffeffio
1077 2277 1250 2315 traditur.

599 2344 697 2394 Qae
718 2343 769 2380 est
790 2342 855 2380 ista
874 2342 1062 2394 praetura?
1092 2343 1220 2394 Eripis
1241 2341 1516 2386 haereditatem,
1539 2355 1623 2393 quae
1644 2350 1793 2379 venerat
1811 2354 1830 2377 a
1850 2355 1941 2393 pro-

545 2410 706 2461 pinquo,
728 2417 878 2446 venerat
907 2407 1144 2452 testamento,
1178 2418 1327 2445 venerat
1357 2408 1533 2460 legibus:
1571 2421 1654 2460 quae
1675 2407 1774 2445 bona
1794 2407 1840 2451 is,
1874 2408 1941 2459 qui

546 2475 815 2514 testamentum
847 2473 953 2520 fecit,
995 2473 1087 2513 huic
1118 2474 1300 2513 Heraclio
1314 2503 1325 2519 ‚
1371 2483 1457 2512 ante
1487 2473 1697 2527 aliquanto,
1738 2486 1856 2525 quam
1889 2472 1940 2510 est
