2201 2792
589 163 935 205 ACTIONIS
978 167 1030 205 11.
1091 167 1405 208 LIBERIII.
1616 174 1692 225 289

287 263 382 301 Non
403 262 638 309 mehercule,
672 278 757 317 quae
777 264 929 317 loquor,
965 264 1173 310 crederem,
1196 265 1367 316 Judices,
1402 267 1547 305 tametsi
1578 268 1695 320 vulgo

287 330 495 374 audieram,
518 331 586 368 nisi
608 344 764 369 mecum
786 331 864 384 ipse
885 331 1011 376 senex,
1045 345 1138 369 cum
1160 330 1273 377 mihi,
1305 341 1419 384 atque
1439 331 1532 370 huic
1554 334 1692 371 volun—

287 397 356 434 tati
375 397 624 435 accusationis
646 411 740 435 meae
762 397 974 449 lacrymans
993 399 1131 451 gratias
1152 407 1292 452 ageret,
1320 399 1471 437 summa
1490 413 1582 437 curn
1603 414 1692 437 auc-

286 463 439 501 toritate
459 463 547 501 efl‘et
568 464 735 502 locutus.
769 465 969 510 Statuitur,
1004 473 1047 503 ut
1067 464 1168 509 dico,
1191 478 1307 517 eques
1329 467 1545 511 Romanus,
1578 480 1695 519 prope

286 542 405 567 annos
428 542 483 567 xc
508 539 632 575 natus,
664 530 704 568 in
726 531 893 583 Apronii
915 531 1107 575 convivio,
1137 545 1228 569 cum
1250 532 1393 570 interea
1411 532 1607 585 Apronius
1629 546 1693 570 ca-

288 604 373 648 put,
401 606 515 648 atque
534 610 575 634 os
597 597 709 634 suum
730 607 928 650 unguento
960 596 1193 650 perfricaret.
1240 598 1349 649 Qid
1380 599 1445 644 est,
1479 598 1599 643 Lolli,
1634 600 1695 636 in-

286 662 405 713 quit?
437 664 517 707 Tu,
540 662 608 700 nisi
639 663 743 701 malo
774 665 939 709 coaetus,
973 666 1070 702 recte
1102 663 1226 702 facere
1255 664 1406 703 nescis?
1439 665 1576 703 Homo
1602 665 1696 717 quid

286 737 442 780 ageret;
475 737 628 774 taceret,
651 729 892 782 responderet
907 749 919 775 3
953 731 1048 783 quid
1067 729 1210 769 faceret
1240 731 1420 784 denique,
1444 731 1510 769 illa
1529 732 1695 770 auditori-

288 803 378 840 tate,
402 805 439 833 et
466 805 574 833 aetate
605 797 800 848 praedstus,
833 797 1037 836 nesciebat.
1070 798 1268 850 Apronius
1293 798 1436 836 interea
1456 812 1623 842 coenam,
1654 812 1696 836 ac

287 861 425 914 pocula
441 862 634 914 poscebat.
666 864 771 901 Servi
792 873 920 902 autem
942 865 1037 917 ejus,
1060 865 1128 917 qui
1150 873 1187 901 et
1209 864 1383 902 moribus
1410 864 1543 903 iisdem
1565 865 1694 909 essent,

288 928 431 980 quibus
453 929 649 974 dominus,
675 941 712 968 et
743 930 1040 983 eodem-genere
1073 945 1115 969 ac
1150 932 1237 969 loco
1270 931 1364 976 nati,
1395 941 1531 984 praeter
1562 931 1695 970 oculos

288 994 412 1032 Lollii
444 993 527 1033 haec
563 997 696 1034 omnia
729 995 916 1035 ferebant.
948 997 1091 1035 Ridere
1125 998 1321 1036 convivae:
1367 997 1588 1036 cachinnari
1619 998 1697 1050 ipse

288 1062 485 1114 Apronius
502 1077 511 1100 ;
534 1062 603 1100 nisi
623 1061 722 1101 forte
742 1063 981 1109 existimatis,
999 1077 1090 1103 eum
1111 1065 1151 1102 in
1172 1064 1277 1109 vino,
1295 1078 1336 1103 ac
1355 1064 1452 1103 luxu
1473 1079 1551 1103 non
1572 1064 1694 1109 rifisse,

289 1128 359 1179 qui
379 1141 484 1166 nunc
504 1129 544 1165 in
564 1129 750 1180 periculo,
785 1139 900 1182 atque
934 1130 1053 1168 exitio
1084 1130 1152 1168 suo
1177 1130 1297 1169 risum
1323 1139 1449 1169 tenere
1470 1145 1544 1169 non
1568 1131 1694 1184 poffit.

289 1194 354 1232 Ne
375 1195 512 1240 multa,
534 1195 689 1246 Judices
700 1215 711 1241 3
744 1195 804 1234 his
826 1197 1073 1236 contumeliis
1094 1198 1227 1236 scitote
1248 1198 1502 1249 QLollium
1521 1200 1697 1237 coa&um

290 1261 337 1299 ad
356 1261 523 1315 Apronii
542 1262 659 1314 leges,
689 1263 1005 1316 conditionesque
1024 1263 1176 1302 veniffe.
1209 1264 1377 1310 Lollius,
1404 1274 1512 1303 aetate
1531 1274 1569 1303 et
1589 1279 1696 1303 mor-

291 1328 341 1366 bo
375 1328 615 1381 impeditus,
650 1330 697 1367 ad
728 1329 995 1368 testimonium
1030 1330 1241 1369 dicendum
1276 1330 1405 1369 venire
1439 1345 1518 1369 non
1553 1332 1695 1384 potuit.

267 1399 271 1401 ’
290 1394 400 1446 Qid
420 1409 517 1448 opus
538 1395 591 1434 est
610 1396 741 1435 Lollio
758 1396 771 1433 ?
802 1397 936 1436 Nemo
956 1396 1031 1435 hoc
1050 1397 1169 1436 nescit
1187 1412 1195 1435 :
1228 1411 1345 1436 nemo
1366 1406 1521 1436 tuorum
1549 1399 1697 1436 amico-

290 1474 393 1506 rum,
409 1475 524 1500 nemo
540 1462 605 1500 abs
627 1471 664 1501 te
684 1463 909 1515 productus,
924 1477 1039 1502 nemo
1058 1464 1328 1516 interrogatuS,
1346 1477 1450 1502 nunc
1472 1464 1506 1502 se
1525 1464 1698 1517 primum

289 1526 366 1565 hoc
387 1527 488 1566 dicet
508 1529 650 1567 audire.
684 1529 747 1567 M.
771 1529 938 1575 Lollius,
969 1531 1050 1582 ejus
1071 1529 1188 1574 filius,
1221 1529 1434 1568 adolescens
1460 1529 1697 1574 lefflffimus,

291 1593 423 1645 praesto
443 1593 519 1638 est,
551 1593 667 1646 hujus
699 1595 812 1633 verba
843 1595 1018 1634 audietis.
1061 1595 1167 1634 Nam
1190 1595 1433 1646 QLollius,
1468 1597 1548 1648 ejus
1579 1596 1696 1640 filius,

292 1659 361 1710 qui
383 1658 581 1697 Calidium
616 1659 819 1705 accusavit,
861 1661 1074 1699 adolescens
1109 1670 1146 1698 et
1181 1661 1318 1705 bonus,
1349 1670 1386 1699 et
1420 1661 1545 1706 fortis,
1587 1670 1625 1699 et
1657 1662 1698 1699 in

291 1724 427 1777 primis
449 1725 623 1770 disertus,
654 1739 747 1764 cum
767 1725 828 1764 his
849 1727 1016 1779 injuriis,
1048 1727 1368 1779 contumeliisque
1389 1736 1624 1772 commotuS,
1657 1728 1698 1765 in

293 1791 465 1829 Siciliam
499 1791 588 1829 esset
623 1791 830 1844 profedffis,
869 1793 909 1831 in
943 1793 1080 1831 itinere
1114 1793 1260 1831 occisus
1295 1793 1373 1831 est:
1417 1794 1526 1845 cujus
1562 1794 1698 1831 mortis

292 1857 443 1895 causam
462 1857 620 1910 fugitivi
641 1858 851 1903 sustinent3
884 1873 922 1897 re
954 1860 1115 1912 quidem
1142 1873 1228 1897 vera
1259 1873 1375 1897 nemo
1406 1860 1445 1896 in
1479 1859 1605 1897 Sicilia
1625 1860 1699 1897 du-

293 1924 404 1968 bitat,
436 1925 532 1976 quin
564 1937 609 1962 eo
639 1925 683 1962 sit
714 1925 875 1971 occisus,
909 1926 1014 1978 quod
1032 1925 1170 1964 habere
1201 1924 1324 1963 clausa
1344 1939 1421 1963 non
1447 1926 1617 1978 potuerit
1638 1926 1701 1964 sua

294 1990 449 2028 consilia
469 1991 514 2028 de
535 1991 666 2030 Verre.
699 1992 771 2030 Iste
801 2006 915 2045 porro
945 2006 1024 2031 non
1058 1992 1274 2036 dubitabat,
1308 1993 1403 2044 quin
1424 1992 1470 2037 is,
1504 1992 1572 2045 qui
1592 2002 1701 2031 antea

295 2056 414 2093 alium
450 2056 574 2094 studio
607 2057 792 2096 adductus
826 2059 1050 2103 accusasset,
1094 2059 1163 2096 fibi
1196 2059 1413 2096 advenienti
1445 2059 1579 2112 praesto
1613 2058 1700 2097 esset

296 2122 463 2167 futurus,
494 2136 588 2160 curn
619 2123 706 2161 esset
737 2125 902 2176 parentis
934 2125 1099 2177 injuriis,
1132 2134 1169 2162 et
1190 2125 1400 2163 domestico
1427 2125 1557 2163 dolore
1588 2139 1698 2163 com-

295 2199 439 2226 motus.

355 2256 508 2294 XXVI.
541 2257 679 2307 Jamne
718 2257 951 2311 intelligitis,
973 2258 1145 2310 Judices,
1179 2272 1265 2310 quae
1292 2257 1419 2311 pestis,
1452 2271 1535 2309 quae
1557 2257 1697 2294 imma-

297 2322 392 2358 nitas
428 2322 467 2359 in
500 2322 616 2360 vestra
651 2323 924 2375 antiquiffima‚
960 2324 1188 2368 fideliffima,
1225 2323 1478 2375 proximaque
1504 2320 1701 2373 provincia

297 2387 437 2424 versuta
457 2388 500 2425 sit
520 2388 532 2425 ?
564 2389 652 2439 Jam
673 2388 823 2435 videtis,
855 2404 973 2443 quam
994 2391 1044 2428 ob
1065 2390 1215 2429 causam
1237 2388 1378 2431 Sicilia,
1410 2396 1467 2424 tot
1491 2386 1698 2424 hominum

297 2462 405 2490 antea
440 2453 565 2499 furta,
596 2457 769 2509 rapinas,
799 2458 1048 2509 iniquitates,
1080 2454 1387 2509 ignominiasque
1413 2453 1592 2506 perpessa,
1623 2467 1700 2492 non

383 2519 454 2557 To
472 2532 522 2558 M.
556 2521 628 2560 IV.
1318 2519 1353 2555 O
1376 2532 1399 2555 o
