2201 2792
522 207 598 246 218
950 208 1040 249 IN
1110 208 1493 249 VERREM

517 318 604 347 tuni
625 308 680 347 sui
700 308 904 348 diffimilis.
936 310 1068 348 Nostis
1099 323 1141 348 os
1171 309 1358 355 hominis,
1389 309 1503 348 nostis
1535 309 1755 348 audaciam:
1789 317 1919 348 tamen

518 384 604 412 tum
625 389 777 413 rumore
807 376 956 428 populi,
988 385 1025 413 et
1045 376 1225 420 clamore,
1248 385 1285 413 et
1305 375 1410 414 furto
1440 376 1641 414 manifesto
1674 375 1826 428 grandis
1847 388 1917 428 pe-

517 442 639 479 cuniae
659 442 901 494 perturbatus
923 441 987 479 est.
1031 442 1114 479 Ubi
1134 442 1169 479 se
1189 441 1360 493 collegit,
1392 451 1502 480 vocat
1521 442 1567 480 ad
1587 442 1622 480 se
1644 441 1915 494 Syracusanos:

516 507 607 558 quia
626 521 703 545 non
734 506 851 559 poffet
882 520 1017 559 negare
1046 507 1093 544 ab
1125 506 1202 544 illis
1234 507 1439 559 pecuniam
1459 507 1616 552 datam;
1649 520 1727 545 non
1747 505 1919 559 quaefivit

516 573 652 624 procul
683 572 873 617 alicunde,
907 573 1055 625 (neque
1083 572 1187 609 enirn
1219 572 1414 625 probaret)
1457 572 1519 610 sed
1546 572 1784 624 proximum,
1820 584 1923 624 pene

516 638 679 676 alterum
700 637 843 684 filium,
876 651 995 691 quem
1015 638 1124 676 illam
1143 638 1349 690 pecuniam
1370 638 1513 676 diceret
1538 637 1753 676 abstuliffe:
1789 637 1918 675 osten-

516 703 573 742 dit
593 704 628 742 se
653 704 806 742 reddere
835 706 1074 742 coaeturum.
1108 704 1204 755 Qi,
1235 704 1482 756 posteaquam
1515 703 1555 742 id
1588 703 1748 748 audivit,
1779 701 1918 741 habuit

515 770 727 822 dignitatis,
757 779 796 809 et
826 766 972 815 aetatis,
993 779 1030 808 et
1059 770 1272 809 nobilitatis
1306 770 1380 808 suae
1414 770 1617 808 rationem.
1659 768 1789 807 Verba
1816 768 1919 822 apud

515 835 687 875 senatum
707 836 827 875 fecit:
860 836 1007 882 docuit,
1043 836 1089 874 ad
1110 836 1145 874 se
1165 836 1265 874 nihil
1286 837 1487 889 pertinere.
1521 838 1583 875 De
1614 836 1698 881 isto,
1726 835 1780 880 id,
1811 834 1918 888 quod

514 915 646 941 omnes
668 903 862 947 videbant,
894 916 1018 955 neque
1039 902 1103 940 ille
1124 903 1283 955 quidem
1304 903 1475 948 obscure,
1508 903 1662 941 locutus
1683 902 1749 939 est.
1781 902 1919 953 Itaque

514 967 571 1006 illi
593 967 813 1019 Syracusani
833 968 994 1005 statuam
1015 967 1142 1021 postea
1162 968 1398 1012 statuerunt5
1430 977 1468 1004 et
1488 968 1534 1012 is,
1562 967 1629 1005 ubi
1649 967 1823 1020 primum
1842 979 1917 1019 po·

511 1035 602 1079 tuit,
623 1034 741 1072 istum
760 1034 931 1085 reliquit,
953 1034 999 1071 de
1018 1034 1296 1086 provinciaque
1316 1033 1483 1071 dccefiit.

567 1102 621 1138 Et
642 1109 771 1139 tamen
791 1100 899 1138 aiunt
929 1113 1020 1138 eum
1041 1100 1151 1152 queri
1181 1099 1298 1138 solere
1324 1113 1620 1153 nonnunquam,
1650 1099 1686 1139 se
1715 1098 1916 1145 miserum,

512 1168 618 1221 quod
650 1181 727 1206 non
757 1167 847 1212 suis,
878 1166 940 1204 sed
970 1166 1127 1205 suorum
1158 1167 1339 1219 peccatiS,
1370 1176 1407 1205 et
1438 1167 1670 1205 criminibus
1703 1174 1915 1219 prematur.

512 1234 749 1274 Triennium
770 1233 1010 1286 provinciam
1025 1233 1225 1271 obtinuisti
1242 1248 1250 1271 :
1273 1246 1390 1285 gener
1407 1233 1547 1271 eleetus
1562 1232 1776 1271 adolescens
1792 1245 1917 1270 unum

513 1315 659 1340 annum
680 1308 811 1338 tecum
830 1298 908 1337 fuit
925 1313 935 1337 ε
968 1298 1123 1345 sodales,
1154 1299 1227 1337 viri
1246 1298 1378 1345 fortes,
1399 1299 1514 1352 legati
1533 1300 1591 1337 tui
1610 1299 1738 1352 primo
1757 1311 1858 1336 anno
1879 1306 1917 1336 te

513 1368 749 1419 reliquerunt
768 1380 777 1404 ε
810 1379 908 1403 unus
929 1365 1074 1417 legatus
1096 1366 1141 1404 P.
1163 1365 1327 1411 Tadius,
1357 1365 1426 1418 qui
1446 1374 1524 1403 erat
1545 1365 1729 1417 reliquus,
1766 1377 1844 1402 non
1864 1363 1919 1402 ita

512 1432 687 1470 multum
708 1441 838 1469 tecum
858 1430 954 1475 fuit;
978 1429 1046 1482 qui
1068 1430 1093 1468 fi
1110 1429 1257 1484 semper
1278 1444 1352 1468 una
1368 1429 1507 1475 fuisset,
1526 1439 1653 1468 tamen
1675 1428 1827 1468 summa
1843 1441 1915 1466 cu-

512 1499 552 1537 ra
572 1508 657 1537 tum
677 1507 765 1543 tuae,
784 1506 870 1535 tum
889 1496 1017 1535 multo
1037 1497 1154 1535 etiam
1173 1498 1294 1549 magis
1315 1497 1387 1535 suae
1406 1495 1519 1534 famae
1539 1495 1772 1549 pepercisset.
1806 1493 1916 1546 Qid

512 1566 578 1611 est,
601 1566 706 1618 quod
727 1574 769 1603 tu
790 1565 882 1602 alios
903 1564 1052 1602 accuses
1071 1565 1084 1601 ?
1116 1564 1211 1616 quid
1231 1564 1296 1609 est,
1333 1564 1588 1615 quamobrem
1610 1572 1719 1615 putes
1752 1571 1788 1599 te
1807 1571 1915 1599 tuam

511 1630 668 1683 culpam
704 1643 781 1668 non
814 1628 931 1666 modo
964 1628 1131 1666 derivare
1153 1629 1193 1665 in
1213 1629 1398 1680 aliquem,
1421 1628 1483 1665 sed
1503 1627 1792 1665 communicare
1823 1639 1916 1663 cum

512 1697 630 1734 altero
652 1694 779 1748 poffe?
816 1695 1084 1732 Numerantur
1114 1693 1180 1730 illa
1200 1694 1292 1731 H-s
1313 1694 1478 1731 ducenta
1502 1692 1784 1745 quinquaginta
1804 1693 1929 1743 Syra?

512 1762 673 1800 cusanis.
705 1761 763 1798 Ea
782 1759 1116 1812 quemadmodum
1147 1759 1193 1796 ad
1221 1758 1336 1796 istum
1368 1757 1493 1810 postea
1518 1772 1584 1811 per
1612 1756 1916 1811 pseudothyrum

512 1835 760 1871 revertantur,
782 1825 923 1863 tabulis
944 1825 1068 1871 vobis,
1089 1834 1126 1862 et
1148 1825 1318 1869 testibus,
1338 1824 1509 1875 Judices,
1531 1824 1690 1876 planum
1712 1822 1865 1860 faciam.

567 1894 680 1931 XXI.
713 1893 775 1929 Ex
802 1890 872 1928 hac
893 1891 1096 1941 iniquitate
1125 1890 1245 1934 istius,
1276 1899 1313 1928 et
1333 1890 1595 1942 improbitate,
1617 1889 1788 1939 Judices,
1808 1887 1913 1940 quod

513 1959 636 2010 praeda
655 1972 701 1995 cx
734 1957 810 1994 illis
832 1956 943 1993 bonis
964 1956 1009 1993 ad
1042 1955 1186 1993 multos
1217 1955 1477 2007 Syracusanos,
1510 1955 1632 1992 invito
1664 1954 1822 2006 popu10‚
1855 1953 1911 1990 se-

512 2034 681 2075 natuque
713 2022 954 2074 Syracusano,
978 2032 1140 2066 venerat,
1173 2032 1209 2059 et
1242 2022 1306 2059 illa
1337 2021 1471 2060 scelera
1500 2035 1566 2074 per
1586 2020 1911 2064 Theomnastum,

511 2099 549 2128 et
579 2087 863 2131 AEschrionem,
900 2096 938 2123 et
972 2086 1302 2137 Dionysodorum,
1333 2095 1371 2124 et
1406 2087 1661 2124 Cleomenem
1691 2084 1913 2122 invitissima

511 2155 666 2193 civitate
686 2152 782 2190 facta
803 2151 902 2194 sunt,
934 2152 1108 2203 primum
1140 2160 1182 2189 ut
1204 2151 1293 2189 urbs
1321 2160 1400 2188 tota
1429 2151 1676 2204 spoliaretur:
1709 2163 1784 2202 qua
1808 2150 1854 2186 de
1874 2162 1912 2186 re

511 2221 606 2258 alius
629 2217 728 2257 mihi
759 2218 867 2255 locus
895 2218 939 2254 ad
971 2217 1179 2254 dicendum
1209 2217 1261 2254 est
1291 2217 1547 2261 constitutu33
1581 2226 1623 2253 ut
1649 2216 1781 2253 onmia
1811 2215 1912 2266 signa

447 2315 451 2319 .
512 2287 578 2324 iste
598 2299 664 2338 per
679 2298 741 2322 eos
761 2283 953 2326 homines,
972 2296 1067 2334 quos
1090 2283 1299 2326 nominavi,
1314 2296 1429 2320 omne
1445 2283 1539 2319 ebur
1553 2295 1599 2319 ex
1620 2281 1763 2318 aedibus
1784 2280 1909 2325 sacris,

510 2365 644 2392 omnes
667 2350 837 2402 undique
857 2349 1004 2386 tabulas
1026 2349 1157 2401 pictas,
1192 2349 1365 2385 Deorum
1398 2348 1562 2399 denique
1584 2347 1793 2390 simulacra,
1827 2360 1911 2397 quse

511 2419 638 2462 vellet,
661 2416 853 2454 auferret:
886 2415 1022 2452 deinde
1043 2424 1086 2452 ut
1119 2415 1157 2451 in
1179 2415 1282 2451 curia
1312 2414 1512 2464 Syracusis,
1536 2426 1652 2464 quem
1685 2413 1815 2449 locum
1851 2411 1910 2449 illi

510 2483 742 2522 buleuterium
774 2491 924 2526 vocant,
956 2479 1216 2518 honestissimo
1250 2479 1350 2524 loco,
1383 2488 1419 2516 et
1440 2479 1540 2531 apud
1572 2478 1656 2516 illos
1691 2477 1908 2522 clariffimo,

510 2551 577 2589 ubi
598 2547 701 2587 illius
722 2547 836 2600 ipsius
858 2548 921 2586 M.
944 2546 1124 2586 Marcelli
1148 2545 1233 2598 (qui
1253 2559 1343 2584 eum
1365 2543 1600 2596 Syracusanis
1622 2544 1768 2589 locum,
1791 2557 1909 2597 quem
