2201 2792
613 181 960 220 ACTIONIS
1003 181 1056 220 ΙΙ.
1116 181 1324 221 LIBER
1362 184 1415 222 ΙΙ.
1643 198 1715 237 241

312 284 420 323 Cum
440 296 528 322 vero
548 282 588 320 in
609 282 890 321 communibus
910 282 1061 335 injuriis
1084 282 1201 321 totIus
1220 284 1428 336 provinciae
1450 283 1599 322 Sthenii
1620 299 1720 338 quo-

310 363 387 402 que
420 349 530 388 causa
559 349 815 394 contineatur,
846 349 1044 401 multique
1075 363 1154 387 uno
1181 358 1355 402 tempore
1387 363 1408 387 a
1437 363 1500 387 me
1529 349 1719 403 hospites,

309 424 426 468 atque
457 415 574 454 amici
604 415 776 469 publice,
808 415 1068 468 privatimque
1088 414 1367 461 defendantur3
1400 415 1572 469 profecto
1603 416 1722 454 vereri

309 495 388 520 non
408 482 541 528 debeo,
573 495 621 520 ne
651 483 739 535 quis
768 480 859 527 hoc,
891 482 996 535 quod
1016 481 1131 527 facio,
1164 496 1241 521 non
1261 482 1453 521 existimet
1484 496 1548 521 me
1578 482 1724 521 summi

309 548 430 587 officii
449 550 595 587 ratione
615 548 844 601 impulsum,
866 550 1124 600 coactumque
1143 547 1353 601 suscepiffe.

364 616 558 654 XLVIII.
591 616 737 668 Atque,
770 623 813 652 ut
833 614 1039 667 aliquando
1059 615 1106 653 de
1126 615 1237 653 rebus
1258 615 1306 653 ab
1326 614 1396 654 isto
1415 616 1598 667 cognitis,
1612 614 1723 667 judi·

310 681 494 734 catisque,
525 691 563 720 et
583 681 629 719 de
643 681 803 733 judiciis
824 681 921 719 datis
952 681 1076 719 dicere
1096 681 1315 720 desistamus
1331 700 1343 727 ς
1375 691 1413 720 et
1433 682 1619 734 quoniam
1639 680 1722 719 fac-

309 757 348 786 ta
365 748 471 787 istius
492 749 533 787 in
567 747 627 786 his
649 747 853 800 generibus
878 748 1032 786 infinita
1057 747 1159 793 sunt,
1191 762 1260 787 nos
1295 749 1459 787 modum
1479 748 1651 801 aliquem
1684 757 1725 786 et

308 814 429 854 finem
449 815 614 854 orationi
648 815 795 860 nostrae,
827 815 1135 868 criminibusque
1165 814 1354 854 faciamus
1371 834 1382 861 ;
1414 829 1535 869 pauca
1562 828 1609 854 ex
1639 814 1724 853 aliis

310 882 514 934 generibus
537 882 749 921 sumemus,
809 880 980 920 Audistis
1002 881 1052 920 ob
1066 882 1131 935 jus
1163 882 1380 920 dicundum
1401 882 1642 933 QVarium
1662 881 1724 919 di-

311 962 409 993 cere,
441 957 702 1001 procuratores
738 948 823 986 suos
856 947 915 985 isti
936 957 1095 986 centum
1115 957 1153 986 et
1174 949 1333 1001 triginta
1352 948 1478 987 millia
1511 946 1725 986 nummum

311 1014 451 1053 dediffe
473 1030 482 1053 :
515 1015 744 1053 meministis
765 1014 951 1067 QVarii
973 1014 1254 1060 testimonium,
1286 1029 1447 1068 remque
1478 1014 1578 1053 hanc
1600 1023 1724 1053 totam

313 1082 362 1120 C.
397 1082 607 1121 Sacerdotis
626 1111 637 1127 ,
683 1080 855 1119 hominis
894 1081 1121 1119 ornatiffimi
1141 1111 1153 1127 ‚
1201 1082 1420 1121 testimonio
1449 1081 1725 1135 comprobari:

312 1148 429 1193 scitis,
462 1149 538 1186 Cn.
573 1147 756 1191 Sestium,
788 1147 852 1185 M.
875 1147 1078 1192 Modium‚
1109 1147 1258 1200 equites
1279 1148 1494 1193 Romanos,
1527 1148 1725 1186 sexcentos

311 1223 491 1268 praeterea
523 1214 624 1252 cives
660 1214 886 1258 Romanos,
932 1213 1152 1266 multosque
1185 1214 1348 1260 Siculos,
1394 1214 1551 1259 dixiffe,
1596 1215 1631 1252 se
1665 1214 1726 1252 isti

311 1281 517 1334 pecuniam
537 1281 588 1320 ob
614 1281 679 1333 jus
701 1280 919 1318 dicundum
945 1279 1097 1318 dediffe.
1131 1281 1192 1318 De
1227 1295 1306 1333 quo
1326 1282 1490 1319 crimine
1524 1280 1620 1333 quid
1654 1293 1727 1333 ego

313 1348 521 1401 disputem,
552 1361 644 1386 cum
680 1346 721 1385 id
755 1355 885 1386 totum
916 1346 1085 1400 pofitum
1115 1347 1160 1385 fit
1187 1347 1228 1385 in
1260 1347 1451 1386 testibus?
1483 1347 1578 1399 quid
1613 1361 1728 1400 porro

278 1413 281 1417 ”
312 1424 572 1468 argumenter,
609 1427 685 1467 qua
705 1414 751 1452 de
782 1427 821 1452 re
841 1414 1016 1452 dubitare
1036 1427 1152 1452 nemo
1172 1414 1284 1467 poffit
1304 1415 1317 1452 ?
1349 1416 1414 1453 An
1435 1413 1510 1452 hoc
1531 1413 1728 1452 dubitabit

312 1482 518 1535 quisquam
549 1481 750 1526 omnium,
782 1481 878 1534 quin
911 1481 943 1519 is
978 1480 1152 1519 venalem
1183 1481 1224 1519 in
1260 1481 1389 1519 Sicilia
1416 1480 1727 1534 jurisdictionem

311 1548 503 1593 habuerit,
535 1548 604 1601 qui
625 1548 763 1586 Romae
784 1556 912 1586 totum
933 1547 1119 1592 edietum,
1151 1556 1266 1599 atque
1285 1547 1418 1585 omnia
1451 1547 1602 1585 decreta
1631 1560 1726 1585 ven-

315 1614 487 1652 diderit?
518 1614 615 1666 quin
646 1613 678 1651 is
710 1613 757 1651 ab
779 1613 918 1651 Siculis
946 1613 997 1651 ob
1029 1613 1180 1651 decreta
1210 1613 1489 1665 interponenda
1519 1613 1727 1666 pecuniam

314 1679 518 1732 acceperit,
550 1678 619 1730 qui
646 1678 710 1716 M.
735 1678 944 1716 Octavium
975 1678 1163 1730 Ligurem
1185 1678 1234 1715 ob
1260 1679 1326 1730 jus
1347 1678 1564 1716 dicundum
1583 1677 1726 1731 popos-'

315 1745 442 1784 cerit?
475 1744 595 1795 Qod
615 1743 721 1781 enim
752 1752 931 1796 praeterea
949 1756 1069 1795 genus
1100 1743 1275 1796 pecuniae
1301 1743 1482 1796 cogendae
1513 1743 1725 1796 praeteriit?

315 1812 420 1865 quod
441 1825 532 1856 non,
564 1811 610 1849 ab
631 1811 815 1849 omnibus
835 1811 918 1849 aliis
939 1811 1192 1864 praeteritum,
1223 1810 1488 1863 excogitavit?
1519 1823 1640 1863 ecqua
1667 1823 1725 1849 res

313 1879 413 1933 apud
434 1879 607 1917 civitates
629 1878 774 1916 Siculas
795 1878 1002 1931 expetitur,
1034 1878 1074 1915 in
1095 1891 1171 1929 qua
1191 1887 1255 1915 aut
1275 1877 1399 1916 honos
1420 1878 1559 1930 aliquis
1579 1878 1637 1923 fit,
1661 1887 1727 1916 aut

314 1946 489 2000 potestas,
520 1954 585 1984 aut
615 1945 848 1998 procuratio,
879 1945 976 1997 quin
1006 1958 1092 1982 eam
1124 1958 1205 1982 rem
1238 1954 1280 1983 tu
1311 1945 1357 1982 ad
1389 1954 1502 1983 tuum
1523 1944 1726 1998 quaestmn,

316 2013 713 2064 nundinationemque
732 2011 943 2050 hominum
965 2012 1174 2050 traduxeris
1194 2012 1207 2048 ?

370 2079 521 2116 XLIX.
554 2078 671 2116 Dicta
689 2076 775 2116 sunt
795 2079 921 2130 priore
951 2079 1098 2116 a&ione
1119 2088 1156 2116 et
1178 2078 1374 2130 privatim,
1406 2089 1443 2117 et
1475 2078 1631 2132 publice
1653 2078 1726 2117 tes-

316 2145 477 2183 timonia
497 2159 505 2182 :
538 2144 654 2196 legati
676 2144 937 2196 Centuripini,
970 2144 1158 2189 Halefini,
1181 2145 1415 2189 Catinenses,
1440 2145 1725 2184 Pauor-mitani-

315 2226 390 2265 que
411 2212 605 2255 dixerunt,
639 2211 852 2248 multarum
873 2220 1049 2263 praeterea
1070 2211 1272 2248 civitatum
1293 2226 1300 2249 :
1334 2213 1417 2263 jam
1438 2226 1525 2251 vero
1545 2211 1727 2265 privatim

318 2278 505 2332 plurimi,
538 2290 707 2330 quorum
727 2291 774 2315 ex
795 2276 1023 2315 testimoniis
1046 2278 1272 2330 cognoscere
1304 2278 1494 2330 potuistis,
1527 2277 1606 2315 totzi
1626 2276 1726 2314 Sici-

318 2345 369 2383 lia
389 2359 455 2398 per
476 2344 688 2382 triennium
710 2345 906 2383 neminem
926 2344 1004 2382 ulla
1023 2346 1063 2382 in
1083 2345 1238 2383 civitate
1260 2344 1469 2383 senatorem
1490 2343 1636 2381 factum
1657 2341 1727 2380 effe

319 2413 463 2464 gratis5
496 2412 709 2458 neminem,
743 2422 786 2450 ut
820 2413 919 2466 leges
953 2426 1088 2450 eorum
1122 2413 1221 2456 sunt,
1255 2411 1468 2462 fitffragiis;
1513 2410 1726 2454 neminem,

321 2478 388 2516 nisi
408 2479 513 2516 istius
536 2479 713 2531 imperio,
745 2489 809 2519 aut
829 2480 949 2519 literis
971 2495 979 2519 :
1012 2489 1125 2532 atque
1147 2480 1185 2517 in
1208 2477 1267 2515 his
1289 2477 1472 2516 omnibus
1493 2477 1726 2516 senatoribus

403 2545 476 2583 To
493 2558 545 2584 M.
578 2545 649 2584 IV.
1335 2544 1374 2580 H
1397 2543 1423 2581 h
