2201 2792
363 144 413 182 62
875 141 1240 181 ORATIO,

359 242 573 286 tolleretur,
603 253 696 279 cum
717 254 737 278 a
756 240 866 280 nullo
885 240 1060 280 defensus
1080 241 1181 280 effet.
1228 242 1320 280 Hoc
1341 241 1511 287 confilio,
1533 250 1646 294 atque
1672 242 1764 282 adeo

360 308 434 346 hac
453 307 620 347 amentia
638 307 808 360 impulfi,
842 321 961 360 quem
994 308 1076 361 ipfi,
1111 322 1202 346 cum
1225 318 1420 361 cuperent,
1447 322 1525 347 non
1556 317 1765 362 potuerunt

359 375 550 420 occidere,
572 388 664 412 eum
679 374 942 427 jugulandum
963 375 1071 413 vobis
1093 375 1344 414 tradiderunt.

415 442 490 480 XI.
528 440 637 491 Qid
671 441 846 493 primum
880 442 1042 492 querar?
1073 451 1139 479 aut
1173 442 1275 480 unde
1304 441 1560 495 potiffimum,
1593 441 1764 493 Judices,

360 507 513 546 ordiar?
544 515 610 544 aut
641 507 760 559 quod,
801 516 866 545 aut
899 520 919 544 a
949 507 1091 559 quibus
1126 508 1316 546 auxilium
1348 510 1507 561 petam?
1540 510 1767 547 Deorumne

360 573 647 611 immortalium
665 573 678 609 ?
708 573 896 625 populine
916 573 1115 611 Romani?
1145 574 1370 620 vestramne,
1393 575 1460 627 qui
1479 575 1672 612 summam
1692 587 1764 626 po-

363 639 533 677 testatem
553 637 718 682 habetis,
739 636 816 676 hoc
838 647 1012 691 tempore
1030 638 1148 677 fidem
1167 640 1375 692 implorem
1394 640 1407 676 ?

417 706 529 743 Pater
548 703 696 742 occisus
727 702 885 750 nefarie,
919 705 1058 743 domus
1089 705 1244 750 obseffa,
1279 706 1326 743 ab
1356 705 1527 744 inimicis
1563 705 1663 743 bona
1697 703 1765 742 ad-

361 780 505 824 empta,
528 769 692 824 poffeffa,
727 770 900 823 direpta;
932 771 1005 809 filii
1024 772 1101 810 vita
1121 771 1269 817 infesta,
1298 772 1391 825 saepe
1410 772 1510 811 ferro
1530 782 1645 824 atque
1674 770 1767 809 infi-

361 838 434 876 diis
463 838 644 890 appetita.
677 837 787 889 Qid
807 838 853 875 ab
874 837 934 876 his
967 848 1024 877 tot
1045 838 1243 877 maleficiis
1264 838 1412 878 sceleris
1444 838 1564 878 abesse
1583 838 1734 876 videtur
1752 839 1765 874 ?

362 905 516 942 Tamen
535 903 617 942 haec
636 903 721 941 aliis
741 903 894 942 nefariis
916 905 1133 950 cumulant,
1155 915 1271 959 atque
1290 906 1480 959 adaugent
1500 921 1509 944 ε
1533 906 1683 943 crimen
1703 904 1766 941 in-

360 970 544 1008 credibile
564 970 794 1022 confingunt
812 985 821 1008 :
854 971 962 1009 testes
983 971 1022 1008 in
1043 970 1164 1016 hunc,
1197 981 1235 1009 et
1255 972 1488 1009 accusatores
1518 970 1678 1022 hujusce
1697 984 1767 1022 pe-

361 1036 477 1074 cunia
510 1045 760 1088 comparant:
792 1034 893 1073 hanc
926 1036 1194 1072 conditionem
1228 1034 1368 1073 misero
1388 1035 1533 1080 ferunt,
1569 1043 1613 1072 ut
1645 1043 1768 1087 optet,

362 1111 496 1140 utrum
529 1102 642 1139 malit
675 1101 839 1139 cervices
874 1101 1016 1139 Roscio
1051 1102 1151 1147 dare,
1184 1115 1232 1139 an
1265 1101 1413 1139 insutus
1446 1102 1488 1139 in
1519 1101 1677 1138 culeum
1701 1115 1770 1153 per

361 1168 561 1206 summum
582 1167 746 1205 dedecus
767 1168 887 1204 vitam
916 1168 1105 1204 amittere.
1150 1168 1334 1204 Patronos
1354 1165 1449 1205 huic
1469 1165 1668 1205 defuturos
1692 1180 1768 1219 pu-

360 1242 564 1277 taverunt3
596 1232 744 1270 desunt⁴
792 1232 874 1282 Qi
908 1232 1027 1270 libere
1047 1232 1161 1277 dicat,
1194 1232 1261 1284 qui
1289 1245 1381 1269 cum
1401 1232 1476 1270 fide
1507 1231 1697 1278 defendat,
1727 1233 1770 1271 id

360 1299 469 1351 quod
489 1299 530 1336 in
550 1296 622 1335 hac
653 1295 762 1334 causa
782 1296 835 1334 est
854 1296 954 1342 satis,
985 1297 1171 1349 quoniam
1192 1297 1351 1349 quidem
1371 1297 1530 1351 suscepi,
1560 1311 1639 1337 non
1668 1299 1769 1338 deest

360 1363 549 1418 profe&o,
571 1363 742 1414 Judices.

417 1432 472 1469 Et
490 1430 645 1469 forsitan
676 1430 716 1467 in
738 1429 974 1483 suscipienda
1007 1431 1114 1469 causa
1134 1439 1275 1470 temere
1296 1431 1486 1485 impulsus
1517 1431 1770 1472 adolescentia

359 1496 544 1535 fecerim:
592 1496 778 1548 quoniam
808 1497 968 1550 quidem
1005 1498 1119 1536 semel
1141 1497 1299 1551 suscepi,
1335 1498 1441 1544 licet,
1468 1498 1658 1544 hercules,
1691 1513 1767 1537 un-

360 1564 480 1615 dique
513 1576 648 1601 omnes
684 1564 725 1600 in
760 1577 824 1601 me
855 1573 1027 1609 terrores,
1066 1565 1310 1617 periculaque
1338 1565 1586 1618 impendeant
1621 1566 1767 1611 omnia,

361 1630 594 1674 succurram,
626 1639 739 1683 atque
765 1629 915 1668 subibo.
950 1632 1114 1668 Certum
1134 1631 1200 1676 est,
1231 1631 1578 1684 deliberatumque,
1610 1645 1696 1684 quae
1721 1632 1769 1670 ad

361 1695 512 1733 causam
532 1695 721 1747 pertinere
741 1695 916 1740 arbitror,
948 1697 1080 1734 omnia
1099 1696 1315 1734 non'modo
1336 1696 1474 1742 dicere,
1496 1710 1632 1736 verum
1651 1698 1768 1736 etiam

361 1762 540 1806 libenter,
562 1761 750 1806 audacter,
783 1761 979 1814 libereque
1000 1763 1137 1801 dicere.
1182 1763 1305 1802 Nulla
1324 1777 1379 1803 res
1400 1773 1505 1802 tanta
1525 1764 1671 1809 existat,
1693 1766 1767 1814 Ju-

362 1828 481 1872 dices‚
514 1836 557 1865 ut
577 1827 688 1880 poffit
708 1828 788 1865 vim
816 1827 916 1865 mihi
946 1830 1132 1880 majorem
1154 1829 1334 1867 adhibere
1355 1838 1496 1874 metus,
1519 1843 1637 1881 quam
1658 1829 1766 1868 fides.

363 1894 524 1932 Etenim
545 1894 631 1945 quis
653 1902 732 1930 tam
753 1892 933 1931 diffoluto
953 1895 1084 1931 animo
1104 1895 1169 1939 est,
1206 1895 1287 1946 qui,
1322 1894 1404 1933 haec
1425 1908 1518 1933 cum
1539 1896 1677 1941 videat,
1708 1906 1767 1934 ta-

362 1973 461 2003 cere,
493 1973 534 1997 ac
566 1959 760 2011 negligere
791 1959 935 2010 poffit?
969 1961 1122 1998 Patrem
1143 1974 1292 2005 meum,
1314 1974 1405 1999 cum
1425 1961 1661 2014 proscriptus
1691 1977 1769 2001 non

363 2026 465 2070 esset,
491 2024 693 2077 jugulastis
712 2043 723 2069 3
756 2025 927 2063 occisum
948 2027 987 2063 in
1009 2027 1311 2080 proscriptorum
1332 2041 1541 2066 numerum
1562 2029 1741 2068 retulistis
1755 2049 1769 2075 ς

364 2105 430 2130 me
459 2090 577 2130 domo
607 2104 692 2128 mea
718 2104 784 2143 per
813 2092 894 2129 vim
923 2093 1148 2145 expulistis3
1180 2093 1461 2146 patrimonium
1495 2108 1631 2133 meum
1652 2096 1768 2148 poffi-

363 2158 474 2196 detis.
509 2157 616 2213 Qid
638 2157 752 2195 vultis
774 2158 940 2210 amplius
959 2159 971 2194 ?
1003 2159 1170 2197 etiamne
1199 2160 1245 2197 ad
1277 2159 1450 2198 subsellia
1476 2175 1568 2199 cum
1589 2161 1689 2199 ferro
1709 2172 1767 2199 at-

364 2238 440 2277 que
472 2223 556 2261 telis
586 2223 752 2267 venistis,
784 2233 827 2261 ut
857 2223 922 2262 hic
954 2234 1019 2263 aut
1047 2226 1251 2278 juguletis,
1288 2236 1353 2264 aut
1385 2227 1651 2265 condemnetis
1681 2229 1765 2266 Sex.

366 2290 553 2328 Roscium
579 2290 591 2327 ?

421 2357 514 2393 XII.
547 2357 764 2394 Hominem
786 2357 900 2410 longe
921 2357 1210 2396 audaciffimum
1232 2372 1352 2411 nuper
1373 2358 1581 2397 habuimus
1603 2359 1643 2397 in
1670 2359 1768 2397 civi-

367 2430 442 2460 tate
461 2422 507 2459 C.
528 2422 758 2468 Fimbriam,
777 2433 814 2461 et
835 2425 939 2476 quod
961 2425 1059 2462 inter
1075 2438 1208 2463 omnes
1230 2426 1389 2469 constat,
1406 2426 1472 2463 nisi
1488 2427 1585 2464 inter
1605 2439 1682 2470 eos,
1701 2426 1768 2478 qui

365 2488 435 2541 ips1
456 2501 611 2541 quoque
632 2489 837 2536 insaniunt,
861 2491 1153 2530 insanissimum.
1206 2493 1258 2537 Is,
1285 2505 1376 2530 cum
1398 2492 1554 2532 curaffet
1575 2492 1615 2530 in
1635 2491 1769 2530 funere
