2201 2792
548 216 624 243 212
972 203 1062 242 IN
1137 203 1518 243 VERREM

544 299 756 339 Racilium.
788 299 942 352 Judicia
970 281 1192 352 hujusmodi
1204 319 1216 345 3
1248 301 1324 352 Qei
1348 302 1443 340 cives
1463 301 1618 340 Romani
1640 309 1762 346 erant,
1775 300 1818 353 st
1834 298 1953 340 Sicult'

543 365 658 420 ffnt,
678 367 801 417 tumst
816 380 932 405 eorum
951 366 1083 418 legibus
1102 365 1188 404 dare
1207 375 1397 419 oporteret.
1419 367 1496 418 Qci
1507 366 1629 411 Siculi,
1635 367 1678 418 st
1691 367 1788 406 cives
1806 368 1943 405 Roma-

544 433 587 471 ni
612 433 728 486 qffi’nt.
761 433 923 477 Verum,
959 441 1002 470 ut
1036 441 1164 470 toturn
1198 446 1317 484 genus
1344 433 1658 486 complefflimini
1686 433 1945 485 judiciorum,

543 499 650 550 prius
666 500 753 551 jura
773 498 1006 542 Siculorum,
1036 498 1174 536 deinde
1194 498 1299 535 istius
1319 498 1504 543 instituta,
1525 499 1759 551 cognoscite.

600 564 716 602 XIII.
749 562 867 601 Siculi
887 562 963 600 hoc
977 563 1065 614 jure
1085 562 1186 607 sunt,
1214 571 1270 607 ut,
1292 563 1397 615 quod
1417 563 1509 601 civis
1531 576 1623 601 cum
1647 563 1732 601 cive
1750 571 1851 616 agat,
1867 561 1944 600 do·

541 629 602 667 mi
633 637 751 667 certet
781 628 855 666 suis
886 628 1063 680 legibus:
1096 628 1201 680 quod
1231 628 1381 666 Siculus
1402 642 1495 666 cum
1516 628 1647 667 Siculo
1674 640 1755 666 non
1772 627 1945 680 ejusdem

544 694 725 739 civitatis,
760 703 804 732 ut
834 693 881 731 de
910 707 956 731 eo
977 695 1118 732 Praetor
1142 693 1294 745 judices
1326 707 1374 732 ex
1395 695 1439 732 P.
1462 694 1615 746 Rupilii
1646 694 1811 739 decreto,
1838 690 1948 746 quod

543 760 576 798 is
607 760 653 798 de
683 760 817 798 decem
848 760 1063 812 legatorum
1083 759 1267 798 sententia
1286 760 1428 804 statuit,
1459 772 1577 812 quam
1609 760 1733 813 legem
1765 759 1825 797 illi
1853 759 1945 796 Ru-

544 826 680 878 piliam
700 834 851 869 vocant,
883 825 1071 863 sortiatur.
1103 825 1222 876 Qod
1241 826 1409 878 privatus
1441 838 1461 863 a
1490 826 1636 880 populo
1654 825 1766 878 petit,
1787 832 1853 862 aut
1872 837 1949 876 po·

544 892 659 944 pulus
678 905 699 929 a
719 891 890 944 privat03
922 890 1071 929 senatus
1103 904 1152 928 ex
1171 891 1300 943 aliqua
1331 892 1500 937 civitate,
1532 892 1605 944 qui
1623 891 1788 943 judicet,
1820 890 1949 934 datur,

543 970 636 995 cum
655 957 808 995 alternae
841 956 1012 994 civitates
1044 956 1187 1008 rejectae
1207 957 1307 995 sunt.
1350 958 1472 1008 Qod
1488 957 1582 995 civis
1600 956 1804 995 Romanus
1833 968 1857 993 a
1882 955 1948 994 Si-

543 1023 634 1061 culo
654 1023 765 1076 petit,
797 1022 949 1060 Siculus
970 1022 1093 1073 judex
1113 1022 1236 1060 datur.
1280 1023 1399 1073 Qod
1420 1022 1571 1060 Siculus
1597 1036 1618 1060 a
1636 1023 1719 1061 cive
1749 1023 1950 1066 Romano,

542 1089 637 1126 civis
658 1089 859 1126 Romanus
880 1088 1004 1126 datur.
1037 1089 1271 1126 Caeterarum
1302 1100 1431 1126 rerum
1447 1088 1577 1126 ‘selecti
1600 1088 1767 1140 judices,
1797 1087 1950 1126 civium

543 1154 816 1192 Romanorum
835 1167 884 1192 ex
913 1162 1108 1192 conventu
1137 1154 1302 1206 proponi
1323 1154 1456 1191 solent.
1490 1155 1595 1191 Inter
1615 1163 1776 1192 aratores
1804 1162 1846 1191 et
1876 1153 1946 1190 de-

542 1232 746 1263 cumanos,
776 1219 859 1270 lege
877 1217 1142 1262 frumentaria,
1164 1231 1282 1269 quam
1303 1218 1558 1256 Hieronicam
1577 1219 1784 1271 appellant,
1799 1217 1951 1270 judicia

544 1283 659 1322 fiunt.

598 1350 696 1387 Haec
719 1348 850 1387 omnia
869 1347 940 1385 isto
961 1349 1123 1386 Praetore
1156 1362 1232 1386 non
1263 1348 1381 1386 modo
1407 1349 1644 1400 perturbata,
1669 1348 1739 1386 ,sed
1765 1348 1881 1401 zplane
1907 1356 1947 1385 et

543 1415 696 1459 Siculis,
727 1423 766 1452 et
798 1414 948 1452 civibus
983 1414 1170 1452 Romanis
1199 1424 1332 1467 erepta
1362 1415 1474 1453 sunt:
1508 1415 1681 1467 primum
1707 1414 1781 1452 suae
1808 1412 1944 1466 leges;

543 1480 649 1532 quod
682 1480 775 1518 civis
810 1493 903 1517 cum
922 1479 1004 1516 cive
1030 1489 1168 1531 ageret,
1199 1489 1374 1517 autenm
1403 1480 1592 1532 judicem,
1627 1493 1743 1532 quem
1765 1492 1947 1517 commo-

544 1548 639 1584 dum
659 1556 752 1591 erat,
786 1559 1016 1598 praeconem,
1049 1545 1306 1598 haruspicem,
1334 1547 1533 1584 medicum
1561 1547 1672 1584 suum
1694 1546 1832 1583 dabat:
1864 1553 1949 1590 aut,

544 1614 569 1650 si
593 1613 742 1664 legibus
763 1621 840 1649 erat
856 1612 1052 1662 judicium
1073 1612 1342 1657 constitutum,
1374 1622 1411 1650 et
1431 1612 1476 1649 ad
1497 1613 1623 1650 civem
1645 1612 1754 1650 suum
1771 1611 1947 1663 judicem

542 1688 738 1723 venerant,
775 1678 894 1715 libere
915 1678 990 1715 civi
1005 1678 1178 1729 judicare
1200 1692 1276 1715 non
1292 1679 1448 1716 licebat,
1478 1678 1666 1716 Edictum
1682 1679 1792 1715 enim
1812 1676 1945 1716 homi-

544 1745 603 1781 nis
625 1743 856 1795 cognoscite,
889 1756 968 1794 quo
988 1743 1112 1781 edicto
1143 1744 1274 1781 omnia
1298 1744 1445 1796 judicia
1470 1745 1663 1796 redegerat
1688 1744 1729 1781 in
1750 1743 1853 1781 suam
1874 1755 1946 1795 po-

541 1809 716 1846 test-atem
733 1828 744 1853 ;
778 1809 821 1846 Si
836 1809 899 1861 qui
908 1817 1100 1860 perperam
1107 1808 1362 1862 judicqſjessst
1380 1808 1606 1861 cognilm·unz
1619 1825 1633 1846 .·
1663 1809 1945 1860 cum-cognqsbet,

545 1874 889 1926 animadvepfitrum.
936 1873 1059 1923 quue
1086 1886 1180 1910 cum
1211 1873 1396 1917 faciebat„
1432 1886 1548 1910 nemo
1582 1873 1797 1916 dubitabat,
1834 1872 1944 1923 quin,

547 1953 637 1976 reum
655 1938 773 1989 judex
796 1937 916 1973 alium
937 1937 982 1973 dc
1003 1937 1069 1974 suo
1083 1938 1234 1988 judicio
1254 1946 1363 1990 putet
1382 1938 1667 1989 judicaturum,
1697 1938 1809 1989 seque
1836 1937 1876 1974 in
1903 1951 1953 1975 co

541 2005 681 2055 capitis
703 2002 919 2055 periculum
940 2002 1150 2047 aditurum,
1181 2003 1419 2041 voluntatem
1442 2003 1580 2056 spectet
1607 2004 1702 2055 ejus,
1735 2016 1852 2055 quem
1873 2003 1948 2040 sta-

550 2069 687 2106 timde
709 2069 832 2120 capite
864 2067 930 2105 suo
961 2077 1069 2120 putet
1098 2070 1389 2124 judicaturum5
1425 2070 1559 2107 Seleffi
1592 2084 1613 2107 e
1641 2079 1848 2114 conventu,
1884 2078 1951 2106 aut

542 2135 729 2187 -propofiti
749 2148 794 2171 ex
817 2134 1115 2185 negotiatoribus
1131 2136 1295 2186 judices,
1314 2135 1427 2173 nulli.
1450 2137 1689 2188 Haec-copia,
1705 2149 1821 2188 quam
1843 2135 1946 2179 dico,

548 2201 735 2244 iudicum,
758 2199 894 2237 cohors
917 2213 992 2236 non
1015 2201 1278 2251 QScaevohe,
1301 2203 1368 2254 qui
1390 2210 1516 2240 tamen
1535 2202 1581 2239 de
1601 2201 1760 2239 cohorte
1775 2201 1843 2238 :sua
1862 2201 1949 2237 dare

549 2280 626 2304 non
658 2266 813 2310 solebat,
847 2265 907 2302 sed
941 2267 987 2302 C.
1020 2267 1162 2303 Verris.
1209 2268 1439 2318 Cujusmodi
1470 2267 1670 2305 cohortem
1701 2266 1841 2318 putatis
1868 2265 1949 2303 ‘hoc

548 2332 722 2384 principe
742 2330 877 2368 fuiffe?
910 2330 1018 2368 ficuti
1040 2332 1175 2369 videtis
1195 2333 1365 2370 edictum
1383 2352 1393 2377 ς
1417 2333 1460 2371 Si
1476 2330 1948 2385 quidperperamjudicarit

536 2400 699 2450 stncztns.
736 2397 840 2434 Eum
861 2409 1016 2448 quoque
1036 2397 1244 2441 ostendam,
1268 2398 1292 2435 s1
1309 2398 1462 2449 quando
1479 2398 1522 2434 sit
1540 2397 1661 2441 datus,
1678 2399 1810 2434 coactu
1827 2396 1946 2442 istius,

549 2462 653 2513 quod
673 2476 749 2500 non
771 2462 934 2509 senserit,
950 2462 1145 2514 judicasse.
1193 2463 1254 2501 Ex
1276 2463 1358 2516 lege
1379 2463 1538 2516 Rupilia
1557 2462 1703 2501 sortitio
1724 2463 1843 2508 nulla,
1877 2461 1947 2500 nifi
