2201 2792
712 164 1057 204 ACTIONIS
1088 164 1141 203 II.
1201 165 1410 204 LIBER
1442 167 1492 205 V.
1721 171 1795 222 461

410 273 614 317 parentum
634 264 742 303 lustu
760 273 875 317 atque
895 264 1089 316 lacrymis,
1125 272 1163 301 te
1182 263 1261 301 mei
1282 265 1451 302 nominis
1483 269 1801 307 commemoratio

411 332 629 384 mitigavit:
653 332 726 370 tibi
745 331 955 370 hominum
970 331 1240 369 innocentium
1255 330 1406 384 sanguis
1427 345 1504 370 non
1525 333 1643 370 modo
1661 335 1800 387 volup-

410 399 493 443 tati,
516 398 576 437 sed
596 399 711 437 etiam
733 399 905 452 quaestui,
927 397 1017 437 fuit.

456 465 568 503 LIII.
601 467 698 504 Haec
717 466 745 503 fi
766 465 837 503 tibi
858 474 946 503 tuus
967 477 1101 517 parens
1119 463 1275 508 diceret,
1295 463 1412 517 posses
1434 465 1480 503 ab
1496 478 1541 503 eo
1561 466 1712 503 veniam
1733 480 1801 518 pe-

410 539 490 568 tere
508 532 520 568 ?
551 531 686 584 poffes,
719 542 763 570 ut
783 532 856 569 tibi
875 531 1100 584 ignosceret,
1133 530 1320 583 postulare
1338 530 1351 566 ?
1384 531 1478 569 Satis
1499 531 1551 569 est
1570 531 1718 570 fanum
1741 534 1802 570 Si-

410 597 523 642 culis,
546 598 631 636 satis
653 598 797 642 officio,
826 611 868 635 ac
887 596 1166 641 neceffitudini‚
1190 596 1362 646 Judices,
1395 597 1480 635 satis
1501 597 1684 650 promiffo
1710 612 1802 636 mu-

408 663 503 707 neri,
521 676 567 701 ac
581 672 750 715 recepto.
782 663 950 714 Reliqua
968 662 1021 699 est
1039 675 1080 700 ea
1100 661 1221 706 causa,
1246 662 1418 713 Judices,
1440 677 1525 715 quae
1546 677 1623 701 non
1638 665 1720 716 jam
1741 679 1801 702 re-

408 737 531 781 cepta,
563 729 625 766 sed
644 730 773 766 innata
787 748 798 773 3
832 742 957 781 neque
989 728 1109 766 delata
1129 729 1174 766 ad
1194 741 1272 773 me,
1304 728 1366 766 sed
1386 729 1426 768 in
1447 730 1586 775 anima,
1619 730 1802 783 sensuque

408 807 509 839 meo,
541 795 693 847 penitus
715 795 827 832 affixa
845 803 960 846 atque
979 794 1089 832 insita
1107 794 1183 832 est:
1216 808 1300 846 quae
1320 807 1397 832 non
1418 794 1463 832 ad
1490 795 1680 834 sociorum
1702 796 1802 834 salu-

408 870 504 906 tem,
526 861 588 899 sed
605 861 651 898 ad
671 861 818 899 civium
840 862 1123 906 Romanorum,
1145 860 1221 898 hoc
1241 860 1306 905 est,
1328 862 1374 899 ad
1395 862 1692 914 uniuscujusque
1712 863 1800 901 nos-

407 936 528 972 trum,
561 928 681 965 vitam
705 936 742 964 et
761 927 1000 979 sanguinem,
1022 928 1202 980 pertinet.
1235 927 1280 964 In
1303 941 1380 979 qua
1396 928 1518 965 nolite
1550 942 1571 966 a
1591 942 1666 973 me,
1698 929 1801 980 quasi

406 993 573 1032 dubium
594 994 639 1032 fit
658 994 819 1046 aliquid,
841 1003 1078 1047 argumenta,
1104 994 1275 1045 Judices,
1297 996 1491 1046 expec‘tare
1509 1010 1518 1033 ε
1551 996 1694 1040 omnia,
1717 1009 1802 1048 quae

408 1060 535 1098 dicam
556 1061 602 1098 de
621 1061 812 1113 supplicio
832 1061 977 1098 civium
998 1061 1281 1105 Romanorum,
1303 1060 1354 1098 fic
1382 1070 1495 1098 erunt
1515 1062 1615 1099 clara
1633 1071 1670 1099 et
1690 1062 1800 1099 illus-

406 1128 491 1172 tria,
514 1136 558 1166 ut
578 1127 623 1165 ad
643 1140 685 1164 ea
715 1127 909 1180 probanda
928 1137 1050 1165 totam
1081 1127 1254 1164 Siciliam
1281 1127 1416 1165 testem
1446 1127 1627 1166 adhibere
1646 1128 1798 1180 posfim.

406 1194 531 1232 Furor
550 1195 656 1232 enim
678 1194 852 1246 quidam,
874 1194 1020 1232 sceleris
1042 1203 1079 1232 et
1099 1193 1263 1232 audaciae
1284 1207 1429 1239 comes,
1445 1195 1551 1232 istius
1572 1194 1800 1233 effrenatum

406 1261 597 1305 animum,
620 1261 963 1313 importunamque
992 1269 1181 1304 naturam,
1217 1269 1320 1297 tanta
1340 1260 1519 1313 oppreffit
1540 1261 1718 1305 amentia,
1758 1271 1801 1298 ut

406 1339 609 1379 nunquam
629 1326 821 1364 dubitaret
841 1327 881 1364 in
902 1335 1096 1364 conventu
1118 1325 1246 1378 palam
1266 1325 1465 1378 supplicia,
1481 1340 1565 1378 qua:
1585 1327 1626 1364 in
1642 1328 1800 1364 convic-

407 1402 465 1430 tos
487 1392 666 1430 maleficii
688 1393 810 1431 servos
832 1393 1038 1431 constituta
1068 1392 1168 1437 sunt,
1191 1405 1233 1430 ea
1259 1392 1299 1430 in
1320 1393 1420 1430 cives
1439 1393 1638 1431 Romanos
1661 1407 1799 1446 expro-

406 1473 522 1498 mere.
546 1460 676 1512 Virgis
709 1473 827 1511 quam
849 1459 993 1497 multos
1017 1459 1210 1503 ceciderit,
1244 1459 1339 1510 quid
1359 1473 1429 1512 ego
1460 1473 1765 1498 commemorem
1786 1461 1797 1497 ἓ

405 1527 582 1564 Tantum
614 1525 829 1563 breviffime
860 1526 965 1569 dico,
1000 1522 1155 1575 Ju'dices
1175 1539 1183 1562 :
1222 1525 1376 1563 nullum
1409 1525 1485 1563 fuit
1519 1528 1694 1570 omnino,
1731 1526 1800 1565 isto

407 1593 584 1637 Praetore‚
608 1592 648 1629 in
678 1590 754 1629 hoc
785 1605 920 1644 genere
942 1591 1157 1628 discrimen.
1197 1591 1329 1642 Itaque
1344 1592 1425 1643 jam
1448 1593 1723 1630 consuetudine
1754 1593 1801 1629 ad

405 1671 563 1711 eorpora
583 1658 731 1696 civium
758 1657 1043 1701 Romanorum,
1080 1657 1197 1694 etiam
1234 1657 1309 1694 fine
1338 1658 1445 1696 istius
1467 1668 1578 1703 nutu,
1609 1658 1800 1697 ferebatur

405 1737 540 1762 manus
561 1724 640 1777 ipsa
657 1724 836 1761 Lifmris.

458 1791 568 1829 LIV.
602 1790 714 1829 Num
736 1799 841 1842 potes
862 1789 938 1827 hoc
959 1802 1107 1842 negare,
1131 1789 1282 1834 Verres,
1305 1789 1344 1827 in
1365 1787 1449 1827 foro
1470 1790 1649 1842 Lilybaei,
1671 1791 1797 1828 maxi-

403 1870 470 1895 mo
491 1866 698 1902 conventu,
721 1857 769 1894 C.
790 1856 1007 1901 Servilium,
1030 1856 1154 1894 civem
1176 1857 1417 1900 Romanum,
1445 1857 1485 1893 in
1509 1865 1702 1895 conventu
1723 1857 1798 1894 Pa-

403 1923 623 1961 normitano
643 1932 810 1960 veterem
841 1922 1135 1975 negotiatorem,
1168 1921 1214 1959 ad
1235 1921 1417 1966 tribunal,
1451 1931 1536 1960 ante
1556 1922 1668 1975 pedes
1697 1931 1799 1968 tuos,

403 1988 450 2025 ad
471 1998 609 2026 terram
637 1989 753 2040 virgis
786 1997 824 2025 et
854 1988 1076 2026 verberibus
1111 1987 1337 2039 abjedtum?
1368 1987 1482 2025 Aude
1516 1987 1592 2025 hoc
1623 1987 1799 2040 primum

403 2066 555 2106 negare,
577 2054 603 2091 fi
624 2063 745 2106 potes.
776 2054 909 2092 Nemo
930 2053 1095 2104 Lilybaei
1115 2052 1205 2097 fuit,
1227 2053 1322 2104 quin
1343 2053 1507 2098 viderit;
1540 2067 1655 2091 nemo
1675 2054 1716 2091 in
1738 2053 1799 2091 Si-

402 2120 504 2164 cilia,
527 2120 622 2172 quin
643 2120 816 2157 audierit.
850 2120 976 2171 Plagis
997 2118 1220 2157 confed'tum
1252 2119 1340 2156 dico
1361 2132 1380 2156 a
1399 2119 1620 2158 Lit‘toribus
1642 2120 1717 2158 tuis
1738 2120 1797 2156 ci-

401 2199 489 2224 vem
512 2186 752 2231 Romanum,
774 2194 860 2223 ante
881 2185 1014 2223 oculos
1037 2195 1136 2230 tuos,
1161 2184 1379 2223 concidisse.

458 2252 524 2289 Ob
556 2265 673 2304 quam
704 2251 887 2290 causam?
920 2252 990 2289 Dii
1023 2251 1286 2289 immortales!
1320 2251 1466 2290 tametsl
1493 2251 1674 2302 injuriam
1695 2249 1796 2288 facio

400 2318 603 2356 communi
637 2317 768 2363 causat,
804 2327 841 2355 et
870 2318 949 2370 juri
984 2318 1162 2356 civitatis.
1202 2318 1317 2369 Qafi
1348 2317 1453 2355 enim
1485 2315 1595 2368 poffit
1615 2315 1686 2352 effe
1719 2315 1795 2353 ulla.

399 2383 520 2427 causa,
547 2397 615 2421 cur
634 2383 710 2421 hoc
735 2384 919 2436 cuiquam
950 2385 1025 2422 civi
1047 2385 1226 2422 Romano
1255 2385 1342 2435 jure
1373 2382 1533 2425 accidat,
1566 2381 1618 2418 ita
1649 2395 1792 2432 quaero,

400 2463 484 2501 quae
518 2450 559 2486 in
590 2450 750 2487 Servilio
784 2450 892 2488 causa
924 2450 1054 2488 fuerit.
1087 2449 1278 2501 Ignoscite
1309 2449 1349 2486 in
1379 2447 1453 2485 hoc
1487 2461 1577 2491 uno,
1600 2447 1790 2497 Judiccs:

400 2516 441 2552 in
462 2516 605 2554 caeteris
627 2516 731 2554 enim
758 2529 834 2554 non
856 2529 1086 2569 magnopere
1116 2515 1241 2553 causas
1272 2515 1480 2566 requiram.
1511 2515 1687 2552 Locutus
1717 2522 1794 2551 erat
