2201 2792
547 200 894 240 ACTIONIS
937 201 989 239 II.
1050 201 1262 239 LIBER
1294 203 1346 240 II.
1576 217 1652 257 237

245 303 377 356 aliquo
407 302 492 341 casu
514 301 597 340 fieri
618 302 739 341 solet?
772 302 867 340 Non
889 310 967 340 erat
998 301 1039 340 in
1070 300 1146 340 hoc
1176 315 1301 354 neque
1331 301 1479 340 crimen
1511 302 1652 345 ullum,

246 384 372 422 neque
392 367 647 423 reprehenfio.
679 370 742 407 Ex
762 383 841 421 quo
861 369 981 422 igitur
1000 369 1165 413 crimen,
1186 378 1302 421 atque
1321 367 1511 406 accusatio
1531 367 1654 406 nasci-

245 437 338 474 tur?
369 450 417 475 ex
436 435 646 475 hominum
661 436 827 489 judicio,
848 445 886 474 et
905 435 1117 474 voluntate.

300 505 493 543 LXVIII.
525 506 626 558 Ego,
658 504 685 542 fi
706 504 894 543 Metellus
914 504 1050 542 statuas
1071 516 1252 557 reponere
1273 503 1549 556 Centuripinos
1579 515 1657 540 non

245 570 438 623 coegisset,
460 570 542 610 haec
562 571 756 616 dicerem3
780 571 933 616 Videte,
951 570 1124 622 Judices,
1145 579 1336 622 quantum
1357 578 1396 607 et
1416 582 1535 622 quam
1550 581 1656 606 acer-

246 637 343 676 bum
374 638 548 677 dolorem
583 638 775 677 sociorum
796 648 911 690 atque
931 637 1148 675 amicorum
1171 637 1311 675 animis
1332 635 1532 674 inufferint
1551 635 1657 672 istius

247 704 422 757 injuriae3
455 719 546 743 cum
569 705 918 758 Centuripinorum
939 704 1167 742 amiciffima
1199 713 1237 741 et
1257 703 1475 742 fideliffima
1507 702 1656 746 civitas,

247 786 333 825 quae
352 773 466 810 tantis
488 773 626 811 officiis
657 786 750 810 cum
781 772 930 825 populo
959 773 1140 811 Romano
1170 771 1376 823 conjunsta
1405 770 1472 815 est,
1505 779 1549 808 ut
1580 783 1659 807 non

247 839 372 878 solum
406 840 692 893 rempublicam
726 840 908 885 nostram,
940 839 1002 878 sed
1021 840 1139 878 etiam
1170 840 1211 877 in
1231 838 1368 891 quovis
1395 837 1556 876 homine
1576 837 1658 890 pri-

248 915 336 945 vato
369 920 513 945 nomen
547 907 674 960 ipsum
709 908 979 946 Romanorum
1014 907 1163 960 semper
1197 906 1389 951 dilexerit,
1431 919 1472 943 ea
1500 904 1661 958 publico

249 974 410 1013 confilio
429 983 544 1027 atque
574 976 797 1014 au&oritate
811 975 1010 1027 judicarit,
1042 977 1090 1013 C.
1109 975 1238 1012 Verris
1259 974 1395 1012 statuas
1415 972 1486 1011 effe
1505 973 1546 1010 in
1567 973 1661 1010 urbe

249 1040 314 1078 sua
334 1054 411 1078 non
431 1050 618 1094 oportere.
650 1042 870 1079 Recitarem
892 1042 1042 1079 decreta
1062 1041 1423 1093 Centuripinorum.
1446 1039 1662 1078 Laudarem

250 1106 360 1145 illam
381 1107 579 1145 civitatem
596 1125 608 1152 ς
631 1107 670 1145 id
691 1107 797 1159 quod
817 1107 1004 1145 veriffime
1024 1106 1184 1160 poffem.
1210 1108 1571 1144 Commemorarem
1592 1105 1661 1142 de-

251 1186 339 1211 cem
360 1173 485 1211 millia
515 1173 662 1211 civium
685 1174 1046 1226 Centuripinorum,
1081 1173 1388 1217 fortiffimorum,
1422 1171 1661 1210 fideliffimo-

252 1252 418 1291 rumque
438 1238 629 1276 sociorum
648 1253 657 1276 z
689 1252 752 1277 eos
772 1252 908 1277 omnes
928 1239 1105 1284 flatuiffe,
1136 1240 1411 1277 Momanentum
1431 1237 1527 1290 ssius
1545 1237 1582 1275 in
1588 1237 1664 1290 sua

251 1306 405 1345 civitate
422 1306 558 1344 nullum
577 1305 636 1359 eff&
653 1315 827 1359 oportere.

260 1426 265 1430 .
309 1373 408 1411 Haec
429 1381 516 1411 tum
538 1372 721 1417 dicerem,
743 1373 769 1410 fi
790 1372 926 1411 statuas
948 1372 1137 1411 Metellus
1159 1386 1236 1411 non
1257 1370 1489 1424 reposuisset.
1530 1369 1665 1407 Velim

255 1453 423 1493 quaerere
457 1452 562 1477 nunc
598 1452 645 1477 ex
671 1439 754 1492 ipso
775 1439 955 1485 Metello,
992 1440 1178 1492 quidnam
1210 1439 1274 1477 sua
1306 1439 1345 1476 vi
1375 1447 1413 1476 et
1443 1437 1666 1475 auetoritate

255 1506 357 1545 mihi
378 1520 425 1544 ex
445 1505 517 1544 hac
537 1506 708 1544 oratione
724 1506 951 1559 praeciderit.
976 1506 1122 1544 Eadem
1138 1506 1276 1559 opinor
1295 1505 1427 1544 omnia
1447 1504 1664 1542 convenire.

254 1573 398 1626 Neque
429 1573 549 1617 enirn,
581 1572 608 1610 fi
643 1573 815 1611 maxime
849 1572 977 1610 statuae
1012 1572 1165 1624 dejeffitae
1195 1571 1325 1616 effent,
1356 1584 1416 1609 eas
1451 1583 1522 1623 ego
1556 1569 1666 1607 vobis

255 1641 401 1694 poffem
427 1642 596 1693 jacentes
617 1640 824 1678 ostendere.
858 1641 950 1678 Hoc
970 1654 1048 1678 uno
1076 1649 1199 1677 uterer
1216 1657 1228 1683 3
1261 1640 1457 1677 civitatem
1478 1648 1558 1676 tam
1579 1650 1667 1690 gra-

256 1721 342 1746 vem
365 1707 501 1745 statuas
516 1705 700 1759 judicaffe
722 1708 769 1745 C.
794 1706 924 1744 Verris
945 1706 1219 1744 demoliendas.
1249 1707 1341 1744 Hoc
1362 1704 1461 1743 mihi
1478 1704 1667 1742 Metellus

256 1789 335 1813 non
355 1774 521 1827 eripuit:
553 1772 629 1812 hoc
663 1774 781 1812 etiam
801 1774 961 1819 addidit,
985 1783 1028 1811 ut
1048 1787 1236 1826 quererer,
1269 1773 1295 1810 fi
1330 1771 1429 1810 mihi
1460 1771 1665 1814 videretur,

257 1851 337 1880 tarn
358 1841 494 1893 iniquo
522 1841 609 1893 jure
629 1840 739 1878 sociis
775 1851 888 1894 atque
908 1842 1042 1879 amicis
1063 1841 1257 1893 imperari,
1294 1849 1336 1876 ut
1369 1839 1413 1875 iis
1442 1852 1488 1876 ne
1520 1838 1560 1874 in
1593 1837 1666 1874 suis

256 1909 415 1963 quidem
438 1907 635 1946 beneficiis
656 1908 778 1946 libero
803 1909 955 1961 judicio
976 1909 1032 1946 uti
1064 1908 1195 1945 liceret
1215 1922 1223 1944 ε
1257 1916 1299 1944 ut
1321 1920 1385 1944 vos
1415 1917 1601 1957 rogarem,
1625 1913 1668 1941 ut

257 1975 518 2027 conjesturam
549 1973 736 2020 faceretis,
770 1975 924 2027 qualem
952 1976 991 2013 in
1023 1974 1082 2012 his
1106 1974 1216 2011 rebus
1239 1974 1279 2010 in
1302 1986 1363 2010 me
1384 1973 1431 2010 L.
1456 1970 1668 2009 Metellum

258 2040 368 2080 fuiffe
387 2041 586 2093 putaretis,
621 2041 663 2079 in
683 2042 826 2094 quibus
848 2042 958 2080 rebus
980 2040 1104 2080 obefl'e
1124 2039 1223 2079 mihi
1256 2039 1389 2093 posset,
1423 2051 1515 2077 cum
1536 2037 1576 2075 in
1596 2036 1669 2075 hac

260 2120 299 2145 re
319 2116 399 2145 tam
419 2116 545 2159 aperta
564 2108 774 2160 cupiditate
793 2107 923 2153 fuerit,
946 2109 986 2146 in
1006 2121 1079 2160 qua
1100 2106 1199 2144 nihil
1220 2105 1362 2144 obfuit.
1391 2105 1463 2144 Sed
1483 2118 1555 2157 ego
1575 2104 1670 2142 Me-

259 2173 354 2212 tello
375 2187 451 2212 non
469 2173 618 2219 irascor,
634 2187 756 2226 neque
773 2175 807 2211 ei
828 2175 932 2212 suam
951 2174 1220 2227 purgationem
1236 2173 1373 2226 eripio,
1392 2185 1466 2225 qua
1486 2170 1553 2208 ille
1568 2169 1669 2223 apud

261 2253 395 2279 omnes
417 2241 551 2286 utitur,
574 2250 617 2279 ut
638 2240 737 2279 nihil
759 2242 961 2286 malitiose,
986 2254 1108 2294 neque
1129 2239 1305 2279 consulto
1324 2239 1451 2278 feciffe
1473 2238 1656 2275 videatur.

315 2307 462 2345 LXIX.
498 2308 586 2358 Jam
608 2308 726 2360 igitur
745 2307 798 2345 est
829 2308 880 2345 ita
908 2307 1168 2360 perspicuum,
1205 2316 1246 2344 ut
1268 2319 1403 2358 negare
1433 2317 1509 2342 non
1540 2301 1668 2354 postis,

261 2373 410 2412 nullam
438 2374 510 2412 tibi
530 2374 692 2412 statuam
724 2375 920 2413 voluntate
940 2375 1166 2427 cujusquam
1191 2375 1346 2416 datam3
1380 2370 1526 2408 nullam
1548 2381 1667 2420 pecu-

262 2439 368 2477 niam
386 2440 590 2479 statuarum
615 2442 785 2486 nomine,
808 2442 874 2479 nisi
897 2443 934 2480 vi
954 2441 1160 2494 expreii‘am
1182 2449 1218 2477 et
1239 2440 1422 2476 coactam.
1466 2436 1558 2486 Qo
1578 2435 1670 2487 qui-

264 2506 353 2543 dem
373 2506 414 2543 in
433 2508 597 2545 crimine
618 2522 696 2546 non
717 2509 814 2547 illud
833 2508 956 2547 solum
978 2508 1143 2559 intelligi
1161 2505 1260 2550 volo,
1280 2514 1316 2541 te
1332 2504 1376 2541 ad
1394 2503 1544 2548 statuas,
1560 2503 1666 2541 H-S.

347 2572 487 2611 ToM.
521 2574 592 2612 IV.
1277 2570 1364 2609 141<
