2201 2792
452 208 504 247 90
959 198 1318 238 ORATIO

506 293 636 331 XLV.
668 292 860 340 Primum,
893 309 1009 348 quare
1029 297 1122 335 civis
1154 298 1296 351 optimi
1326 298 1427 337 bona
1451 298 1666 338 venierint:
1699 298 1852 344 deinde,

449 368 567 410 quare
585 358 757 398 hominis
779 361 874 412 ejus,
903 362 971 414 qui
992 376 1115 414 neque
1143 363 1393 418 proscriptus,
1419 378 1541 418 neque
1561 365 1663 418 apud
1682 365 1852 404 adversa-

451 425 526 462 rios
547 426 694 464 occisus
715 427 779 472 est,
809 428 909 465 bona
930 429 1131 474 venierint,
1164 443 1256 468 cum
1276 431 1316 469 in
1338 445 1401 470 eos
1423 431 1519 470 solos
1541 432 1603 470 lex
1624 431 1761 485 scripta
1779 431 1823 469 fit
1841 446 1850 469 :

449 491 601 538 deinde,
637 507 753 545 quare
783 494 979 547 aliquanto
1012 496 1095 549 post
1126 510 1210 535 eam
1242 498 1344 537 diem
1366 499 1566 544 venierint,
1599 512 1683 551 quae
1711 498 1791 536 dies
1812 497 1854 536 in

448 556 533 609 lege
552 559 740 610 praefinita
759 559 834 598 est:
867 560 1016 606 deinde,
1039 575 1107 600 cur
1126 563 1275 601 tantulo
1295 564 1495 603 venierint.
1537 565 1635 615 Qae
1658 563 1790 602 omnia
1810 563 1853 607 si,

448 623 782 674 quemadmodum
802 624 924 665 solent
943 626 1073 665 liberti
1104 641 1269 680 nequam
1301 638 1339 666 et
1363 629 1533 682 improbi
1554 628 1690 673 facere,
1722 628 1763 665 in
1783 641 1854 680 pa-

448 696 607 727 tronum
640 689 753 729 suurn
785 691 948 731 voluerit
977 692 1165 739 conferre,
1196 693 1296 732 nihil
1331 697 1465 747 egerit.
1497 695 1630 733 Nemo
1660 693 1713 731 est
1732 693 1854 738 enim,

448 754 517 806 qui
538 755 692 802 nesciat,
720 767 875 810 propter
895 760 1204 812 magnitudinem
1225 774 1352 799 rerum
1373 761 1497 800 multa
1517 761 1677 806 multOS,
1709 759 1852 813 partim

447 822 690 867 connivente,
713 824 853 875 partim
874 824 1120 878 imprudente
1140 828 1190 866 L.
1213 828 1328 879 Sylla,
1350 827 1593 866 commififfe.

500 887 633 927 Placet
652 889 772 942 igitur
791 890 832 928 in
851 889 913 929 his
934 892 1046 930 rebus
1067 893 1213 946 aliquid
1233 894 1494 946 imprudentia
1514 891 1725 947 praeteriri?
1757 891 1854 931 Non

445 952 586 1005 placet,
600 955 771 1006 Judices,
793 956 856 994 sed
876 958 1019 996 neceffe
1035 958 1100 997 est.
1123 960 1285 997 Etenim
1301 960 1327 997 s1
1344 960 1496 1012 Jupiter
1513 959 1702 1012 Optimus
1718 957 1854 996 Maxi-

446 1031 549 1064 mus,
585 1021 697 1072 cujus
728 1031 827 1059 nutu
857 1031 895 1060 et
915 1023 1072 1061 arbitrio
1103 1024 1256 1068 caelum‚
1288 1033 1399 1069 terra,
1431 1024 1627 1076 mariaque
1652 1031 1853 1076 reguntur,

446 1084 541 1136 saepe
562 1086 684 1124 ventis
705 1085 1076 1133 vehementioribus,
1091 1098 1156 1127 aut
1176 1089 1439 1128 immoderatis
1461 1090 1767 1144 tempestatibus,
1788 1097 1856 1127 aut

444 1150 571 1190 nimio
601 1153 740 1198 calore,
771 1163 836 1191 aut
866 1153 1102 1192 intolerabili
1121 1154 1264 1208 frigore
1294 1156 1523 1194 hominibus
1555 1156 1704 1201 nocuit,
1741 1156 1855 1194 urbes

443 1216 598 1263 delevit,
631 1218 760 1271 fruges
794 1219 960 1271 perdidit
975 1238 987 1265 3
1037 1221 1223 1272 (quorum
1253 1221 1353 1260 nihil
1374 1223 1536 1275 pernicii
1569 1222 1690 1267 causa,
1721 1222 1855 1260 divino

443 1283 617 1329 confilio,
639 1284 702 1323 sed
720 1284 759 1322 vi
778 1284 871 1338 ipsa,
892 1294 931 1324 et
950 1287 1220 1339 magnitudine
1240 1301 1383 1334 rerum,
1405 1288 1553 1328 saetam
1573 1298 1754 1342 putamus
1771 1307 1783 1333 3
1815 1296 1854 1326 at

444 1358 590 1395 contra,
613 1351 833 1397 commoda,
863 1352 1006 1405 quibus
1027 1354 1189 1400 utimur,
1221 1355 1441 1408 lucemque,
1474 1370 1549 1409 qua
1568 1355 1750 1400 fruimur,
1773 1355 1852 1408 spi-

446 1417 658 1469 ritumque,
678 1432 796 1470 quem
817 1419 1013 1465 ducimus,
1033 1421 1080 1458 ab
1100 1434 1145 1458 eo
1165 1422 1277 1460 nobis
1299 1423 1378 1460 dari
1399 1432 1513 1474 atque
1533 1422 1724 1475 impertiri
1743 1421 1853 1460 vide-

445 1484 552 1535 mus)
586 1484 681 1535 quid
702 1485 905 1530 miramur,
941 1486 990 1524 L.
1021 1486 1182 1538 Syllam,
1217 1501 1311 1526 cum
1342 1488 1442 1526 solus
1474 1489 1759 1541 rempublicam
1790 1501 1855 1526 re-

443 1559 562 1602 geret,
595 1550 809 1603 orbemque
843 1560 1029 1590 terrarum
1060 1553 1303 1606 gubernaret,
1335 1554 1568 1608 imperiique
1599 1555 1851 1607 majestatem,

444 1630 562 1668 quam
584 1616 699 1654 armis
720 1626 923 1669 receperat,
955 1617 1106 1670 legibus
1127 1619 1386 1665 confirmaret,
1407 1620 1535 1673 aliqua
1553 1620 1854 1659 animadvertere

442 1696 520 1720 non
541 1682 704 1734 potuisse
719 1700 730 1726 3
762 1682 830 1721 nisi
862 1682 939 1721 hoc
959 1684 1105 1722 mirum
1127 1685 1193 1730 est,
1225 1686 1330 1738 quod
1362 1687 1418 1724 vis
1444 1687 1575 1725 divina
1603 1686 1745 1739 assequi
1772 1700 1851 1726 non

444 1747 568 1801 poffit,
591 1748 616 1786 s1
639 1748 677 1786 id
698 1761 807 1786 mens
825 1747 996 1788 humana
1015 1750 1150 1803 adepta
1169 1764 1247 1789 non
1269 1752 1327 1790 slt.

500 1815 663 1860 Verum,
685 1824 728 1852 ut
747 1814 829 1853 haec
851 1816 957 1854 missa
977 1815 1132 1862 faciam,
1158 1831 1243 1870 quae
1257 1819 1341 1871 jam
1359 1817 1457 1856 faeta
1475 1818 1587 1864 sunt;
1618 1831 1666 1857 ex
1685 1819 1746 1864 iis,
1765 1833 1852 1872 quae

443 1895 548 1920 nunc
575 1882 745 1919 maxime
775 1881 890 1926 fiunt,
926 1896 1055 1920 nonne
1089 1884 1216 1934 quivis
1252 1884 1375 1937 potest
1408 1885 1638 1937 intelligere,
1670 1886 1852 1924 omnium

445 1945 698 1984 architeetum
719 1955 756 1984 et
776 1945 1080 1985 machinatorem
1100 1961 1224 1986 unum
1246 1949 1316 1987 effe
1338 1948 1651 2002 Chrysogonum,
1674 1952 1742 2003 qui
1763 1954 1850 1991 Sex.

447 2012 577 2050 Roscii
597 2025 741 2050 nomen
762 2011 1011 2051 deferendum
1032 2013 1209 2052 curavit?
1241 2016 1333 2055 Hoc
1346 2016 1559 2068 judicium,
1591 2018 1701 2069 cujus
1722 2017 1850 2057 hono-

447 2080 496 2116 ris
518 2077 628 2116 causa
647 2077 820 2116 accusare
840 2078 875 2116 se
896 2079 995 2117 dixit
1013 2080 1195 2119 Erucius

502 2146 525 2170 ἦέ
548 2146 571 2169 ⁴⁸
593 2145 617 2169 ³⁸
639 2153 768 2196 aptam
788 2153 826 2182 et
847 2145 991 2183 ratione
1012 2145 1230 2199 dispositam
1251 2146 1287 2185 se
1307 2144 1446 2186 habere
1466 2148 1698 2195 existimant,
1723 2150 1790 2202 qui
1810 2150 1852 2189 in

447 2210 665 2255 Salentinis,
698 2218 762 2247 aut
796 2209 837 2248 in
867 2211 1011 2250 Brutiis
1041 2211 1197 2259 habent,
1230 2212 1333 2252 unde
1363 2214 1429 2253 vix
1450 2223 1505 2253 ter
1525 2214 1565 2252 in
1595 2228 1695 2253 anno
1722 2215 1852 2254 audire

447 2276 631 2314 nuntium
652 2275 818 2329 potsunt.

502 2342 612 2380 Alter
643 2342 714 2380 tibi
745 2341 938 2380 descendit
967 2342 1012 2381 de
1039 2343 1192 2396 palatio,
1227 2354 1265 2383 et
1284 2345 1429 2384 aedibus
1450 2345 1548 2384 suis:
1581 2344 1698 2384 habet
1728 2347 1849 2386 animi

447 2408 638 2446 relaxandi
669 2408 778 2447 causa
811 2422 874 2447 rus
901 2422 1102 2448 amoenum
1135 2419 1173 2449 et
1207 2410 1492 2457 suburbanum,
1532 2412 1642 2465 plura
1674 2422 1852 2465 praeterea

449 2474 612 2528 praedia,
644 2489 770 2528 neque
790 2484 919 2515 tamen
951 2477 1092 2524 ullum,
1124 2477 1192 2517 nisi
1226 2477 1451 2532 praeclarum
1482 2487 1520 2518 et
1551 2479 1847 2533 propinquum:

531 2542 553 2567 ¹*
576 2542 597 2568 '³⁸
622 2543 645 2568 ³⁸
667 2543 813 2597 Dcstmt
832 2557 899 2584 non
912 2552 1048 2599 pauca.
