2201 2792
492 203 565 243 170
918 185 1008 225 IN
1078 185 1461 226 VERREM

532 289 663 328 XXV.
687 289 779 326 Erat
800 300 930 325 comes
950 288 1031 339 ejus
1053 287 1226 324 Rubrius
1247 285 1422 339 quidam,
1434 284 1556 323 homo
1575 282 1697 323 fastus
1717 283 1764 322 ad
1784 282 1891 322 istius

485 356 694 399 libidines;
726 354 794 407 qui
820 354 920 392 miro
947 352 1123 397 artificio,
1154 365 1405 405 quocumque
1425 360 1590 396 venerat,
1621 350 1703 389 haec
1734 350 1891 388 investi-

485 436 574 475 gare
592 421 724 460 onmia
743 420 898 457 solebat.
942 421 977 457 Is
999 419 1045 457 ad
1066 432 1157 457 eum
1183 433 1265 456 rem
1296 418 1407 456 istam
1434 417 1554 456 defert
1569 436 1581 462 3
1614 416 1894 456 Philodamum

486 488 557 526 effe
577 486 771 540 quendam
791 499 942 538 genere,
974 484 1136 529 honore,
1168 485 1303 537 copiis,
1336 484 1616 523 existimatione
1636 482 1749 522 facile
1781 483 1893 536 prin-

485 555 615 607 cipem
638 551 1016 605 Lampsacenorum;
1049 553 1129 603 ejus
1161 550 1231 589 effe
1257 550 1393 595 filiam,
1426 564 1511 603 quae
1531 563 1624 587 cum
1645 559 1751 602 patre
1777 547 1893 587 habi·

485 630 594 665 taret,
624 628 825 672 propterea
843 619 948 670 quod
968 619 1095 656 virum
1115 631 1193 655 non
1219 616 1390 662 haberet,
1412 616 1617 654 mulierem
1637 615 1781 654 eximIa
1800 614 1893 666 pul-

486 685 722 730 chritudine,
753 684 816 723 sed
836 698 922 723 eam
941 684 1092 722 summa
1111 684 1344 736 integritate,
1378 682 1644 736 pudicitiaque
1669 679 1893 720 existimari.

486 753 639 798 Homo,
669 761 714 790 ut
732 750 814 789 haec
834 751 995 796 audivit,
1030 751 1080 789 fic
1100 750 1234 788 exarsit
1253 750 1299 788 ad
1333 749 1387 794 id,
1419 749 1523 802 quod
1553 762 1634 787 non
1666 747 1786 786 modo
1816 745 1898 799 ipse

485 831 687 871 nunquam
707 817 865 860 viderat,
895 815 958 854 sed
984 829 1033 854 ne
1065 816 1235 854 audierat
1254 815 1416 868 quidem
1449 815 1497 853 ab
1529 827 1588 859 eo,
1619 814 1687 866 qui
1721 811 1800 865 ipse
1832 811 1895 849 vi-

483 884 606 929 differ,
628 892 672 922 ut
691 883 818 921 statim
837 883 885 921 ad
904 881 1184 921 Philodamum
1204 883 1369 935 migrare
1399 881 1435 920 se
1467 881 1610 919 diceret
1641 879 1753 917 velle.
1786 877 1894 917 Hos·

483 964 549 1005 pes
579 950 743 1002 Janitor,
774 949 842 1002 qui
861 948 962 988 nihil
992 949 1255 1002 suspicaretur,
1286 949 1443 993 veritus,
1474 961 1523 985 ne
1556 946 1652 998 quid
1683 946 1723 982 in
1743 944 1826 997 ipso
1859 943 1899 982 se

482 1015 700 1061 offenderit,
730 1014 937 1053 hominem
959 1014 1109 1053 summa
1125 1015 1164 1052 vi
1196 1015 1356 1051 retinere
1376 1013 1510 1064 coepit.
1556 1011 1643 1056 Iste,
1672 1010 1742 1063 qui
1760 1008 1895 1062 hospi-

483 1083 532 1121 tis
552 1081 800 1134 relinquendi
818 1080 970 1118 causam
989 1080 1152 1133 reperire
1182 1093 1261 1118 non
1281 1078 1414 1132 posset,
1446 1078 1518 1116 alia
1536 1077 1606 1116 fibi
1626 1077 1772 1115 ratione
1790 1076 1896 1115 viam

483 1149 636 1187 munire
669 1147 716 1186 ad
749 1147 926 1199 stuprum
953 1147 1097 1198 coepit3
1130 1145 1344 1189 Rubrium,
1376 1144 1531 1181 delicias
1565 1143 1661 1187 suas,
1691 1143 1733 1180 in
1760 1142 1893 1180 omni-

483 1215 555 1254 bus
576 1213 764 1267 ejusmodi
783 1214 898 1252 rebus
916 1212 1132 1264 adjutorem
1162 1211 1290 1255 suum,
1323 1219 1361 1247 et
1387 1209 1601 1253 conscium,
1632 1221 1771 1261 parum
1790 1207 1896 1246 laute

483 1281 660 1320 diversari
678 1279 776 1317 dicit
787 1296 799 1323 3
821 1278 869 1316 ad
888 1276 1168 1316 Philodamum
1188 1276 1326 1314 deduci
1341 1275 1467 1328 jubet.
1499 1274 1616 1326 Qod
1634 1274 1702 1313 ubi
1722 1274 1775 1312 est
1795 1272 1893 1313 Phi-

482 1347 638 1385 lodamo
658 1344 896 1389 nuntiatum,
927 1343 1076 1382 tametfi
1095 1351 1174 1380 erat
1194 1343 1363 1396 ignarus,
1395 1351 1588 1394 quantum
1610 1341 1680 1379 fibi
1700 1354 1743 1378 ac
1762 1340 1898 1378 liberis

483 1413 557 1452 suis
572 1414 655 1466 jam
672 1421 759 1450 tum
779 1410 873 1449 mali
892 1409 1201 1455 constitueretur,
1215 1418 1346 1448 tamen
1361 1409 1409 1446 ad
1428 1408 1545 1446 istum
1565 1408 1672 1445 venit
1678 1425 1691 1452 5
1712 1406 1894 1452 ostendit,

483 1492 626 1518 munus
646 1477 746 1516 illud
766 1477 878 1516 suum
898 1490 977 1516 non
996 1475 1092 1515 effe:
1124 1476 1175 1521 se,
1207 1489 1301 1514 cum
1320 1474 1393 1513 suae
1412 1483 1536 1528 partes
1556 1473 1674 1512 effent
1692 1471 1895 1526 hospitum

482 1545 808 1598 recipiendorum,
841 1552 929 1582 tum
949 1543 1049 1597 ipsos
1071 1551 1200 1581 tamen
1221 1543 1420 1586 Praetores,
1451 1550 1490 1578 et
1511 1538 1715 1584 Consules,
1736 1552 1814 1577 non
1834 1538 1893 1576 le-

481 1621 659 1665 gatorum
678 1609 843 1655 affeclas,
873 1609 1042 1662 recipere
1059 1608 1192 1647 solere.
1224 1607 1312 1653 Iste,
1345 1607 1414 1660 qui
1434 1619 1511 1645 una
1541 1605 1754 1659 cupiditate
1783 1617 1894 1658 rape-

482 1687 600 1723 retur,
630 1685 760 1716 totum
780 1676 884 1714 illius
905 1675 1143 1729 postulatum
1163 1673 1393 1726 causamque
1422 1672 1622 1726 neglexit3
1653 1685 1721 1725 per
1745 1671 1828 1710 vim
1847 1671 1894 1710 ad

482 1758 585 1789 eum,
609 1744 678 1796 qui
698 1742 864 1795 recipere
886 1755 963 1780 non
984 1741 1160 1786 debebat,
1184 1740 1384 1779 Rubrium
1401 1739 1541 1778 deduci
1562 1739 1781 1792 imperavit.

536 1811 689 1849 XXVI.
723 1810 805 1848 Hic
826 1807 1094 1852 Philodamus,
1125 1807 1374 1860 posteaquam
1393 1807 1458 1859 jus
1479 1805 1591 1844 suum
1612 1805 1786 1844 obtinere
1813 1817 1892 1842 non

483 1878 639 1930 potuit;
672 1886 716 1914 ut
734 1874 1035 1918 humanitatem,
1058 1873 1456 1924 consuetudinemque
1484 1872 1590 1909 suam
1609 1871 1802 1915 retineret,
1834 1870 1892 1907 la-

485 1944 653 1982 borabat.
688 1943 839 1984 Homo,
861 1940 932 1991 qui
951 1939 1099 1991 semper
1114 1937 1442 1990 hospitalissimus,
1457 1937 1784 1989 amicissimusque
1803 1935 1893 1975 nos-

486 2020 633 2048 trorum
664 2007 875 2046 hominum
909 2005 1146 2044 existimatus
1181 2004 1284 2050 effet,
1320 2004 1447 2044 noluit
1476 2004 1597 2043 videri
1628 2004 1757 2057 ipsum
1777 2003 1895 2042 illum

484 2075 685 2114 Rubrium
705 2073 849 2111 invitus
866 2072 907 2110 in
927 2072 1091 2110 domum
1107 2070 1212 2109 suam
1233 2071 1432 2124 recepifl‘e5
1455 2069 1675 2124 magnifice,
1693 2079 1731 2108 et
1747 2078 1894 2115 ornate,

485 2152 527 2181 ut
546 2151 625 2180 erat
643 2141 685 2179 in
704 2139 841 2194 primis
862 2139 961 2177 inter
982 2138 1065 2177 suos
1086 2137 1275 2192 copiosus,
1296 2138 1521 2177 convivium
1541 2146 1762 2190 comparat;
1786 2144 1894 2189 rogat

486 2208 700 2253 Rubrium,
723 2216 779 2251 ut,
801 2218 898 2258 quos
919 2206 954 2243 ei
985 2204 1242 2243 commodum
1262 2205 1320 2250 fit,
1353 2204 1491 2244 invitet
1507 2223 1520 2250 ;
1552 2204 1684 2242 locum
1712 2203 1780 2241 fibi
1807 2201 1890 2246 soli,

486 2276 512 2313 fi
532 2275 718 2318 videatur,
749 2272 968 2325 relinquat:
1000 2271 1117 2309 etiam
1148 2270 1276 2310 filium
1307 2271 1433 2316 suum,
1467 2269 1715 2308 ledliffimum
1745 2266 1892 2305 adoles-

485 2351 653 2386 centem,
683 2339 782 2378 foras
813 2339 859 2377 ad
879 2338 1144 2392 propinquum
1165 2337 1277 2375 suum
1298 2336 1492 2389 quendam
1516 2334 1640 2374 mittit
1660 2333 1706 2371 ad
1723 2347 1890 2372 coenam.

488 2408 662 2445 Rubrius
682 2407 788 2445 istius
808 2406 970 2444 comites
991 2404 1155 2442 invitat:
1186 2416 1250 2443 eos
1272 2416 1407 2441 omnes
1428 2403 1563 2440 Verres
1584 2400 1762 2438 certiores
1784 2398 1892 2444 facit,

486 2473 582 2525 quid
603 2486 699 2525 opus
719 2472 820 2512 effet.
853 2472 1009 2512 Mature
1030 2471 1190 2510 veniunt
1209 2485 1217 2510 :
1249 2468 1520 2509 discumbitur.
1558 2467 1624 2506 Fit
1644 2466 1766 2506 sermo
1793 2466 1894 2505 inter
