2201 2792
714 204 850 243 PRO
910 204 973 242 M.
1034 203 1391 243 FONTEIO.
1671 221 1744 258 492

413 303 703 350 Recordamini,
736 317 832 357 quos
854 304 998 356 legatos
1018 316 1141 356 nuper
1162 303 1201 341 in
1222 302 1325 341 bello
1347 304 1394 342 L.
1419 302 1561 354 Julius,
1590 316 1684 355 quos
1708 304 1750 341 P.

358 371 548 417 Rutilius,
581 384 678 423 quos
700 372 748 409 L.
770 372 882 415 Cato,
915 384 1011 422 quos
1034 371 1109 408 Cn.
1134 370 1357 422 Pompeius,
1393 368 1584 407 habuerit.
1619 369 1751 406 Scietis

358 437 469 477 fuiffe
489 448 575 478 tum
595 439 658 477 M.
683 440 919 483 Cornutum,
942 439 990 476 L.
1010 437 1194 483 Cinnam,
1215 438 1263 476 L.
1286 437 1443 489 Syllam,
1465 437 1658 490 praetorios
1679 435 1752 474 ho—

358 505 498 550 mines,
521 505 615 544 belli
633 505 790 558 gerendi
816 504 1059 558 peritiffimos
1076 522 1088 549 ς
1120 512 1297 556 praeterea
1317 505 1365 542 C.
1388 504 1578 548 Marium,
1601 504 1654 540 T.
1678 503 1754 540 Di-

359 569 484 615 dium,
508 571 782 622 QCatulum,
806 571 850 609 P.
867 569 1054 613 Crassum,
1073 583 1152 607 non
1172 569 1292 607 literis
1312 568 1490 608 homines
1507 569 1553 606 ad
1573 568 1627 606 rei
1647 568 1755 606 mili-

360 637 449 674 taris
471 636 681 680 scientiam,
703 636 766 673 sed
786 635 899 673 rebus
920 634 1031 687 gestis
1052 648 1094 672 ae
1114 635 1297 679 victoriis,
1331 634 1515 672 eruditos.
1548 636 1634 686 Age
1653 647 1755 678 vero,

359 714 466 738 nunc
485 701 638 739 inserite
668 700 800 738 oculos
832 700 872 738 in
903 699 1065 745 curiam,
1097 699 1336 752 introspicite
1365 699 1519 752 penitus
1551 700 1593 738 in
1623 712 1757 737 omnes

359 767 583 820 reipublicae
603 776 740 820 partes.
774 768 919 805 Utrum
938 766 1091 811 videtis,
1114 765 1213 804 nihil
1243 765 1345 819 poffe
1371 766 1555 810 accidere,
1593 775 1636 803 ut
1666 765 1757 803 tales

361 833 435 871 viri
455 833 687 871 desiderandi
707 832 806 877 fint;
829 846 890 877 an,
913 832 938 870 fi
958 832 1151 877 acciderit,
1173 845 1306 870 eorum
1327 831 1538 870 hominum
1553 832 1665 884 copia
1684 845 1757 883 po-

363 899 504 951 pulum
525 899 750 937 Romanum
769 898 989 936 abundare?
1021 899 1120 949 Qae
1146 898 1171 935 fi
1192 898 1395 950 diligenter
1414 897 1632 942 attendetis,
1668 911 1759 950 pro-

364 964 661 1017 fecto,Judices,
680 966 807 1004 virum
828 966 874 1003 ad
894 966 1038 1004 labores
1060 965 1152 1003 belli
1173 966 1402 1018 impigrum,
1424 965 1471 1003 ad
1490 965 1659 1018 pericula
1680 964 1759 1002 for-

365 1041 462 1077 tem,
489 1032 535 1070 ad
557 1031 668 1070 usum
696 1045 738 1069 ac
759 1032 1001 1084 disciplinam
1036 1032 1219 1084 peritum,
1251 1031 1296 1069 ad
1328 1031 1483 1069 consilia
1513 1031 1759 1083 prudentem,

366 1097 413 1136 ad
433 1097 562 1136 casum
583 1096 857 1150 fortunamque
877 1096 1048 1142 felicem,
1082 1097 1189 1135 domi
1210 1097 1316 1135 vobis
1337 1111 1379 1135 ac
1399 1096 1530 1134 liberis
1551 1096 1679 1133 vestris
1700 1109 1760 1133 re-

368 1164 502 1208 tinere,
525 1177 644 1215 quam
665 1163 938 1201 inimiciffimis
970 1163 1105 1215 populi
1128 1163 1298 1200 Romani
1325 1162 1545 1200 nationibus
1565 1170 1604 1200 et
1623 1161 1761 1199 crude-

368 1228 517 1270 liffimis
540 1229 696 1273 tradere,
718 1238 755 1266 et
776 1228 1044 1273 condemnare,
1068 1228 1232 1266 maletis.

368 1334 371 1335 ⁷
424 1294 537 1332 XVI.
571 1296 625 1332 At
643 1292 787 1332 infestis
809 1307 926 1346 prope
957 1293 1071 1345 signis
1093 1292 1312 1330 inferuntur
1333 1292 1439 1330 Galli
1467 1293 1507 1330 in
1528 1292 1760 1336 Fonteium,

369 1369 407 1398 et
426 1359 566 1398 instant
586 1369 700 1412 atque
727 1370 863 1412 urgent
890 1359 1042 1397 summo
1063 1372 1156 1396 cum
1178 1359 1314 1402 studio,
1346 1358 1497 1396 summa
1533 1371 1624 1395 cum
1646 1358 1762 1395 auda-

370 1426 442 1464 cia.
475 1425 559 1464 Nos
581 1439 682 1470 vero,
704 1425 874 1476 Judices,
897 1439 974 1463 non
995 1434 1033 1463 et
1065 1425 1199 1463 multis
1226 1435 1263 1462 et
1284 1423 1406 1462 firmis
1427 1424 1620 1477 praefidiis,
1657 1424 1765 1461 vobis

370 1493 624 1544 adjutoribus,
647 1491 706 1528 isti
727 1492 892 1528 immani
912 1500 1026 1542 atque
1047 1490 1293 1528 intolerandae
1324 1491 1503 1528 barbariae
1524 1489 1732 1528 resistemus
1752 1491 1765 1525 ?

373 1559 552 1598 Primum
573 1557 756 1610 objicitur
786 1566 919 1595 contra
938 1557 1096 1595 istorum
1118 1558 1285 1610 impetus
1308 1557 1551 1600 Macedonia,
1585 1556 1708 1594 fidelis
1730 1567 1767 1594 et

373 1626 497 1664 amica
515 1625 662 1678 populo
680 1625 858 1662 Romano
890 1625 1108 1677 provincia:
1146 1637 1230 1675 qua:
1261 1637 1352 1661 cum
1375 1624 1423 1668 se,
1456 1637 1498 1661 ac
1525 1623 1606 1661 suas
1639 1623 1765 1667 urbes,

373 1705 451 1731 non
472 1692 596 1730 solum
617 1691 790 1736 confilio,
823 1691 885 1729 sed
912 1692 1027 1729 etiam
1060 1704 1190 1735 manu,
1224 1691 1377 1728 Fonteii
1409 1690 1666 1728 conservatam
1696 1688 1766 1727 effe

373 1758 502 1802 dicat,
535 1768 577 1795 ut
611 1757 677 1794 illa
696 1770 763 1809 per
791 1755 896 1794 hunc
926 1770 946 1794 a
966 1755 1168 1794 Thracum
1195 1756 1359 1793 adventu
1394 1769 1436 1793 ac
1472 1755 1768 1808 depopulatione

374 1823 523 1862 defensa
542 1823 632 1868 fuit,
664 1824 713 1861 fic
734 1824 780 1861 ab
800 1823 916 1875 hujus
937 1837 1041 1861 nunc
1071 1824 1196 1876 capite
1217 1822 1422 1861 Gallorum
1456 1823 1623 1874 impetus
1645 1830 1767 1859 terro-

374 1890 506 1943 resque
537 1890 706 1943 depellit.
741 1890 998 1928 Constituitur
1029 1903 1075 1928 ex
1107 1889 1220 1927 altera
1252 1899 1355 1941 parte
1387 1888 1544 1926 ulterior
1566 1887 1768 1940 Hispania,

375 1970 462 2009 quae
482 1955 653 2009 profecto
673 1969 751 1994 non
773 1956 889 1994 modo
910 1956 1093 2009 religione
1119 1955 1182 1993 sua
1202 1955 1360 1993 refistere
1389 1954 1545 1992 istorum
1569 1953 1771 2006 cupiditati

376 2022 513 2075 potest,
546 2022 608 2059 sed
638 2022 755 2059 etiam
775 2021 1042 2060 sceleratorum
1063 2020 1270 2060 hominum
1298 2021 1461 2072 perjuria
1483 2019 1707 2057 testimoniis
1728 2031 1771 2056 ac

377 2087 662 2126 laudationibus
683 2088 755 2125 suis
784 2087 958 2126 refutare.
992 2090 1122 2139 Atque
1143 2102 1189 2125 ex
1220 2087 1297 2139 ipsa
1316 2087 1431 2124 ctiam
1453 2086 1581 2123 Gallia
1601 2085 1771 2123 fideliffi-

379 2168 443 2193 ma
473 2165 512 2192 et
542 2154 756 2206 graviflima
779 2154 921 2192 auxilia
941 2154 1158 2191 sumuntur.
1182 2154 1300 2190 Venit
1320 2152 1412 2190 huic
1434 2152 1597 2190 subsidio
1618 2151 1769 2194 misere,

379 2232 493 2273 atque
514 2220 726 2265 innocenti,
761 2220 1052 2258 Maffilienfium
1085 2222 1221 2257 cuneta
1254 2220 1399 2263 civitas,
1422 2233 1506 2270 quae
1539 2231 1615 2255 non
1647 2216 1773 2253 solum

380 2288 430 2326 ob
450 2301 532 2326 eam
555 2287 704 2325 causam
736 2287 894 2332 laborat,
932 2297 973 2325 ut
1004 2286 1112 2330 huic,
1145 2300 1164 2323 a
1185 2301 1261 2338 quo
1283 2285 1358 2337 ipsa
1380 2285 1516 2322 servata
1547 2283 1612 2326 est,
1645 2295 1773 2333 parem

382 2355 543 2406 gratiam
565 2353 702 2391 referre
723 2353 919 2398 videatur5
953 2353 1012 2391 sed
1043 2355 1173 2396 etiam,
1196 2353 1299 2403 quod
1321 2365 1363 2388 ea
1392 2350 1626 2391 conditione,
1661 2357 1774 2398 atque

383 2433 427 2456 eo
447 2418 540 2463 fato,
562 2419 598 2456 se
618 2419 657 2456 in
678 2419 738 2457 his
761 2421 868 2458 terris
889 2420 1116 2458 collocatam
1139 2418 1208 2455 effe
1229 2417 1442 2459 arbitratur,
1460 2428 1505 2452 ne
1527 2414 1619 2465 quid
1642 2413 1773 2450 nostris

384 2484 610 2523 hominibus
631 2485 705 2522 illae
726 2495 856 2537 gentes
879 2499 1014 2524 nocere
1036 2485 1186 2536 possint.

441 2552 592 2604 Pugnat
621 2551 761 2604 pariter
794 2566 862 2604 pro
895 2551 1011 2591 salute
1043 2552 1104 2590 M.
1136 2549 1287 2589 Fonteii
1320 2547 1577 2586 Narbonensis
1610 2545 1773 2589 colonia,

1293 2616 1474 2666 (ΜΝΞ
