2201 2792
515 121 1051 161 ARGUMENTA
1113 122 1654 162 ORATIONUM.
1783 134 1829 170 η

331 207 470 257 populo
488 207 522 242 in
541 207 603 242 hac
618 208 775 242 oratione
792 207 920 253 gratias
939 206 1023 253 egit.
1068 207 1195 241 Omnis
1214 218 1299 253 ergo
1322 207 1432 242 oratio
1454 206 1607 242 versatur
1627 208 1662 243 in
1681 207 1828 243 demon-

335 257 469 293 stranda
498 257 655 292 beneficii
682 256 744 291 fibi
773 257 894 290 tributi
923 255 1192 302 magnitudine,
1226 257 1322 303 quod
1347 257 1420 291 haec
1447 257 1515 303 ipsa
1539 257 1587 291 est
1604 258 1694 303 grati
1720 257 1828 292 animi

336 306 554 353 significatio,
581 318 675 346 cum,
702 315 875 352 quantum
907 305 946 339 fit
972 305 1196 346 beneficium,
1225 306 1510 352 intelligere‘nos
1537 306 1764 347 ostendimus,
1791 302 1832 341 et?

334 354 469 390 facilius
496 356 598 390 fidem
621 353 781 395 facimus,
809 365 950 400 gratum
977 354 1076 388 nobis
1105 355 1315 389 beneficium
1340 356 1416 390 effe.
1470 355 1562 389 Haec
1580 355 1828 390 demonstratio

334 404 421 438 duas
448 415 558 450 partes
584 404 711 437 habet:
740 403 851 449 prima
874 413 1053 450 comparat
1078 404 1170 438 hunc
1193 403 1397 450 praesentem
1424 403 1549 438 statum
1577 403 1691 446 suum,
1717 416 1827 450 quem

334 453 467 500 populo
494 453 657 493 debebat,
685 464 767 486 cum
793 452 969 498 superiori,
997 452 1277 497 illumquehuic
1305 453 1409 500 longe
1440 452 1595 500 praefert,
1623 464 1825 501 quanquam

335 512 370 536 et
388 502 485 536 illum
509 502 753 548 amplissimum
772 501 870 535 fuiffe
889 501 1039 536 fatetur:
1069 502 1174 536 altera
1197 512 1313 536 autem
1339 503 1590 536 restitutionem
1614 505 1707 536 luam
1727 514 1828 537 com-

334 561 432 597 parat
450 562 531 585 cum
553 551 763 584 restitutione
788 550 934 584 aliorum
958 550 1214 591 Consularium,
1241 551 1282 585 P.
1304 551 1441 597 Popilii,
1469 552 1518 596 Q
1538 551 1676 586 Metelli
1696 551 1829 586 Nurni-

335 600 417 642 dici,
444 611 479 635 et
497 601 538 634 C.
560 599 677 641 Marii,
700 598 802 645 seque
822 600 934 634 multo
953 599 1236 635 honorificentius
1255 601 1316 634 effe
1336 601 1530 635 restitutum
1548 601 1716 641 ostendit;
1742 612 1827 635 cum

337 650 397 690 illi,
423 648 689 695 deprecanfibus
713 648 918 695 propinquis
944 649 1075 690 multis,
1103 650 1307 696 rogantibus
1328 650 1476 684 tribunis
1502 660 1650 691 tantum,
1681 649 1828 684 restituti

337 698 415 740 fint,
442 698 509 745 ipse
534 707 651 732 autem
681 698 819 733 nemine
843 707 971 744 praeter
994 697 1134 734 fratrem
1164 698 1390 745 supplicante,
1418 699 1512 733 SCto
1541 709 1576 733 et
1603 699 1693 745 lege,
1720 699 1827 733 totius

336 747 446 782 Italiae
473 746 701 788 consensione,
730 747 922 781 incredibili
955 747 1127 782 bonorum
1155 748 1315 782 omnium
1348 749 1472 789 studio,
1499 759 1625 794 agente
1655 747 1827 790 Lentulo,

337 797 545 844 deprecante
564 796 746 842 PompeiO,
766 805 946 830 revocatus
966 795 1017 831 sit.
1058 798 1097 832 In
1115 797 1335 832 conclusione
1355 798 1486 843 populo
1503 797 1597 832 suam
1617 797 1734 839 fidem,
1753 796 1829 843 pie-

332 855 457 888 tatem,
484 845 671 891 omniaque
689 844 888 891 pollicetur,
914 857 995 892 quae
1018 846 1063 881 ab
1083 846 1224 882 homine
1244 857 1342 893 grato
1363 848 1395 881 in
1413 847 1586 894 populum
1605 856 1640 881 et
1659 846 1827 894 rempub-

334 895 437 931 licam
457 894 623 943 proficisci
642 895 778 942 poffint.

450 987 611 1037 Argum.
803 984 887 1037 Post
916 984 1100 1031 Reditum,
1131 985 1168 1023 in
1199 985 1348 1024 Senatu.
1667 999 1703 1038 p.
1734 998 1827 1040 337.

389 1071 494 1105 CUM
523 1069 658 1105 rediffet
685 1070 719 1104 in
747 1070 870 1104 urbem
896 1070 1033 1111 Cicero,
1061 1070 1221 1117 postridie
1241 1071 1327 1106 hanc
1345 1071 1535 1106 orationem
1555 1071 1589 1105 in
1606 1071 1723 1108 senatu
1743 1073 1830 1108 reci-

342 1120 441 1160 tavit,
470 1120 503 1154 in
523 1131 602 1165 qua,
627 1129 899 1154 commemorata
919 1119 1077 1154 beneficii
1098 1119 1156 1153 fibi
1176 1120 1296 1154 tributi
1317 1120 1570 1167 magnitudine,
1598 1132 1679 1156 curn
1699 1121 1829 1157 senatui

342 1169 375 1202 in
402 1168 598 1202 universum
617 1168 726 1209 omni,
754 1177 829 1202 turn
850 1168 992 1214 singulis
1010 1168 1218 1215 quibusdam
1237 1170 1365 1215 gratias
1390 1170 1473 1215 agit.
1528 1170 1670 1205 Initium
1699 1170 1783 1206 facit
1809 1184 1829 1207 a

338 1217 495 1251 Lentulo
515 1226 550 1250 et
578 1216 728 1251 Metello
747 1216 970 1259 Consulibus,
997 1229 1147 1264 quorum
1172 1217 1262 1252 illius
1286 1219 1462 1265 precipua
1484 1230 1589 1264 opera
1608 1220 1641 1253 in
1660 1220 1829 1256 Cicerone

336 1265 547 1301 restituendo
573 1266 754 1308 enituerat,
790 1265 845 1300 hic
872 1276 1002 1308 autem,
1035 1266 1175 1312 privatis
1207 1267 1394 1301 inimicitiis
1429 1267 1575 1312 reipubl.
1609 1269 1828 1312 condonatis,

340 1326 410 1349 non
430 1314 655 1349 intercesserat
673 1314 818 1349 Lentuli
836 1316 972 1350 aetioni.
1024 1315 1097 1350 Hic
1115 1316 1327 1351 occasionem
1348 1316 1464 1362 arripit
1485 1317 1524 1350 ad
1545 1316 1710 1353 Consules
1729 1318 1828 1365 supe-

339 1365 435 1399 rioris
463 1365 555 1406 anni,
586 1375 659 1410 quo
684 1363 814 1410 ejectus
840 1374 925 1406 erat,
957 1364 1149 1400 Gabinium
1179 1375 1214 1399 et
1242 1365 1399 1400 Pisonem
1435 1365 1665 1411 digrediendi,
1701 1366 1828 1415 eosque

337 1413 502 1448 omnibus
532 1412 644 1448 modis
668 1414 828 1449 vexandi.
881 1414 1001 1461 Pergit
1027 1413 1154 1449 deinde
1176 1415 1217 1449 ad
1246 1414 1402 1449 tribunos
1430 1414 1552 1460 plebis,
1580 1416 1676 1461 quod
1704 1428 1828 1452 eorum

337 1462 414 1510 post
431 1462 596 1497 Consules
616 1464 767 1497 maxima
784 1472 855 1497 erat
874 1463 907 1497 in
926 1463 1065 1510 legibus
1083 1463 1234 1498 ferendis
1252 1474 1286 1498 et
1305 1463 1513 1510 abrogandis
1532 1464 1693 1510 potestaS‚
1720 1465 1828 1513 iisque

335 1511 503 1546 omnibus
522 1511 759 1558 imprimisque
778 1512 907 1546 Miloni
926 1523 960 1546 et
976 1513 1014 1547 P.
1034 1513 1152 1547 Sextio
1172 1512 1376 1547 nominatim
1395 1513 1522 1559 gratias
1540 1513 1624 1560 agit.
1665 1515 1829 1561 Sequun-

337 1570 394 1595 tur
424 1560 550 1595 deinde
581 1570 745 1606 praetores
773 1560 915 1608 septem,
946 1561 1090 1596 etstavus
1125 1562 1218 1596 anim
1249 1562 1390 1609 Appius
1423 1561 1601 1604 Claudius,
1637 1563 1678 1599 P.
1710 1564 1827 1600 Clodii

336 1609 454 1652 frater,
483 1621 500 1644 a
519 1609 659 1657 reliquis
678 1610 882 1652 dissenserat,
904 1611 963 1657 qui
981 1623 1103 1646 omnes
1127 1611 1347 1653 nominatim,
1367 1611 1482 1646 nullus
1501 1620 1616 1646 tamen
1636 1615 1827 1660 praecipue,

338 1659 532 1694 laudantur.
586 1659 616 1694 E
647 1659 788 1706 reliquis
818 1670 935 1694 autem
965 1661 1189 1695 Senatoribus
1218 1660 1302 1695 nulli
1328 1661 1387 1695 nisi
1417 1660 1587 1706 Pompeio
1619 1663 1828 1698 nominatim

339 1707 467 1754 gratias
493 1707 578 1754 agit,
605 1707 665 1754 qui
689 1720 753 1755 pro
779 1709 944 1743 Cicerone
964 1710 1154 1756 municipia
1173 1719 1207 1744 et
1226 1709 1376 1744 colonias
1394 1710 1534 1751 adierat,
1561 1710 1731 1757 omnique
1748 1722 1828 1757 gra-

338 1759 386 1791 tia
402 1765 437 1791 et
454 1768 520 1802 ope
539 1756 581 1791 ad
599 1756 672 1802 ejus
690 1757 940 1792 restitutionem
960 1758 1176 1793 incubuerat.
1219 1759 1259 1792 In
1277 1759 1493 1794 conclusione
1511 1759 1678 1794 rationem
1696 1759 1827 1796 consilii

339 1805 389 1840 sui
414 1805 540 1845 reddit,
567 1817 639 1852 quo
662 1816 733 1840 erat
757 1806 789 1840 in
816 1806 1042 1854 relinquenda
1062 1808 1147 1842 urbe
1166 1807 1254 1842 usus.
1306 1810 1415 1844 Erant
1439 1807 1547 1849 enim,
1574 1808 1634 1854 qui
1659 1809 1826 1845 timidum

339 1854 566 1901 appellarent,
599 1856 693 1901 quod
722 1867 802 1889 cum
830 1856 1020 1891 amicorum
1048 1868 1132 1904 opes
1161 1856 1328 1891 maximas
1360 1857 1513 1898 haberet,
1544 1866 1660 1891 tamen
1689 1858 1827 1894 ceffiffet

337 1903 476 1939 Clodio.
530 1904 691 1938 Tandem
718 1904 803 1938 nihil
825 1904 867 1939 de
890 1905 945 1940 sua
968 1905 1173 1941 fortitudine
1194 1908 1227 1940 in
1251 1905 1469 1942 defendenda
1490 1905 1596 1941 salute
1621 1907 1826 1955 reipublicae

341 1952 406 1988 hoc
425 1963 495 1988 tarn
512 1953 607 2000 gravi
627 1952 701 1988 casu
720 1953 942 1989 deminutum
962 1955 1039 1997 esse,
1066 1956 1248 1991 confirmat
1266 1967 1330 2002 pro
1348 1957 1465 1992 Domo
1483 1955 1551 1990 sua.

447 2058 605 2109 Argum.
773 2058 853 2096 Pro
881 2060 1000 2098 Domo
1018 2058 1103 2109 sica,
1133 2058 1184 2098 ad
1209 2060 1415 2112 Pontffices.
1680 2073 1720 2113 p.
1734 2073 1754 2114 3
1761 2068 1825 2115 53.

389 2141 640 2177 Rnswmurus
661 2143 693 2177 in
713 2145 857 2190 patriam
879 2145 1014 2186 Cicero,
1042 2146 1154 2181 statim
1175 2146 1297 2182 habuit
1316 2146 1402 2182 hanc
1420 2146 1612 2181 orationem
1639 2147 1682 2182 ad
1704 2146 1829 2182 Ponti-

340 2191 433 2232 fices,
461 2191 494 2225 in
517 2203 586 2238 qua
610 2204 733 2227 nervos
755 2205 876 2229 ornnes
903 2195 1065 2237 intendit,
1092 2205 1132 2230 ut
1155 2196 1302 2230 domum
1330 2195 1438 2237 suam,
1465 2196 1583 2231 eadem
1606 2196 1685 2243 lege
1708 2196 1829 2242 publi-

340 2249 452 2274 catam
471 2250 506 2274 et
524 2241 686 2283 eversam,
713 2242 848 2286 deinde,
878 2256 918 2278 ne
937 2243 1081 2290 profana
1097 2256 1268 2291 umquam
1288 2245 1359 2280 fieri
1378 2245 1499 2292 posset,
1521 2245 1691 2279 Libertati
1709 2244 1825 2281 conse-

341 2298 483 2330 emtam,
511 2301 623 2335 neque
647 2292 828 2336 publicari,
856 2305 970 2340 neque
991 2293 1177 2329 consecrari
1195 2294 1340 2341 potuiffe
1363 2294 1567 2329 ostenderet.
1621 2293 1680 2328 Est
1705 2302 1827 2330 autem

341 2338 454 2372 ornnis
473 2338 546 2373 haec
566 2340 599 2372 in
618 2339 747 2385 septen-1
766 2353 878 2387 partes
897 2341 1076 2378 distributa
1091 2344 1208 2378 oratio.
1261 2343 1381 2378 Prima
1400 2342 1578 2389 respondet
1597 2342 1736 2384 Clodio,
1762 2345 1824 2390 qui

342 2386 433 2432 apud
453 2386 632 2433 pontifices
651 2400 690 2423 ea
709 2390 975 2436 vituperaverat,
1003 2404 1083 2438 quae
1103 2403 1166 2439 per
1188 2403 1246 2426 eos
1269 2393 1340 2427 dies
1365 2392 1489 2427 Cicero
1512 2392 1546 2425 in
1569 2391 1684 2427 senatu
1709 2393 1753 2428 de
1773 2405 1826 2427 re-

341 2435 493 2518 Pussica’
520 2436 573 2520 112
573 2437 632 2479 est,
658 2438 701 2473 de
718 2438 785 2474 Cn.
806 2440 976 2488 Pompeio
997 2441 1042 2476 rei
1061 2440 1296 2523 frument13riae
1314 2440 1538 2488 praeficiendo
1558 2440 1711 2477 senserat.
1763 2442 1827 2485 Se7

431 2495 504 2519 οΜ.
577 2512 584 2520 .
