2201 2792
370 179 535 205 ..100
977 169 1333 208 ORATIO

449 267 601 320 judicio
619 267 632 304 ?
663 266 869 312 directum,
902 267 1089 320 asperum,
1123 269 1298 322 fimplex.
1330 270 1374 308 Sl
1382 277 1494 322 paret
1514 271 1609 308 H-S
1632 282 1738 309 1333
1770 270 1858 308 dari

455 342 628 385 oportere.
660 333 755 378 Hic,
790 333 859 371 nifi
879 334 1040 386 planum
1060 333 1168 379 facit,
1199 335 1292 372 H-S
1316 348 1415 374 1333
1437 335 1483 373 ad
1503 335 1675 373 libellam
1695 335 1764 373 fibi
1785 335 1853 373 de-

456 399 550 444 beri,
572 399 721 437 causam
755 399 893 451 perdit.
941 400 1050 452 Qid
1080 400 1133 438 est
1160 400 1201 438 in
1234 400 1421 439 arbitrio?
1453 401 1563 446 mite,
1593 401 1852 445 moderatum,

454 466 641 516 Qcantum
660 465 809 518 aeqm'us,
843 474 879 503 et
896 466 1030 510 melius,
1060 465 1100 504 id
1114 465 1208 505 dari.
1246 465 1316 504 Ille
1337 475 1466 504 tamen
1486 466 1692 506 confitetur
1711 467 1798 519 plus
1819 465 1854 503 se

452 539 595 582 petere,
616 544 734 583 quam
754 531 936 569 debeatur
946 549 959 577 3
982 531 1044 568 sed
1063 531 1147 569 satis
1168 531 1353 584 superque
1373 531 1511 569 habere
1531 532 1640 576 dicit,
1659 533 1763 584 quod
1784 531 1852 569 fibi

453 595 501 634 ab
521 596 662 634 arbitro
682 596 885 635 tribuatur.
918 597 1052 649 Itaque
1072 597 1165 634 alter
1184 597 1302 635 causae
1322 597 1483 635 confidit
1495 615 1507 642 3
1539 597 1633 635 alter
1652 597 1809 634 diffidit.

508 662 608 712 Qae
627 674 721 699 cum
740 662 793 700 ita
812 662 898 707 sint,
929 675 1057 714 quaero
1077 663 1142 700 abs
1164 671 1214 708 te,
1253 662 1348 715 quid
1369 663 1421 701 ita
1441 662 1487 700 de
1506 661 1579 701 hac
1607 662 1785 716 pecunia,
1806 660 1854 698 de

451 726 513 765 his
533 727 622 780 ipfis
642 729 735 766 H-S
754 741 871 773 1333,
892 728 938 766 de
959 737 1113 767 tuarum
1133 729 1352 767 tabularum
1368 729 1442 767 fide
1458 727 1777 782 compromissum
1791 726 1852 765 fe-

450 793 562 839 ceris,
593 794 781 832 arbitrum
814 794 1030 847 sumpseris,
1062 805 1252 847 quantum
1282 797 1429 847 aequius
1459 805 1498 834 et
1527 795 1667 833 melius
1688 794 1732 832 fit
1757 793 1851 838 dari,

450 859 730 912 repromittive,
752 859 778 897 fi
797 861 967 912 pareret?
1000 860 1099 911 Qis
1120 861 1161 898 in
1180 859 1279 899 hanc
1300 874 1382 899 rem
1401 860 1479 899 fuit
1498 860 1664 899 arbiter?
1685 859 1852 897 Utinam

449 925 482 963 is
503 925 665 977 quidem
683 927 822 964 Romae
841 925 927 964 effet
945 926 953 964 l
986 928 1124 966 Romae
1143 926 1210 965 est.
1252 928 1340 978 Jam
1362 928 1513 965 utinam
1533 926 1670 964 adesset
1686 925 1727 963 in
1741 924 1851 976 judi-

449 991 536 1028 cio!
568 991 700 1029 Adest.
733 991 896 1029 Utinam
916 991 1057 1030 sederet
1075 992 1116 1029 in
1134 992 1292 1030 consilio
1313 994 1360 1029 C.
1386 992 1532 1029 Pisonis
1550 991 1558 1029 !
1591 990 1674 1043 Ipse
1695 991 1742 1028 C.
1766 988 1852 1028 Piso

449 1057 517 1096 est.
549 1057 781 1095 Eundemne
801 1066 843 1094 tu
863 1058 1067 1102 arbitrum,
1089 1066 1126 1094 et
1140 1057 1315 1110 judicem
1336 1056 1510 1096 sumebas
1530 1058 1542 1094 ?
1574 1057 1699 1095 eidem
1727 1064 1765 1094 et
1788 1055 1851 1093 in-

447 1121 601 1161 finitam
620 1122 866 1175 largitionem
887 1123 1123 1169 remittebas,
1145 1133 1182 1162 et
1201 1124 1368 1162 eundem
1388 1124 1428 1162 in
1448 1123 1748 1176 angustiffimam
1768 1121 1852 1160 for-

448 1188 598 1226 mulam
614 1188 820 1241 sponsionis
837 1189 1091 1226 concludebas
1107 1190 1120 1226 ?
1140 1189 1240 1239 Qis
1254 1203 1426 1240 unquam
1444 1190 1490 1226 ad
1507 1188 1711 1231 arbitrum,
1725 1200 1855 1239 quan·

447 1263 535 1292 tum
553 1254 680 1306 petiit,
701 1262 855 1291 tantum
873 1254 1055 1292 abstulit?
1087 1254 1234 1293 Nemo.
1269 1255 1473 1305 Qantum
1498 1254 1605 1293 enim
1624 1254 1770 1306 aequius
1791 1253 1850 1291 es-

449 1319 504 1358 set
523 1319 593 1358 fibi
612 1319 706 1364 dari,
728 1320 854 1372 petiit.
897 1321 959 1358 De
980 1333 1057 1373 quo
1077 1321 1236 1358 nomine
1256 1320 1302 1358 ad
1322 1321 1509 1359 arbitrum
1530 1320 1651 1365 adisti,
1673 1320 1720 1357 de
1739 1332 1785 1357 eo
1805 1320 1852 1356 ad

442 1385 618 1439 judicem
637 1385 785 1424 venisti.
813 1387 966 1432 Caeteri,
988 1400 1082 1425 cum
1102 1387 1149 1425 ad
1162 1387 1338 1439 judicem
1359 1388 1509 1425 causam
1528 1385 1746 1424 labefactari
1765 1386 1851 1423 ani-

448 1452 708 1497 madvertunt,
739 1452 786 1489 ad
805 1452 993 1490 arbitrum
1013 1452 1271 1505 confugiunt:
1302 1451 1368 1490 hic
1385 1452 1431 1491 ab
1451 1452 1594 1491 arbitro
1615 1452 1661 1489 ad
1675 1451 1851 1503 judicem

448 1516 578 1555 venire
609 1516 662 1554 est
688 1517 811 1555 ausus.
844 1517 940 1569 Qi,
962 1531 1054 1556 cum
1085 1518 1133 1555 de
1162 1516 1233 1556 hac
1254 1518 1430 1570 pecunia,
1464 1518 1510 1555 de
1536 1517 1754 1555 tabularum
1775 1515 1850 1554 fide

448 1583 637 1622 arbitrum
657 1583 830 1635 sumpsit,
845 1584 1035 1635 judicavit
1055 1583 1123 1622 fibi
1143 1584 1346 1636 pecuniam
1367 1598 1445 1622 non
1466 1583 1609 1622 deberi.

503 1651 593 1700 Jam
612 1648 694 1687 duae
715 1658 838 1701 partes
855 1649 972 1687 causae
992 1649 1079 1687 sunt
1099 1648 1282 1688 confectae
1300 1665 1309 1688 t
1342 1649 1600 1687 adnumerasse
1618 1648 1690 1686 sese
1710 1656 1848 1700 negat:

447 1715 658 1768 expensum
680 1715 804 1752 tulifi'e
823 1728 900 1753 non
921 1715 1031 1759 dicit,
1058 1728 1152 1753 cum
1173 1706 1320 1754 tabulas
1341 1729 1418 1753 non
1446 1716 1592 1754 recitat.
1631 1714 1848 1766 Reliquum

446 1781 513 1826 est,
546 1780 836 1833 utpstipulatum
855 1780 891 1818 se
910 1779 980 1818 effe
1000 1780 1116 1818 dicat.
1160 1781 1342 1819 Praeterea
1367 1781 1487 1826 enim,
1516 1779 1849 1833 quemadmodum

448 1854 592 1884 certam
612 1845 816 1897 pecuniam
836 1854 961 1896 petere
982 1845 1107 1896 poffit,
1129 1859 1206 1883 non
1225 1845 1384 1897 reperio.
1418 1846 1627 1897 Stipulatus
1648 1844 1715 1882 es?
1747 1844 1844 1882 ubi?

448 1925 526 1964 quo
546 1911 606 1948 die
623 1911 635 1946 ?
666 1923 744 1961 quo
772 1911 972 1961 tempore?
1001 1923 1080 1961 quo
1100 1909 1305 1961 praesente?
1336 1910 1423 1962 quis
1444 1909 1682 1963 spopondisse
1701 1923 1765 1947 me
1783 1909 1846 1947 di-

447 1977 532 2015 cit?
563 1976 710 2014 Nemo.

502 2043 554 2080 V.
587 2041 668 2079 Hic
700 2053 770 2092 ego
792 2040 817 2078 fi
838 2039 956 2078 finem
976 2039 1117 2079 faciam
1148 2041 1315 2088 dicendi,
1347 2042 1431 2080 satis
1451 2042 1541 2080 fidei
1570 2051 1607 2080 et
1636 2042 1849 2094 diligentiae

447 2122 557 2153 meae,
589 2107 674 2144 satis
695 2106 812 2144 causae
832 2115 869 2143 et
889 2107 1162 2152 controverfiae,
1185 2107 1269 2145 satis
1290 2107 1468 2146 formulae
1492 2117 1530 2145 et
1552 2108 1756 2161 sponsioni,
1787 2108 1844 2146 sa-

450 2174 496 2212 tis
518 2173 634 2211 etiam
660 2172 785 2223 judici
815 2170 941 2209 feciffe
972 2173 1112 2218 videar,
1143 2186 1211 2210 cur
1241 2170 1451 2211 secundum
1472 2173 1656 2211 Roscium
1677 2173 1845 2224 judicari

448 2240 598 2278 debeat.
641 2238 809 2276 Pecunia
827 2238 946 2289 petita
964 2238 1016 2275 cst
1035 2247 1136 2276 certa
1154 2253 1163 2276 :
1196 2252 1286 2277 cum
1307 2240 1418 2276 tertia
1445 2248 1550 2291 parte
1570 2238 1717 2290 sponfio
1746 2236 1845 2276 faeta

447 2305 512 2343 cst.
560 2306 657 2343 Haec
688 2303 851 2355 pecunia
880 2302 1022 2340 neceffe
1055 2304 1108 2341 est
1137 2312 1201 2340 aut
1232 2305 1342 2349 data,
1373 2312 1438 2341 aut
1471 2303 1633 2356 expensa
1660 2303 1748 2347 lata,
1779 2312 1845 2341 aut

448 2370 623 2422 stipulata
644 2369 700 2407 fit.
734 2369 876 2406 Datam
897 2382 975 2406 non
995 2368 1078 2413 effe,
1102 2368 1270 2406 Fannius
1291 2368 1510 2407 confitetur.
1542 2368 1762 2420 Expensam
1784 2368 1843 2406 la-

449 2444 528 2473 tam
549 2449 625 2472 non
647 2434 732 2479 effe,
768 2434 916 2472 codices
945 2434 1082 2472 Fannii
1112 2433 1357 2473 confirmant.
1400 2434 1627 2487 Stipulatam
1648 2447 1726 2473 non
1756 2433 1845 2480 effe,

449 2501 684 2540 taciturnitas
703 2500 854 2539 testium
874 2500 1067 2540 concedit.
