2201 2792
570 188 646 231 392
1001 173 1090 213 IN
1159 174 1541 214 VERREM

565 276 750 315 omnibus
771 275 883 313 rebus
913 274 1296 327 praecellentiffimus‚
1327 274 1515 327 posuerat,
1544 284 1581 312 et
1602 274 1715 313 suum
1735 287 1879 313 nomen
1899 273 1960 312 in-

565 344 773 396 scripserat.
807 341 915 393 Qid
931 342 1012 393 jam
1033 340 1079 378 de
1100 340 1168 378 isto
1189 340 1298 393 plura
1316 341 1458 386 dicam,
1473 350 1538 379 aut
1552 341 1713 394 querar?
1735 341 1867 379 omnia
1882 340 1961 385 illa,

565 411 739 462 Judiees,
761 407 915 446 abstulit
934 421 943 445 :
967 405 1066 444 nihil
1087 406 1125 443 in
1144 406 1418 458 religiofiffimo
1438 406 1542 452 fano,
1559 416 1693 460 praeter
1709 407 1864 460 vestigia
1878 408 1962 444 vio-

566 477 650 514 latae
671 473 882 527 religionis,
898 485 1118 524 nomenque
1140 473 1183 511 P.
1203 472 1407 524 Scipionis,
1429 473 1600 525 reliquit.
1623 473 1809 511 Hostium
1829 472 1962 526 spolia,

566 549 821 581 monumenta
853 540 1146 592 imperatorum,
1182 538 1331 584 deeora,
1363 548 1479 591 atque
1510 548 1734 578 ornamenta
1766 538 1961 583 fanorum,

565 608 734 663 posthac,
757 607 818 645 his
840 605 1026 659 praeclaris
1047 605 1272 643 nominibus
1294 606 1449 650 amiffis,
1482 605 1523 643 in
1544 605 1815 650 instrumento,
1836 618 1879 643 ac
1899 605 1964 643 su-

567 675 763 730 pellectili,
798 674 845 711 C.
870 672 998 710 Verris
1020 671 1340 710 numerabuntur.

621 744 689 781 Tu
710 740 886 779 videlicet
907 738 1006 776 solus
1040 738 1132 776 vaslS
1155 737 1371 776 Corinthiis
1406 738 1600 777 delectaris
1620 739 1632 775 ?
1664 747 1708 776 tu
1742 738 1847 776 illius
1882 737 1964 775 aeris

565 807 897 861 temperationem,
941 813 982 842 tu
1017 817 1179 857 operum
1211 804 1440 842 lineamenta
1474 804 1711 843 solertiffime
1745 803 1925 857 perspicis
1949 803 1963 840 ?

565 876 663 914 Haec
685 873 813 925 Scipio
834 871 899 908 ille
919 884 997 908 non
1018 870 1272 923 intelligebat,
1312 870 1433 909 homo
1453 871 1705 915 doffififfimus,
1736 880 1851 922 atque
1871 870 1964 922 ⁸hu-

565 941 804 981 maniffimus
823 939 835 976 ?
868 939 933 975 Tu
959 937 1034 975 fine
1055 937 1132 974 ulla
1153 936 1254 974 bona
1273 946 1365 982 arte,
1392 938 1469 976 fine
1484 937 1740 982 humanitate,
1758 936 1833 974 fine
1851 936 1964 989 inge-

565 1010 643 1054 nio,
666 1008 741 1046 fine
761 1006 896 1049 literiS,
929 1003 1130 1056 intelligis,
1162 1004 1394 1055 etjudicas?
1426 1005 1541 1050 Vide,
1576 1018 1623 1042 ne
1653 1004 1719 1042 ille
1740 1017 1818 1042 non
1838 1002 1964 1041 solum

564 1072 827 1128 temperantia,
863 1070 925 1108 sed
944 1071 1060 1107 etiam
1081 1069 1352 1123 intelligentia,
1387 1080 1437 1116 te,
1473 1081 1588 1124 atque
1607 1070 1710 1116 istos,
1743 1070 1812 1123 qui
1832 1069 1868 1108 se
1885 1069 1964 1107 ele-

565 1151 697 1195 gantes
717 1140 795 1178 dici
816 1138 966 1182 volunt,
988 1137 1123 1175 vicerit
1141 1152 1149 1176 :
1182 1150 1273 1175 nam
1294 1138 1397 1190 quia,
1419 1151 1537 1191 quam
1554 1136 1718 1191 pulchra
1743 1136 1873 1183 effent,
1900 1137 1965 1174 in-

564 1208 774 1261 telligebat,
794 1205 938 1243 idcirco
958 1203 1213 1249 existimabat,
1228 1217 1270 1241 ea
1286 1218 1363 1243 non
1381 1205 1427 1242 ad
1448 1204 1657 1243 hominum
1673 1205 1883 1249 luxuriem,
1903 1203 1967 1242 sed

563 1275 610 1313 ad
630 1283 809 1312 ornatum
843 1270 1037 1314 fanorum,
1075 1279 1190 1322 atque
1220 1271 1468 1323 oppidorum,
1503 1271 1575 1310 effe
1605 1270 1716 1316 fasta,
1745 1280 1788 1309 ut
1807 1269 1963 1324 posteris

564 1341 699 1380 nostris
722 1346 976 1377 monumenta
993 1335 1164 1388 religiosa
1184 1335 1255 1374 effe
1275 1337 1486 1375 videantur.

620 1406 749 1445 XLV.
782 1403 928 1442 Audite
962 1401 1079 1439 etiam
1100 1401 1329 1454 singularem
1350 1403 1447 1455 ejus,
1482 1402 1654 1454 Judices,
1689 1402 1962 1455 cupiditatem,

564 1474 777 1517 audaciam,
805 1469 1030 1514 amentiam,
1054 1468 1094 1506 in
1128 1468 1190 1507 his
1224 1469 1433 1522 praesertim
1467 1470 1578 1508 sacris
1612 1469 1848 1522 polluendis,
1879 1483 1964 1522 quae

566 1555 643 1579 non
665 1538 782 1577 modo
816 1536 995 1574 manibus
1017 1535 1169 1588 attingi,
1202 1534 1265 1572 sed
1296 1548 1344 1573 ne
1375 1536 1611 1588 cogitatione
1632 1536 1793 1588 quidem
1813 1535 1962 1580 violari,

564 1608 620 1646 fas
640 1606 730 1644 fuit.
764 1603 976 1642 Sacrarium
999 1602 1147 1640 Cereris
1166 1601 1219 1639 est
1237 1602 1339 1655 apud
1353 1602 1590 1648 Catinenses,
1611 1603 1744 1640 eadem
1765 1602 1965 1655 religione,

564 1688 640 1728 qua
661 1675 812 1716 Romae,
842 1682 919 1722 qua
938 1669 978 1707 in
998 1669 1143 1707 caeteris
1179 1668 1290 1724 locis,
1321 1682 1398 1722 qua
1432 1682 1550 1723 prope
1570 1670 1610 1708 in
1630 1678 1714 1707 toto
1734 1669 1825 1707 orbe
1845 1678 1965 1707 terra-

564 1755 666 1780 rum.
714 1739 760 1777 In
781 1751 826 1775 eo
847 1736 1004 1774 sacrario
1024 1735 1168 1774 intimo
1198 1733 1275 1774 fuit
1304 1735 1458 1788 fignum
1480 1736 1629 1775 Cereris
1657 1735 1933 1788 perantiquum
1948 1752 1962 1780 ς

564 1806 671 1861 quod
689 1805 776 1850 viri,
799 1817 877 1843 non
898 1802 1016 1841 modo
1035 1801 1254 1854 cujusmodi
1273 1801 1376 1847 effet,
1413 1802 1475 1841 sed
1495 1802 1636 1842 neeffe
1655 1801 1830 1854 quidem,
1866 1801 1964 1839 scie-

564 1876 657 1912 bant
675 1887 684 1911 :
717 1871 841 1909 aditus
862 1869 969 1907 enim
986 1869 1026 1906 in
1047 1868 1087 1905 id
1107 1867 1310 1906 sacrarium
1331 1881 1410 1906 non
1430 1868 1484 1906 est
1501 1868 1592 1907 viris
1610 1886 1623 1914 ³
1660 1867 1759 1905 sacra
1784 1880 1852 1920 per
1870 1880 1964 1906 mu-

563 1941 688 1983 lieres,
710 1951 752 1975 ae
773 1936 939 1988 virgines
969 1934 1110 1972 confici
1131 1933 1265 1971 solent.
1298 1935 1390 1972 Hoc
1411 1934 1564 1988 fignum
1585 1935 1700 1972 noctu
1733 1933 1834 1971 clam
1855 1933 1965 1972 istius

565 2005 661 2044 servi
680 2017 727 2042 ex
759 2002 829 2040 illo
849 1999 1139 2053 religiofiffimo,
1172 2008 1288 2053 atque
1320 2000 1584 2052 antiquiffimo
1603 1998 1695 2038 fano
1715 1999 1962 2039 sustulerunt.

564 2069 751 2110 Postridie
783 2067 989 2105 sacerdotes
1012 2066 1175 2110 Cereris,
1208 2075 1324 2118 atque
1344 2066 1450 2104 illius
1481 2065 1561 2104 fani
1581 2065 1769 2110 antistitae,
1802 2066 1965 2118 majores

565 2146 670 2181 natu,
687 2134 867 2188 probatae,
883 2146 925 2170 ac
945 2132 1094 2170 nobiles
1116 2132 1311 2178 mulieres,
1327 2146 1409 2170 rem
1429 2133 1475 2171 ad
1491 2133 1731 2186 magistratus
1752 2131 1837 2170 suos
1853 2130 1963 2170 defe-

565 2212 673 2243 runt:
690 2200 873 2239 omnibus
887 2199 1083 2244 acerbum,
1098 2199 1319 2252 indignum,
1335 2199 1552 2238 ludtuosum
1565 2199 1732 2251 denique
1746 2197 1962 2236 videbatur.

621 2270 732 2307 Tum
768 2266 836 2304 iste
855 2273 1051 2318 permotus
1086 2265 1152 2303 illa
1171 2265 1370 2303 atrocitate
1402 2265 1563 2318 negotii,
1595 2273 1638 2303 ut
1665 2265 1712 2302 ab
1747 2263 1782 2301 se
1815 2262 1963 2300 sceleris

566 2336 671 2374 istius
704 2333 865 2387 suspicio
895 2340 1168 2376 removeretur,
1199 2331 1262 2369 dat
1287 2329 1429 2383 hospiti
1457 2331 1524 2370 suo
1557 2330 1713 2368 cuidam
1747 2328 1963 2381 negotium,

566 2412 609 2440 ut
629 2401 799 2453 aliquem
821 2398 1014 2452 reperiret,
1036 2411 1155 2450 quem
1175 2410 1218 2435 ea
1237 2395 1365 2434 feciffe
1385 2395 1646 2441 infimularet3
1667 2396 1850 2448 daretque
1869 2407 1964 2448 ope-

566 2481 662 2513 ram,
686 2476 730 2506 ut
749 2466 780 2505 is
802 2480 847 2505 eo
867 2465 1030 2505 crimine
1051 2464 1309 2510 damnaretur,
1340 2475 1388 2501 ne
1407 2462 1485 2518 ipse
1505 2461 1592 2502 esset
1611 2462 1651 2502 in
1672 2462 1850 2502 crimine.
1886 2461 1964 2500 Res
