2201 2792
591 203 938 245 ACTIONIS
980 204 1034 243 11.
1094 204 1305 244 LIBER
1335 206 1388 245 II.
1617 222 1695 263 217

287 313 479 349 mortum,
501 304 633 342 onmia
652 304 808 350 utenda,
830 317 873 342 ac
893 303 1113 357 poffidenda
1132 304 1364 344 tradiderat:
1396 305 1507 358 cujus
1533 305 1695 347 haeredi-

287 373 389 416 tatis,
411 383 504 409 cum
524 370 590 409 ille
609 371 808 424 aliquanto
828 380 914 409 ante
931 380 968 409 te
986 372 1193 410 Praetorern
1214 372 1304 410 effet
1323 382 1516 419 mortuus,
1538 383 1696 413 contro·
1738 383 1742 385 ’

287 437 401 475 verfia
419 436 545 476 fuerat
564 437 684 484 nulla,
708 437 949 476 mentionem
968 436 1109 476 fecerat
1129 451 1260 477 nemo.

340 504 455 543 XIX.
480 504 628 543 Verum
647 504 740 550 esto,
761 505 865 557 eripe
882 503 1147 543 haereditatem
1167 504 1411 558 propinquis,
1439 505 1487 544 da
1514 505 1698 558 palaestri-

285 570 363 610 tis:
395 572 563 625 praedare
596 573 638 610 in
669 571 782 610 bonis
816 572 964 618 alienis,
1003 572 1163 611 nomine
1195 572 1394 612 civitatis:
1426 582 1552 611 everte
1580 573 1699 626 leges,

287 637 526 685 testamenta,
559 639 774 678 voluntates
795 649 1056 685 mortuorum,
1086 640 1175 692 jura
1203 640 1397 678 vivorum.
1436 640 1550 679 Num
1582 641 1701 679 etiam

286 704 418 757 patriis
440 705 672 746 Heraclium
704 705 817 742 bonis
837 705 1040 743 exturbare
1072 705 1276 759 oportuit?
1307 706 1376 759 qui
1397 705 1511 744 simul
1544 720 1587 744 ac
1608 720 1700 760 pro-

287 768 405 823 fugit,
437 784 556 824 quam
587 771 850 825 impudenter,
887 785 1005 824 quam
1025 771 1169 825 palam,
1197 785 1316 824 quam
1346 772 1493 817 acerbe,
1529 772 1600 811 Dii
1621 773 1700 811 im-

287 839 484 884 mortales,
515 839 582 878 illa
613 839 714 878 bona
743 838 892 892 direpta
911 839 1025 877 sunt!
1057 853 1176 891 quam
1197 839 1263 877 illa
1283 852 1340 877 res
1371 839 1593 879 calamitosa
1612 840 1702 879 He-

287 906 420 951 raclio,
441 905 649 959 quaestuosa
667 907 795 952 Verri,
831 907 954 960 turpis
984 906 1238 959 SyracusaniS,
1275 906 1488 946 miseranda
1517 907 1701 946 omnibus

287 972 490 1011 videbatur
509 973 516 1010 !
540 973 648 1012 Nam
668 973 767 1011 illud
788 973 948 1026 quidem
968 973 1097 1012 statim
1117 982 1286 1019 curatur,
1304 983 1348 1012 ut
1368 973 1561 1027 quidquid
1580 974 1704 1017 caelati

288 1039 439 1091 argenti
458 1038 535 1077 fuit
554 1039 596 1077 in
626 1039 703 1078 illis
725 1040 853 1084 bonis,
882 1039 929 1078 ad
949 1039 1067 1079 istum
1092 1039 1311 1087 deferatur;
1343 1041 1537 1094 quidquid
1558 1042 1702 1080 Corin-

289 1104 466 1145 thiorum
485 1105 676 1151 vasorum,
696 1106 890 1159 quidquid
910 1106 1083 1159 stragulae
1103 1106 1228 1153 vestis,
1246 1106 1329 1146 haee
1349 1121 1467 1147 nemo
1486 1108 1704 1155 dubitabat,

289 1173 387 1226 quin
406 1185 486 1211 non
506 1173 626 1211 modo
655 1185 703 1211 ex
723 1173 790 1210 illa
820 1172 939 1211 domo
970 1182 1081 1226 capta
1099 1182 1137 1211 et
1156 1173 1339 1227 oppressa,
1375 1188 1510 1214 verum
1543 1188 1592 1214 ex
1625 1184 1706 1215 tota

289 1238 490 1293 provincia
508 1237 555 1277 ad
575 1237 692 1276 istum
711 1238 945 1290 comportari
967 1237 1112 1276 neceffe
1130 1238 1234 1278 effet.
1285 1239 1502 1293 Mancipia,
1527 1254 1614 1294 quae
1634 1255 1706 1280 vo-

289 1305 378 1351 luit,
401 1305 563 1344 abduxit
578 1323 590 1351 ;
619 1305 693 1343 alia
711 1304 839 1344 divifit
857 1319 867 1345 :
898 1305 1025 1344 auetio
1051 1304 1151 1344 fasta
1169 1305 1223 1344 est
1237 1323 1251 1352 5
1279 1305 1322 1345 in
1342 1319 1420 1360 qua
1438 1305 1577 1346 cohors
1597 1307 1705 1347 istius

252 1414 255 1417 ,
289 1373 434 1412 ἱηνίξὶε.
452 1372 650 1412 dominata
669 1371 736 1411 est.

346 1440 495 1478 Verum
522 1438 623 1478 illud
649 1439 703 1478 est
734 1438 978 1492 praeclarum.
1010 1437 1247 1491 Syracusani,
1279 1438 1349 1492 qui
1380 1437 1611 1493 praefuerant
1643 1439 1706 1480 his

290 1505 468 1546 Heraclii
501 1505 630 1550 bonis,
663 1505 796 1552 verbo,
827 1504 1060 1558 redigendis,
1091 1519 1146 1551 re,
1181 1504 1465 1559 dispertiendis,
1497 1507 1708 1547 reddebant

290 1586 427 1611 eorum
461 1571 711 1625 negotiorum
745 1572 937 1611 rationem
966 1571 1007 1610 in
1038 1571 1196 1611 senatu:
1240 1572 1435 1618 dicebant,
1470 1572 1708 1627 scyphorum

291 1639 396 1692 paria
429 1638 657 1691 complura,
690 1637 844 1689 hydrias
874 1647 1068 1691 argenteas
1100 1637 1297 1691 pretiosas,
1326 1638 1469 1678 vestem
1499 1640 1707 1692 stragulam

293 1704 477 1748 multam,
499 1702 694 1754 mancipia
723 1702 899 1755 pretiosa,
921 1702 1032 1740 Verri
1051 1702 1138 1740 data
1167 1702 1239 1740 effe
1257 1717 1267 1740 ε
1299 1702 1493 1749 dicebant,
1515 1713 1708 1756 quantum

292 1771 450 1822 cuique,
471 1769 551 1821 ejus
567 1767 685 1821 juffu,
716 1781 975 1807 nummorum
994 1767 1084 1807 effet
1114 1768 1265 1807 datum.
1297 1769 1522 1808 Gemebant
1543 1771 1707 1822 Syracu·

293 1836 395 1882 sani;
427 1835 491 1873 sed
522 1844 652 1873 tamen
682 1834 941 1888 patiebantur.
993 1835 1172 1889 Repente
1205 1835 1401 1880 recitatur,
1437 1849 1517 1873 uno
1546 1837 1707 1875 nomine

291 1903 385 1941 H-S
409 1914 490 1940 CCL
514 1900 640 1940 millia
653 1901 758 1952 juffu
778 1900 956 1940 Praetoris
975 1901 1075 1939 data.
1106 1900 1173 1940 Fit
1194 1901 1388 1940 maximus
1409 1901 1555 1941 clamor
1573 1903 1707 1945 omni·

293 1983 378 2014 um,
401 1982 479 2007 non
500 1967 620 2006 modo
636 1967 779 2020 optimi
799 1966 1001 2020 cujusque,
1022 1980 1148 2020 neque
1167 1980 1317 2013 eorum,
1335 1968 1478 2020 quibus
1498 1968 1710 2022 indignum

295 2034 444 2086 semper
463 2033 589 2071 visum
607 2042 701 2079 erat,
733 2034 835 2072 bona
865 2034 1017 2086 privati,
1052 2032 1189 2087 populi
1221 2033 1396 2079 nomine,
1428 2048 1495 2087 per
1514 2034 1709 2074 summam

294 2099 478 2152 injuriam
498 2107 648 2151 erepta;
681 2111 816 2137 verum
846 2099 965 2138 etiam
998 2099 1067 2152 ipfi
1098 2099 1157 2137 illi
1187 2101 1358 2138 auetores
1393 2099 1558 2153 injuriae,
1588 2110 1628 2140 et
1660 2115 1709 2141 ex

295 2165 424 2217 aliqua
453 2163 641 2217 particula
661 2163 754 2203 socii
785 2164 920 2217 praedae
951 2177 995 2203 ac
1026 2165 1262 2218 rapinarum,
1294 2166 1461 2206 clamare
1490 2175 1708 2221 coeperunt,

295 2231 366 2270 fibi
388 2240 432 2269 ut
450 2230 609 2268 haberet
628 2229 907 2271 haereditatem.
947 2232 1099 2270 Tantus
1130 2232 1171 2271 in
1193 2232 1299 2271 curia
1317 2233 1465 2272 clamor
1484 2233 1606 2273 fastus
1640 2233 1706 2278 est,

299 2306 342 2336 ut
362 2297 530 2349 populus
551 2305 809 2335 concurreret.

352 2365 445 2402 XX.
478 2364 556 2402 Res
587 2364 634 2401 ab
666 2364 776 2402 omni
807 2373 1001 2403 conventu
1030 2365 1185 2417 cognita
1211 2365 1385 2403 celeriter
1406 2365 1569 2402 domum
1602 2377 1706 2402 nun-

299 2428 430 2467 tiatur.
466 2430 605 2468 Homo
623 2430 810 2468 inimicus
831 2429 906 2475 his,
937 2431 1006 2483 qui
1033 2430 1257 2474 recitass'ent,
1280 2429 1397 2468 hostis
1418 2429 1617 2475 omnibus,
1639 2430 1709 2483 qui

301 2495 579 2540 acclamassent,
612 2498 748 2537 exarfit
778 2497 987 2543 iracundia,
1023 2511 1066 2536 ac
1099 2494 1320 2540 stomacho3
1353 2505 1606 2536 veruntamen
1632 2496 1709 2537 fuit

388 2562 465 2601 To
481 2575 533 2601 M.
566 2563 638 2602 IV.
1331 2563 1364 2601 E
1386 2576 1407 2601 e
