2201 2792
512 194 590 233 334
935 180 1035 218 IN
1106 180 1487 220 VERREM

509 279 697 318 rationem
719 292 811 317 cum
845 279 1091 318 damnatione
1111 279 1324 318 Dolabellae
1355 279 1592 332 permiscuit.
1626 278 1840 318 Commissa
1857 278 1910 316 est

508 347 673 399 pecunia
708 355 810 384 tanta
843 347 1026 384 Praetori:
1072 360 1150 385 non
1182 347 1373 399 reperietis
1408 345 1613 384 hominem
1643 346 1794 391 timide,
1838 358 1911 383 nec

508 411 643 451 leviter
672 411 753 451 haec
784 412 1063 464 improbiffima
1095 412 1202 450 lucra
1231 412 1507 465 ligurientem:
1545 412 1721 451 devorare
1750 425 1911 451 omnem

509 481 712 532 pecuniam
744 479 941 532 publicam
974 493 1052 518 non
1086 479 1291 518 dubitavit.
1324 480 1382 518 Ita
1409 479 1522 532 serpit
1552 479 1650 517 illud
1683 479 1840 518 insitum
1870 479 1910 516 in

509 554 643 583 natura
663 546 826 590 malum,
857 545 1132 584 consuetudine
1166 546 1351 599 peccandi
1372 546 1502 590 libera,
1536 545 1655 584 finem
1682 555 1725 584 ut
1745 545 1910 583 audaciae

510 611 669 650 statuere
691 612 768 665 ipse
788 611 856 649 fibi
877 625 953 650 non
975 612 1100 664 poffit.
1133 614 1306 650 Tenetur
1337 612 1455 664 igitur
1482 611 1701 664 aliquando,
1733 620 1772 649 et
1791 611 1831 649 in
1851 624 1911 649 re-

511 678 582 716 bus
605 688 690 717 tum
711 678 906 723 maximis,
940 688 1025 716 tum
1047 678 1256 716 manifestis
1278 688 1428 717 tenetur
1446 693 1454 717 :
1494 687 1609 730 atque
1640 679 1680 716 in
1700 692 1783 716 eam
1804 677 1910 715 frau-

512 743 601 781 dem
623 743 723 782 mihi
755 744 904 781 videtur
924 745 1108 782 divinitus
1129 744 1315 789 incidiffe,
1348 758 1426 783 non
1453 744 1577 783 solum
1599 753 1641 782 ut
1673 758 1732 782 eas
1765 757 1909 797 poenas,

511 823 603 862 quas
625 810 801 862 proxime
823 809 1028 855 meruisset,
1061 810 1232 856 solveret,
1264 810 1325 848 sed
1355 820 1398 849 ut
1429 810 1495 848 illa
1525 811 1642 848 etiam
1662 810 1799 848 scelera
1832 811 1912 861 ejus

512 877 551 914 in
575 877 810 920 Carbonem,
833 886 869 914 et
890 877 929 914 in
951 876 1198 914 Dolabellam
1218 877 1515 915 vindicarentur.

567 943 778 980 LXXVII.
811 943 970 980 Etenim
1002 956 1099 980 nova
1132 956 1287 995 quoque
1317 943 1389 980 alia
1420 956 1475 980 res
1497 943 1640 987 extitit,
1670 942 1841 993 Judices‚
1874 942 1914 979 in

512 1008 587 1047 hoc
609 1009 784 1053 crimine,
808 1023 892 1061 quae
924 1009 1034 1047 tollat
1064 1022 1222 1047 omnem
1258 1008 1542 1046 dubitationem
1573 1009 1775 1062 superloris
1810 1009 1916 1046 illius

512 1076 717 1113 decumani
737 1075 924 1113 criminis.
960 1076 1079 1120 Nam,
1113 1084 1156 1112 ut
1190 1074 1289 1113 illud
1323 1074 1478 1113 miffum
1510 1074 1664 1120 faciam,
1701 1075 1914 1127 permultos

512 1152 672 1180 aratores
694 1143 733 1180 in
755 1142 889 1180 alteras
907 1142 1101 1186 decumaS,
1119 1150 1156 1179 et
1172 1142 1212 1180 in
1228 1141 1310 1180 haec
1326 1154 1441 1180 DCCC
1459 1142 1584 1180 millia
1599 1140 1792 1187 modium,
1810 1140 1916 1194 quod

513 1217 694 1260 emptum
725 1208 871 1261 populo
892 1208 1072 1246 Romano
1093 1208 1237 1253 darent,
1269 1222 1346 1246 non
1372 1206 1570 1253 habuiffe3
1602 1208 1664 1246 sed
1695 1221 1715 1245 a
1735 1216 1803 1245 tuo
1824 1220 1915 1259 pro·-

514 1285 701 1319 curatore,
732 1274 807 1312 hoc
834 1274 886 1312 est
917 1274 963 1312 ab
984 1275 1173 1327 Apronio,
1206 1274 1360 1319 emiffe5
1393 1288 1440 1312 ex
1471 1288 1548 1327 quo
1579 1273 1747 1326 intelligi
1778 1273 1916 1326 potest,

514 1340 614 1378 nihil
637 1350 673 1378 te
703 1341 913 1378 aratoribus
935 1341 1074 1393 reliqui
1105 1339 1258 1378 feciffe:
1293 1349 1334 1378 ut
1365 1339 1440 1378 hoc
1472 1349 1704 1393 praeteream,
1736 1339 1841 1391 quod
1874 1339 1915 1376 in

514 1408 648 1446 multis
670 1408 722 1446 est
742 1407 968 1445 testimoniis
990 1407 1204 1460 expolitum
1221 1426 1234 1453 3
1266 1407 1387 1460 potest
1417 1407 1487 1445 illo
1508 1407 1722 1460 quidquam
1743 1406 1814 1444 effe
1833 1419 1915 1444 cer-

514 1475 605 1518 tius,
629 1475 666 1512 in
690 1484 754 1512 tua
774 1474 969 1526 potestate,
991 1483 1106 1525 atque
1127 1475 1165 1511 in
1191 1474 1266 1512 tuis
1287 1473 1432 1512 horreis
1453 1487 1570 1512 omne
1589 1472 1834 1511 frumentum
1856 1472 1916 1511 Si-

515 1541 626 1585 ciliae,
648 1554 714 1593 per
735 1541 959 1585 triennium,
983 1550 1096 1592 atque
1117 1554 1250 1578 omnes
1271 1540 1417 1578 fruetus
1439 1541 1517 1593 agri
1538 1540 1756 1585 decumani,
1777 1539 1886 1578 fuiffe
1904 1540 1917 1577 ?

516 1609 621 1646 Cum
643 1608 748 1645 enim
781 1621 799 1644 a
820 1606 1038 1645 civitatibus
1061 1621 1128 1659 pro
1149 1606 1346 1645 frumento
1368 1608 1572 1660 pecuniam
1597 1606 1788 1659 exigebas,
1819 1606 1921 1644 unde

515 1684 592 1712 erat
613 1674 871 1718 frumentum,
890 1674 995 1725 quod
1010 1675 1179 1712 Romam
1201 1675 1387 1719 mitteres,
1405 1675 1430 1712 fi
1452 1683 1494 1712 tu
1514 1673 1554 1711 id
1574 1687 1652 1712 non
1672 1687 1789 1711 omne
1809 1673 1918 1712 clau-

516 1741 615 1788 sum,
647 1751 684 1780 et
714 1740 972 1794 compressum
992 1741 1201 1794 poffidebas
1221 1743 1234 1779 ?
1267 1743 1401 1795 Itaque
1421 1742 1460 1780 in
1482 1755 1528 1780 eo
1552 1740 1750 1779 frumento
1769 1741 1918 1794 primus

517 1808 590 1845 tibi
611 1807 676 1844 ille
696 1807 859 1859 quaestus
879 1805 955 1844 fuit
975 1807 1089 1859 ipfius
1111 1806 1313 1852 frumenti,
1345 1807 1449 1859 quod
1470 1815 1548 1845 erat
1573 1815 1751 1858 ereptum
1771 1806 1818 1844 ab
1837 1818 1918 1843 ara-

517 1873 666 1911 toribus
688 1892 699 1918 3
731 1873 838 1917 alter,
870 1872 975 1924 quod
995 1872 1033 1910 id
1055 1871 1298 1910 frumentum
1319 1872 1599 1925 improbissime
1618 1885 1686 1924 per
1709 1871 1920 1909 triennium

517 1948 684 1991 partum,
722 1953 798 1977 non
834 1938 963 1983 semel,
995 1938 1056 1976 sed
1091 1939 1163 1984 bis,
1200 1952 1323 1991 neque
1358 1952 1449 1984 uno,
1491 1939 1553 1976 sed
1588 1938 1739 1976 duobus
1772 1938 1920 1991 pretiis,

520 2020 644 2043 unum
665 2015 702 2043 et
723 2006 824 2043 idem
846 2004 1090 2043 frumentum
1112 2005 1309 2043 vendidisti
1327 2024 1338 2051 ς
1371 2006 1485 2044 semel
1506 2006 1726 2044 civitatibus
1749 2006 1840 2044 H-S
1864 2019 1919 2044 xv

519 2071 560 2108 in
593 2071 866 2115 medimnum3
899 2071 1039 2108 iterum
1071 2071 1215 2124 populo
1248 2071 1443 2117 Romano,
1474 2086 1494 2110 a
1520 2086 1597 2124 quo
1618 2072 1710 2110 H-S
1732 2084 1847 2110 xv111
1880 2073 1922 2110 in

522 2137 732 2181 medimna,
755 2150 824 2189 pro
844 2137 978 2174 eodem
1001 2137 1068 2175 illo
1088 2136 1286 2175 frumento
1305 2138 1504 2177 abstulisti.

577 2205 632 2240 At
667 2204 771 2240 enim
810 2202 1052 2241 frumentum
1088 2205 1461 2257 Centuripinorum,
1487 2215 1525 2243 et
1556 2204 1920 2257 Agrigentinorum,

523 2279 560 2307 ct
582 2269 859 2306 nonnullorum
894 2267 1042 2306 fortusse
1074 2279 1263 2321 praeterea,
1299 2271 1490 2323 probasti;
1523 2279 1560 2307 et
1586 2269 1647 2307 his
1678 2269 1831 2322 populis
1852 2281 1922 2321 pe-

524 2337 678 2373 cuniam
701 2334 909 2373 diffolvisti.
957 2336 1040 2372 Sint
1072 2335 1208 2387 aliquae
1241 2336 1413 2374 civitates
1434 2337 1473 2374 in
1495 2349 1540 2373 eo
1560 2348 1734 2380 numero,
1757 2348 1921 2386 quarum

524 2400 766 2440 frumentum
799 2401 1014 2454 improbare
1049 2401 1229 2440 nolueris.
1263 2402 1372 2453 Qid
1393 2401 1578 2440 tandem?
1610 2400 1671 2438 his
1702 2400 1922 2439 civitatibus

524 2467 699 2506 omnisne
720 2469 894 2520 pecunia,
931 2482 1016 2520 quae
1048 2482 1117 2522 pro
1148 2468 1345 2507 frumento
1379 2469 1507 2507 debita
1537 2468 1603 2512 est,
1634 2468 1810 2506 dissoluta
1839 2467 1922 2505 est?

527 2536 663 2573 Unum
685 2535 783 2574 mihi
816 2537 949 2589 reperi,
982 2550 1057 2575 non
1089 2536 1294 2590 populum,
1327 2536 1387 2576 sed
1419 2545 1628 2576 aratorem:
1661 2536 1760 2583 vide,
1783 2547 1922 2589 quaere,
