2201 2792
541 238 623 275 404
968 227 1058 267 IN
1126 228 1509 270 VERREM

543 335 580 363 et
615 326 798 379 angustiis
815 345 826 372 ;
859 327 1034 373 tertium,
1070 328 1175 381 quod
1203 329 1389 380 Syracufis
1421 337 1508 367 ante
1538 328 1701 367 Verrem
1732 328 1942 366 Praetorem

543 391 634 432 fuit.
667 394 772 431 Illud
807 393 1024 432 Flaminius
1056 395 1108 432 ita
1138 407 1185 432 ex
1218 394 1295 432 aede
1317 394 1379 432 sua
1398 395 1561 440 sustulit,
1593 405 1637 433 ut
1667 395 1708 433 in
1730 394 1941 448 Capitolio,

543 458 619 498 hoc
653 460 719 505 est,
751 461 790 498 in
817 460 979 498 terrestri
1010 461 1213 499 domicilio
1233 461 1340 512 Jovis
1372 471 1544 514 poneret.
1577 462 1697 514 Qod
1730 471 1860 499 autem
1889 460 1943 498 est

543 527 589 564 ad
610 527 814 565 introitum
838 527 976 572 Ponti,-
1000 528 1053 572 id,
1073 541 1165 566 cum
1186 538 1265 566 tam
1282 529 1408 566 multa
1427 542 1473 567 ex
1491 528 1559 566 illo
1577 528 1674 566 mari
1695 528 1796 566 bella
1815 541 1941 566 emer-

543 592 671 639 serint,
702 602 784 631 tam
804 593 929 631 multa
948 607 1062 646 porro
1081 594 1120 632 in
1143 595 1315 633 Pontum
1336 596 1482 633 inveffi'ta
1508 594 1595 639 sint,
1627 594 1746 646 usque
1765 594 1812 632 ad
1842 593 1943 631 hane

543 660 648 698 diem
670 661 882 713 integrum,
904 660 1213 713 inviolatumque
1233 660 1422 700 servatum
1442 661 1507 699 est.
1528 662 1620 700 Hoc
1642 661 1815 705 tertium,
1838 659 1944 712 quod

544 737 622 765 erat
642 727 843 779 Syracusis,
866 727 971 779 quod
992 728 1056 765 M.
1080 727 1306 773 Marcellus,
1337 736 1504 766 armatus
1538 737 1577 766 et
1604 728 1739 772 νὶἑὶοῑ,
1768 726 1940 771 viderat3

543 794 651 845 quod
671 793 850 845 religioni
870 793 1098 832 concefferat
1114 812 1126 838 3
1158 794 1264 846 quod
1284 794 1399 839 cives,
1432 803 1548 846 atque
1567 794 1702 832 incolae
1722 792 1945 845 Syracusani

543 859 682 904 colere,
705 859 856 897 advenae
876 872 954 897 non
974 858 1099 897 solum
1119 859 1248 904 visere,
1262 873 1398 898 verum
1417 860 1534 898 etiam
1549 860 1732 904 venerari,
1746 858 1916 897 solebant
1929 876 1943 904 ς

543 926 583 964 id
604 926 741 964 Verres
762 939 809 964 ex
830 925 978 978 templo
998 926 1106 977 Jovis
1128 926 1290 964 sustulit.

600 993 657 1030 Ut
677 991 809 1045 saepius
838 991 884 1029 ad
904 992 968 1029 M.
991 992 1229 1030 Marcellum
1250 1002 1426 1036 revertar,
1449 991 1621 1043 Judices,
1653 991 1702 1029 fic
1733 989 1942 1035 habetote;

542 1059 668 1112 plures
705 1058 776 1096 effe
809 1072 830 1096 a
864 1057 1103 1110 Syracusanis
1135 1059 1239 1097 istius
1275 1059 1440 1096 adventu
1477 1060 1596 1103 Deos,
1639 1072 1756 1111 quarn
1786 1057 1944 1096 vi&oria

543 1125 726 1165 Marcelli
769 1124 949 1163 homines
985 1125 1225 1164 defideratos.
1272 1127 1431 1164 Etenim
1472 1126 1538 1164 ille
1578 1125 1767 1178 requisisse
1802 1125 1945 1162 dicitur

543 1193 660 1231 etiam
681 1191 962 1230 Archimedem
983 1192 1112 1238 illum,
1145 1193 1299 1231 summo
1324 1193 1482 1245 ingenio
1501 1191 1721 1237 hominem,
1757 1206 1799 1230 ac
1827 1191 1943 1229 disci-

544 1260 664 1313 plina,
686 1273 857 1311 eumque
877 1273 970 1297 cum
990 1259 1149 1298 audiffet
1169 1259 1432 1304 interfectuim
1454 1260 1681 1313 permoleste
1701 1258 1839 1296 tulisse.
1872 1258 1944 1296 Iste

544 1328 688 1371 omnia,
710 1340 795 1379 quae
816 1326 1026 1378 requifivit‚
1049 1340 1127 1364 non
1146 1336 1190 1364 ut
1210 1325 1383 1371 servaret,
1416 1340 1550 1365 verum
1571 1335 1615 1365 ut
1645 1326 1860 1379 asportaret,
1882 1338 1942 1362 re-

545 1393 713 1446 quislvit.

600 1461 712 1499 LIX.
744 1460 832 1511 Jam
853 1458 932 1504 illa,
955 1459 1045 1510 quia
1066 1459 1207 1497 leviora
1239 1459 1487 1505 videbuntur,
1517 1459 1542 1498 s1
1564 1458 1640 1498 hoc
1660 1459 1748 1497 loco
1768 1458 1944 1496 diceren-

545 1536 621 1572 tur,
658 1527 744 1564 ideo
778 1525 980 1579 praeteribo
998 1544 1008 1570 ;
1041 1525 1146 1578 quod
1179 1526 1247 1563 iste
1267 1526 1413 1564 mensas
1450 1525 1661 1579 Delphicas
1695 1539 1715 1563 e
1737 1538 1944 1569 marmore,

545 1603 703 1632 crateras
738 1607 785 1631 ex
816 1606 886 1630 aere
915 1591 1208 1645 pulcherrimas,
1245 1593 1324 1630 vim
1359 1592 1572 1631 maximam
1603 1592 1776 1630 vasorum
1800 1591 1943 1629 Corin-

546 1658 736 1704 thiorum,
768 1672 815 1696 ex
849 1659 1033 1696 omnibus
1066 1658 1210 1696 aedibus
1242 1658 1353 1697 sacris
1376 1659 1563 1711 Syracusis
1594 1658 1762 1696 abstulit.
1796 1658 1944 1710 Itaque,

547 1727 718 1778 Judices,
748 1724 806 1770 hi,
829 1725 898 1777 qui
917 1724 1086 1778 hospites
1107 1726 1154 1763 ad
1174 1719 1228 1770 ea,
1251 1740 1335 1778 quae
1357 1726 1508 1764 visenda
1528 1725 1627 1770 sunt,
1650 1724 1789 1762 ducere
1809 1723 1944 1768 solent,

545 1792 905 1845 etunumquidque
933 1791 1141 1836 ostendere,
1172 1806 1269 1844 quos
1290 1792 1348 1830 illi
1384 1791 1627 1845 mystagogos
1662 1799 1813 1835 vocant,
1849 1804 1945 1828 con-

545 1859 690 1897 versam
718 1859 801 1910 jam
822 1857 965 1896 habent
998 1858 1364 1896 demonstrationem
1398 1857 1532 1896 suam:
1564 1872 1669 1902 nam,
1707 1866 1749 1894 ut
1769 1865 1855 1894 ante
1875 1855 1943 1893 de-

546 1924 822 1968 monstrabant,
854 1923 948 1975 quid
971 1923 1116 1975 ubique
1147 1923 1263 1968 effet;
1295 1925 1348 1961 ita
1380 1937 1497 1968 nunc,
1530 1923 1626 1974 quid
1647 1922 1818 1974 undique
1839 1921 1944 1959 abla-

545 2000 632 2028 tum
653 1990 711 2034 sit,
742 1989 959 2027 ostendunt.
993 1990 1102 2041 Qid
1133 1990 1248 2027 tum?
1280 1989 1515 2028 mediocrine
1546 1989 1701 2027 tandem
1732 1988 1863 2026 dolore
1883 2001 1946 2026 eos

547 2056 700 2094 affeE'oes
731 2055 801 2093 effe
832 2055 1100 2093 arbitramini?
1133 2056 1227 2094 Non
1249 2056 1301 2094 ita
1324 2056 1391 2100 est,
1412 2056 1568 2107 Judices
1587 2070 1595 2094 :
1628 2055 1818 2108 primum,
1841 2053 1948 2106 quod

547 2136 681 2161 omnes
714 2122 899 2174 religione
919 2131 1138 2167 moventur,
1170 2132 1208 2160 et
1242 2123 1347 2161 Deos
1380 2123 1536 2176 patrios,
1569 2136 1665 2175 quos
1686 2136 1706 2159 a
1736 2121 1946 2174 majoribus

547 2199 792 2243 acceperunt,
823 2189 1006 2227 colendos
1028 2189 1097 2227 fibi
1119 2190 1338 2243 diligenter,
1369 2199 1407 2229 et
1426 2189 1645 2228 retinendos
1667 2188 1738 2227 effe
1759 2189 1946 2226 arbitran-

548 2267 637 2302 tur;
669 2256 820 2301 deinde,
843 2254 907 2293 hic
929 2265 1097 2301 ornatus,
1129 2255 1210 2294 haec
1234 2270 1361 2309 opera,
1393 2265 1507 2309 atque
1526 2256 1699 2300 artificia,
1735 2255 1850 2307 ligna,
1888 2263 1945 2291 ta-

549 2324 648 2362 bulae
669 2323 793 2376 pietat,
831 2322 988 2360 Graecos
1021 2320 1201 2359 homines
1222 2323 1345 2360 nimio
1365 2336 1478 2375 opere
1499 2322 1700 2359 delectant.
1734 2321 1870 2372 Itaque
1900 2333 1948 2357 ex

547 2390 707 2428 illorum
728 2389 981 2442 querImoniis
1002 2389 1217 2441 intelligere
1245 2389 1457 2441 possumus,
1489 2387 1571 2426 haec
1603 2388 1680 2425 illis
1712 2386 1948 2425 acerbiffima

547 2457 680 2501 videri,
712 2470 798 2508 quae
818 2454 972 2493 forsitan
993 2455 1104 2493 nobis
1128 2455 1238 2499 levia,
1269 2465 1307 2492 et
1328 2454 1611 2492 contemnenda
1641 2453 1711 2491 effe
1731 2453 1944 2491 videantur.

548 2521 657 2560 Mihi
677 2522 833 2567 credite,
855 2521 1027 2573 Judices,
1063 2522 1228 2573 (tametfi
1263 2521 1509 2573 vosmetipsos
1543 2519 1625 2558 haec
1658 2520 1791 2558 eadem
1819 2519 1948 2557 audire

548 2598 652 2629 certo
673 2589 766 2640 scio)
790 2603 881 2627 cum
903 2589 1045 2628 multas
1078 2589 1294 2642 acceperint
1325 2602 1391 2641 per
1408 2587 1522 2627 hosce
1556 2601 1674 2627 annos
1696 2587 1803 2634 socii,
1833 2596 1947 2639 atque
