2201 2792
503 167 578 219 348
931 168 1021 208 IN
1092 169 1474 208 VERREM

500 267 783 307 mentiebatur:
806 268 868 307 sed
887 270 1019 308 eadem
1036 269 1102 308 ista
1117 270 1364 308 aestimatione
1384 271 1477 309 alter
1496 270 1707 309 sublevarat
1722 278 1900 315 aratores,

500 335 595 373 alter
614 345 807 374 everterat.
855 337 973 388 Qod
1008 337 1075 374 nifi
1111 338 1238 374 omnis
1259 336 1445 375 frumenti
1477 338 1571 376 ratio
1591 351 1639 376 ex
1659 337 1900 390 temporibus

500 401 603 446 esset,
622 410 659 439 et
678 415 840 447 annona,
863 416 940 440 non
961 416 1008 440 ex
1024 416 1200 447 numero,
1217 416 1342 455 neque
1358 418 1405 441 ex
1425 403 1588 449 summa,
1610 402 1897 447 confideranda;

500 482 701 520 nunquam
724 479 802 506 tam
823 470 920 521 grati
941 468 982 507 hi
1002 469 1262 521 sesquimodii,
1293 471 1566 522 QHortenfi,
1588 470 1771 515 fuiffent3
1803 482 1900 522 quos

500 545 543 573 tu
564 550 655 574 cum
677 537 722 574 ad
754 537 936 575 mensurae
966 546 1045 574 tam
1076 538 1256 589 exiguam
1278 538 1464 576 rationem
1492 538 1638 591 populo
1659 539 1839 575 Romano
1859 536 1900 574 in

500 602 624 654 capita
657 602 917 654 descripfiffes,
950 603 1205 655 gratiffimum
1240 604 1422 641 omnibus
1447 602 1584 641 fecisti.
1618 603 1763 641 Caritas
1794 602 1901 639 enim

499 681 659 706 annonae
678 667 856 713 faciebat,
893 678 935 706 ut
969 669 1079 713 istuc,
1110 669 1215 721 quod
1236 683 1274 707 re
1301 683 1461 722 parvum
1483 669 1696 714 videbatur,
1729 677 1902 721 tempore

498 747 688 787 magnum
708 734 912 773 videretur.
939 735 1048 773 Idem
1069 735 1164 773 istuc
1185 736 1210 773 fi
1231 736 1271 773 in
1293 736 1438 773 vilitate
1458 736 1603 789 populo
1623 736 1804 774 Romano
1823 734 1899 772 lar-

498 800 573 854 giri
586 800 784 846 voluiffes;
802 801 968 839 derisum
986 811 1099 840 tuum
1115 801 1348 840 beneficium
1365 802 1467 847 esset,
1482 812 1597 855 atque
1608 810 1898 854 contemptum.

553 867 707 905 XCIII.
740 867 837 905 Noli
858 868 977 920 igitur
997 868 1134 913 dicere,
1167 868 1282 906 istum
1304 868 1408 906 idem
1429 868 1569 913 fecisse,
1591 868 1697 921 quod
1719 867 1900 905 Sacerdo-

497 941 603 971 tem:
636 934 823 986 quoniam
844 948 921 972 non
942 948 988 972 eo
1008 944 1195 988 tempore,
1228 948 1352 987 neque
1373 935 1489 973 fimili
1509 934 1604 973 fecit
1628 947 1790 972 annona.
1823 933 1900 971 Di-

499 1001 579 1038 cito
598 1001 741 1053 potius,
774 1002 959 1053 quoniam
988 1000 1104 1039 habes
1125 1003 1319 1039 auctorem
1348 1001 1547 1046 idoneum,
1579 1000 1683 1053 quod
1704 1000 1900 1038 Antonius

497 1069 578 1105 uno
598 1067 764 1105 adventu
785 1077 822 1105 et
842 1068 906 1106 vix
927 1067 1130 1106 menstruis
1151 1067 1304 1105 cibariis
1325 1066 1471 1112 fecerit,
1500 1068 1539 1105 id
1560 1067 1675 1105 istum
1694 1080 1761 1120 per
1781 1066 1900 1104 trien-

498 1133 612 1170 nium
631 1132 783 1171 fecisse:
806 1142 844 1171 et
862 1134 966 1172 istius
988 1134 1250 1171 innocentiam
1272 1134 1335 1172 M.
1355 1134 1518 1172 Antonii
1538 1133 1652 1178 facto,
1673 1141 1788 1184 atque
1808 1145 1901 1170 auc-

499 1200 652 1238 toritate
685 1199 895 1239 defendito.
930 1201 1034 1239 Nam
1071 1201 1117 1238 de
1148 1201 1233 1238 Sex.
1268 1200 1427 1252 quidem
1460 1201 1659 1244 Peducaeo,
1696 1198 1901 1237 fortiffimo

498 1275 614 1319 atque
648 1267 959 1304 innocentiffimo
990 1268 1086 1310 viro,
1122 1266 1217 1318 quid
1238 1266 1404 1304 dicetis?
1436 1266 1482 1303 de
1501 1280 1579 1318 quo
1610 1265 1696 1318 quis
1726 1278 1899 1317 unquam

498 1341 621 1371 arator
641 1333 794 1385 questus
815 1332 867 1370 est
885 1333 898 1369 ?
920 1341 985 1370 aut
1006 1333 1093 1384 quis
1114 1346 1192 1370 non
1212 1332 1259 1370 ad
1278 1331 1354 1370 hoc
1376 1342 1527 1385 tempus
1548 1331 1900 1370 innocentiffimam

498 1399 680 1436 omnium
713 1398 1118 1451 diligentissimamque
1146 1407 1348 1451 praeturam
1380 1398 1485 1436 illius
1505 1396 1676 1436 hominis
1703 1396 1899 1435 existima-

499 1466 584 1503 vit?
617 1465 824 1503 Biennium
846 1465 1085 1517 provinciam
1107 1465 1293 1509 obtinuit,
1316 1478 1407 1502 cum
1426 1464 1519 1502 alter
1536 1477 1656 1502 annus
1677 1464 1716 1501 in
1738 1463 1896 1507 vilitate,

499 1531 595 1570 alter
625 1532 666 1569 in
698 1531 849 1569 summa
869 1532 1035 1575 caritate,
1058 1530 1188 1569 fuerit.
1236 1532 1349 1569 Num
1370 1540 1435 1569 aut
1455 1531 1495 1568 in
1517 1531 1662 1568 vilitate
1685 1543 1898 1568 nummum

498 1607 621 1636 arator
641 1597 846 1650 quisquam
867 1597 973 1634 dedit
989 1615 1000 1641 ς
1033 1606 1097 1634 aut
1128 1598 1168 1634 in
1188 1597 1342 1634 caritate
1362 1597 1408 1634 de
1439 1596 1688 1635 aestimatione
1712 1595 1900 1633 frumenti

498 1663 652 1717 questus
673 1663 725 1701 est
742 1664 755 1699 ?
787 1664 842 1701 At
862 1663 1035 1700 uberiora
1055 1663 1197 1711 cibari-a
1215 1662 1312 1700 fac'ta
1331 1663 1418 1700 sunt
1439 1663 1607 1701 caritate.
1641 1662 1767 1700 Credo
1785 1676 1794 1699 ε
1829 1674 1898 1698 ne-

497 1742 574 1783 que
594 1729 634 1767 id
654 1728 706 1766 est
726 1742 887 1773 novum,
910 1742 1034 1780 neque
1055 1727 1433 1781 reprehendendum.

554 1795 682 1835 Modo
702 1797 750 1833 C.
774 1795 950 1833 Sentium
981 1795 1163 1839 vidimus,
1195 1794 1398 1833 hominem
1420 1804 1544 1832 vetere
1565 1794 1631 1831 illa
1656 1807 1698 1831 ac
1721 1793 1899 1845 singulari

498 1863 719 1902 innocentia
739 1862 960 1915 praeditum,
993 1872 1146 1914 propter
1166 1863 1362 1899 caritatem
1386 1861 1586 1904 frumenti,
1618 1874 1701 1912 quae
1720 1858 1896 1896 fueratin

498 1928 744 1971 Macedonia,
764 1939 1013 1979 permagnam
1034 1940 1080 1964 ex
1101 1927 1252 1964 cibariis
1273 1926 1476 1978 pecuniam
1498 1926 1707 1977 deportare.
1740 1924 1894 1975 Qam-

498 1995 632 2032 obrem
654 2007 731 2031 non
760 2005 832 2044 ego
852 1992 1006 2029 invideo
1040 1992 1116 2029 tuis
1136 1993 1368 2036 commodis,
1401 1992 1426 2029 fi
1448 2005 1523 2043 qua
1543 1991 1587 2028 ad
1610 2000 1646 2028 te
1667 1991 1749 2042 lege
1780 2004 1896 2027 vene-

498 2069 589 2099 runt
607 2075 615 2098 :
640 2059 820 2111 injuriam
841 2072 992 2111 queror,
1016 2059 1305 2112 improbitatem
1327 2072 1518 2111 coarguo:
1552 2057 1746 2095 avaritiam
1765 2057 1805 2094 in
1818 2058 1895 2095 cri-

499 2141 604 2172 men,
626 2135 663 2164 et
684 2127 723 2164 in
739 2125 935 2177 judicium
954 2140 1062 2164 voco.
1110 2127 1228 2177 Qod
1259 2126 1284 2164 fi
1306 2124 1537 2178 suspiciones
1559 2125 1715 2176 injicere
1744 2123 1896 2168 voletis,

498 2194 544 2232 ad
564 2193 689 2246 plures
710 2191 902 2235 homines,
925 2202 962 2229 et
982 2193 1027 2230 ad
1048 2193 1173 2244 plures
1195 2193 1408 2244 provincias
1429 2192 1577 2229 crimen
1595 2190 1669 2228 hoc
1686 2189 1892 2242 pertinere;

499 2274 577 2299 non
600 2274 671 2311 ego
692 2259 800 2296 istam
822 2256 1080 2295 defcnfionem
1102 2258 1260 2296 vestram
1291 2258 1571 2310 permitescam,
1599 2257 1659 2294 sed
1680 2269 1742 2293 me
1762 2256 1893 2292 omni-

499 2341 566 2366 um
590 2325 871 2379 provinciarum
891 2323 1127 2362 defensorem
1157 2324 1227 2362 effe
1248 2324 1469 2376 profitebor.
1503 2323 1663 2361 Etenim
1695 2321 1769 2359 hoc
1790 2321 1893 2366 dico,

499 2403 535 2431 et
556 2405 693 2444 magna
713 2404 804 2429 voce
825 2390 912 2428 dico
928 2408 939 2435 ;
973 2390 1176 2443 Ubicunque
1194 2390 1410 2442 hocfifflum
1429 2389 1486 2442 cst,
1508 2388 1660 2443 improbe
1666 2389 1814 2443 faffz‘um
1834 2388 1892 2441 est.

501 2459 705 2511 Qa‘cunque
724 2456 902 2509 hocji‘cl't,
911 2457 1086 2510 sttpplicio
1105 2456 1232 2508 dignus
1250 2455 1307 2509 est.
