2201 2792
523 175 594 214 168
945 175 1035 213 IN
1109 175 1490 214 VERREM

515 276 610 314 Vidi
644 275 834 314 collucere
865 274 997 313 omnia
1026 273 1139 313 furtis
1173 275 1262 320 tuis,
1298 275 1423 328 praeda
1457 274 1755 328 provinciarum,
1788 274 1919 328 spoliis

518 343 722 388 sociorum,
752 350 867 394 atque
887 342 1115 380 amicorum.
1148 342 1241 393 Qo
1259 342 1419 394 quidem
1441 351 1626 394 tempore,
1648 341 1818 393 Judices,
1850 342 1918 381 iste

516 411 620 464 spem
641 409 854 448 maximam
875 409 1113 461 reliquorum
1131 422 1286 461 quoque
1306 418 1553 461 peccatorum
1570 410 1700 448 nactus
1722 409 1786 448 est.
1805 409 1918 447 Vidit

515 477 619 516 enim
639 490 717 522 eos,
750 476 820 528 qui
844 475 1084 528 judiciorum
1104 474 1283 514 dominos
1304 475 1339 513 se
1365 475 1442 514 dici
1463 475 1654 520 volebant,
1685 474 1824 514 harum
1844 488 1915 514 cu-

513 543 724 597 piditatum
743 541 815 580 effe
837 541 974 580 servos.
1021 541 1121 579 Socii
1142 554 1244 585 vero,
1265 540 1512 593 nationesque
1532 549 1669 579 exterae
1689 540 1796 593 spem
1826 554 1915 580 om-

513 610 626 648 nium
661 618 748 647 tum
781 609 956 661 primum
989 607 1158 659 abjecere
1190 621 1336 652 rerum,
1381 620 1423 645 ac
1457 605 1702 645 fortunarum
1733 606 1916 651 suarum;

514 685 713 729 propterea
733 675 837 727 quod
857 674 943 712 casu
963 673 1079 726 legati
1099 687 1146 711 ex
1166 674 1268 719 Afia,
1296 685 1410 726 atque
1431 672 1579 713 Achaia
1598 673 1758 726 plurimi
1780 673 1918 712 Rornae

513 752 608 782 tunc
638 741 809 786 fuerunt,
845 741 914 793 qui
934 742 1110 779 Deorum
1131 740 1344 785 fimulacra,
1379 753 1426 780 ex
1456 739 1531 779 suis
1551 738 1650 778 fanis
1683 739 1841 784 sublata,
1876 739 1917 776 in

513 809 599 848 foro
617 808 892 847 venerabantur
909 826 920 852 5
949 807 1122 859 itemque
1141 815 1274 845 caetera
1292 806 1394 860 figna
1414 815 1451 845 et
1465 815 1689 845 ornamenta
1707 819 1801 845 curn
1821 817 1916 858 cog-

513 876 725 919 noscerent,
757 874 829 911 alia
862 873 937 911 alio
968 873 1007 910 in
1035 872 1121 911 loco
1151 873 1403 925 lacrymantes
1437 873 1701 912 intuebantur.
1734 871 1918 923 Qorum

513 942 695 981 omnium
716 940 821 978 hunc
842 939 1056 977 sermonem
1076 949 1162 978 tum
1191 939 1262 977 effe
1281 939 1527 978 audiebamus
1541 958 1553 984 3
1585 939 1697 978 Nihil
1725 937 1798 990 effi’,
1829 935 1923 990 quod

513 1008 694 1062 qztg‘squam
713 1005 895 1044 dubitaret
926 1004 966 1042 de
991 1004 1096 1042 exitio
1101 1005 1294 1057 sociorum,
1322 1014 1429 1057 atque
1447 1004 1655 1048 amicorum,
1685 1017 1763 1042 cum
1783 1001 1918 1056 quidem

511 1074 677 1113 viderent
696 1073 733 1110 in
749 1072 838 1124 foro
850 1070 978 1123 populi
992 1070 1159 1115 Romani,
1191 1084 1256 1123 quo
1275 1070 1312 1108 in
1331 1070 1400 1109 loco
1420 1080 1542 1115 antea,
1572 1069 1636 1122 qui
1637 1068 1746 1122 ficiis
1763 1067 1919 1121 injurias

498 1141 688 1193 ficerant,
718 1136 882 1191 acczgsr'zri
898 1145 932 1174 et
964 1135 1191 1176 condemnari
1202 1135 1381 1189 filebant‚
1413 1136 1464 1174 ibi
1486 1134 1546 1189 cffe'·
1569 1136 1695 1189 palam
1717 1135 1834 1188 pqfita
1862 1140 1917 1179 eci,

512 1222 592 1261 quae
610 1205 769 1258 absociis
781 1213 851 1256 per
856 1203 974 1256 scelus
993 1202 1130 1246 ablata,
1151 1210 1340 1254 ereptaque
1358 1200 1475 1253 estant.

567 1273 650 1310 Hic
680 1284 751 1323 ego
781 1282 861 1307 non
880 1268 1042 1306 arbitror
1073 1267 1189 1305 illum
1214 1275 1460 1319 negaturum,
1494 1266 1598 1319 figna
1628 1265 1700 1304 sese
1731 1265 1915 1319 plurima,

512 1338 659 1377 tabulas
680 1337 797 1389 pictas
818 1334 1115 1372 innumerabiles
1141 1332 1306 1371 habere:
1338 1333 1415 1379 sed,
1448 1342 1490 1371 ut
1521 1333 1673 1386 opinor,
1703 1332 1798 1371 solet
1816 1330 1917 1376 haeC,

512 1419 597 1458 quae
627 1403 753 1457 rapuit
784 1411 822 1440 et
847 1400 993 1439 furatus
1014 1400 1080 1446 est,
1116 1413 1398 1453 nonnunquam
1417 1400 1543 1439 dicere
1562 1399 1598 1438 se
1618 1398 1749 1438 emiffe
1763 1417 1776 1444 3
1813 1411 1915 1451 quo-

512 1472 618 1510 niam
639 1469 797 1521 quidem
817 1467 858 1505 in
874 1465 1077 1511 Achaiam,
1095 1466 1239 1512 Afiam,
1254 1465 1541 1519 Pamphyliam,
1562 1465 1721 1518 sumptu
1740 1464 1916 1518 publicO,

512 1547 550 1575 et
571 1535 770 1589 legationis
789 1535 961 1579 nomine,
983 1542 1171 1572 mercator
1190 1533 1386 1586 fignorum
1409 1532 1704 1584 tabularumque
1724 1531 1916 1584 piCtarum

513 1603 643 1642 miffus
664 1602 729 1640 cst.

566 1669 722 1707 XXIII.
757 1667 895 1705 Habeo
915 1675 952 1704 et
971 1665 1092 1710 istius,
1114 1674 1151 1703 et
1171 1665 1288 1717 patris
1319 1666 1400 1717 ejus
1432 1664 1579 1717 accepti
1596 1663 1741 1702 tabulas
1762 1674 1914 1707 omnes,

512 1748 604 1788 quas
626 1732 912 1786 diligentissime
933 1731 1022 1784 legi,
1045 1740 1159 1783 atque
1179 1730 1308 1784 digefii
1322 1749 1335 1776 3
1362 1730 1495 1783 patris,
1524 1729 1652 1783 quoad
1670 1729 1786 1774 vixit3
1815 1736 1914 1773 tuas,

511 1801 637 1855 quoad
657 1801 708 1838 ais
729 1809 766 1837 te
787 1797 1014 1837 confeciffe:
1047 1812 1137 1836 nam
1166 1798 1207 1837 in
1228 1797 1310 1843 isto,
1333 1797 1505 1848 Judices,
1537 1796 1612 1835 hoc
1638 1809 1785 1835 novum
1804 1807 1914 1848 repe-

511 1869 630 1906 rietis.
661 1866 872 1908 Audimus,
895 1864 1066 1915 aliquem
1094 1864 1241 1902 tabulas
1263 1877 1465 1915 nunquam
1494 1861 1722 1906 confeciffe5
1756 1875 1841 1913 quae
1861 1860 1915 1899 est

511 1933 642 1984 opinio
678 1930 887 1968 hominum
919 1928 965 1965 de
985 1928 1160 1966 Antonio
1192 1927 1311 1966 falsa:
1343 1941 1434 1966 nam
1466 1926 1561 1965 fecit
1595 1926 1911 1979 diligentiffime:

511 2011 645 2035 verum
677 1996 722 2034 sit
751 1994 826 2032 hoc
857 2007 977 2046 genus
1008 1994 1179 2046 aliquod,
1211 1994 1375 2032 minime
1396 1993 1654 2046 probandum.
1701 1992 1912 2038 Audimus,

511 2063 633 2101 alium
654 2075 731 2100 non
757 2060 804 2098 ab
836 2060 948 2097 initio
968 2058 1110 2104 fecisse,
1142 2058 1202 2097 sed
1235 2072 1281 2097 ex
1314 2069 1486 2112 tempore
1515 2059 1645 2112 aliquo
1676 2058 1911 2098 confeciffe?

512 2128 579 2167 Est
600 2127 727 2179 aliqua
747 2126 863 2163 etiam
884 2124 1041 2177 hujusce
1060 2125 1112 2163 rei
1133 2125 1241 2163 ratio.
1265 2126 1357 2163 Hoc
1378 2138 1466 2163 vcro
1481 2139 1628 2164 novum
1643 2134 1681 2163 et
1702 2125 1914 2164 ridiculum

500 2195 576 2239 -est,
599 2193 703 2246 quod
722 2191 787 2230 hic
809 2192 918 2230 nobis
941 2191 1146 2244 respondit,
1177 2205 1270 2229 cum
1290 2191 1337 2229 ab
1371 2205 1416 2230 eo
1437 2192 1582 2230 tabulas
1603 2191 1880 2245 postularemus
1897 2210 1911 2235 5

511 2261 629 2313 usque
662 2260 708 2298 ad
743 2260 804 2297 M.
827 2259 1074 2302 Terentium,
1107 2267 1144 2295 et
1176 2260 1223 2296 C.
1248 2258 1418 2296 Caffium
1450 2258 1648 2302 Consules,
1679 2256 1908 2301 confeciffe3

512 2327 637 2380 postea
663 2324 849 2363 destitiffe.
880 2324 972 2362 Alio
1008 2324 1106 2368 loco,
1137 2323 1212 2362 hoc
1233 2324 1449 2376 cujusmodi
1480 2324 1537 2368 fit,
1570 2323 1907 2362 considerabimus.

513 2395 632 2432 Nunc
654 2391 752 2430 nihil
773 2392 818 2430 ad
851 2405 914 2429 me
945 2391 1107 2429 attinet:
1139 2389 1282 2428 horum
1303 2391 1407 2428 enim
1429 2400 1664 2443 temporum,
1697 2390 1735 2427 in
1768 2390 1910 2442 quibus

513 2473 616 2496 nunc
638 2459 772 2504 versor,
791 2457 914 2496 habeo
934 2457 1079 2495 tabulas
1100 2466 1138 2494 et
1159 2466 1254 2501 tuas,
1276 2465 1313 2493 ct
1333 2457 1464 2508 patris.
1498 2457 1669 2495 Plurima
1690 2456 1792 2508 figna
1820 2456 1909 2509 pul-

512 2524 714 2569 cherrima,
751 2524 935 2577 plurimas
971 2523 1116 2562 tabulas
1150 2523 1314 2575 optimas
1349 2522 1554 2576 deportaffe
1587 2533 1634 2569 tc,
1667 2536 1801 2576 negare
1833 2535 1911 2561 non
