2201 2792
502 231 581 273 344
931 218 1021 257 IN
1094 219 1472 258 VERREM

498 331 541 355 ea
560 331 631 363 res,
663 331 780 370 quam
815 331 886 371 ego
908 318 1009 363 dico,
1039 327 1077 356 et
1097 332 1152 363 ea,
1175 332 1292 371 quam
1330 329 1371 357 tu
1404 319 1541 365 fecisti,
1571 321 1670 358 inter
1697 319 1732 357 se
1765 331 1901 372 genere

498 384 661 436 injuriae,
685 398 762 422 non
783 384 1050 436 magnitudine
1071 385 1258 437 pecuniae,
1280 385 1443 423 differat.
1478 386 1623 424 Verum
1649 385 1759 424 istam
1781 384 1901 438 ipsam

499 451 637 488 cellam
658 450 755 489 ferre
776 451 884 489 nullo
905 451 1022 488 modo
1042 451 1208 503 poffunt.
1233 453 1289 489 Ut
1310 453 1439 490 omnia
1459 453 1726 497 remittantur;
1750 463 1793 490 ut
1813 465 1901 490 om-

499 517 613 555 nibus
641 517 806 569 injuriis,
843 525 880 554 et
914 517 1212 562 calamitatibus,
1244 531 1336 570 quas
1372 528 1408 556 te
1443 519 1606 556 Praetore
1637 519 1823 562 tulerunt,
1860 518 1902 555 in

499 583 691 636 posterum
716 584 952 627 liberentur,
985 583 1093 621 istam
1114 583 1149 620 se
1171 583 1323 629 cellam,
1346 593 1460 636 atque
1481 584 1590 622 istam
1611 584 1903 622 aestimationem

500 660 640 703 negant
661 649 694 687 se
716 650 796 687 ullo
817 649 933 687 modo
954 648 1050 687 ferre
1071 650 1185 702 poffe.

555 716 828 754 LXXXVIII.
862 716 993 753 Multa
1023 715 1231 769 Sophocles
1255 717 1532 770 Agrigentinus
1559 717 1661 770 apud
1682 718 1758 754 Cn.
1782 717 1903 754 Pom-

499 783 634 836 peium
656 781 866 820 Consulem
897 795 1032 835 nuper,
1064 781 1186 820 homo
1206 782 1481 828 disertissimus,
1513 793 1549 821 et
1580 782 1689 821 omni
1717 782 1902 826 doctrina,

499 859 538 887 et
558 851 698 886 virtute
718 848 989 893 ornatissimus,
1018 863 1087 901 pro
1109 858 1189 887 tota
1209 849 1337 888 Sicilia
1357 850 1401 887 de
1422 860 1612 888 aratorum
1634 848 1794 886 miseriis
1814 861 1903 901 gra-

498 916 609 961 viter,
631 929 673 954 ac
693 914 844 968 copiose
874 914 1018 960 dixiffe,
1052 929 1094 953 ac
1125 915 1328 968 deplorafi'e
1359 917 1515 955 dicitur.
1548 918 1610 954 Ex
1641 915 1783 968 quibus
1811 914 1902 960 hoc,

498 983 561 1027 iis,
594 983 662 1034 qui
682 982 849 1027 aderant,
888 982 996 1033 (nam
1030 996 1173 1034 magno
1192 991 1386 1021 conventu
1417 985 1496 1021 aeta
1516 996 1571 1021 res
1592 983 1661 1034 est)
1684 981 1902 1034 indignissi-

500 1064 613 1089 mum
631 1050 831 1088 videbatur
848 1063 857 1087 :
890 1062 966 1101 qua
985 1049 1025 1086 in
1045 1062 1084 1086 re
1099 1048 1247 1087 senatus
1267 1050 1430 1102 optime,
1452 1064 1495 1088 ac
1516 1049 1784 1103 benignissime
1811 1062 1903 1086 cum

500 1116 710 1154 aratoribus
730 1115 874 1168 egisset,
908 1115 1023 1168 large,
1044 1115 1329 1168 liberaliterque
1359 1116 1582 1162 aestimaffet,
1616 1118 1656 1154 in
1677 1129 1719 1154 ea
1738 1129 1777 1153 re
1805 1128 1901 1168 prae-

500 1183 580 1221 dari
601 1185 822 1227 Praetorem,
846 1181 956 1219 bonis
978 1182 1095 1220 everti
1127 1192 1287 1221 aratores
1306 1201 1316 1227 ς
1348 1192 1386 1221 et
1418 1184 1456 1221 id
1478 1197 1555 1222 non
1576 1183 1694 1221 modo
1714 1182 1812 1227 fieri,
1843 1180 1905 1219 sed

500 1249 553 1287 ita
573 1249 668 1294 fieri,
691 1249 792 1301 quasi
813 1249 939 1293 liceat,
962 1248 1258 1300 concessumque
1276 1249 1333 1287 sit.

556 1315 664 1368 Qid
685 1315 731 1352 ad
751 1314 832 1352 haec
850 1314 1107 1352 Hortensius?
1139 1315 1296 1353 Falsum
1316 1314 1387 1352 effe
1407 1315 1554 1354 crimen
1571 1315 1582 1351 ?
1604 1315 1680 1354 hoc
1701 1327 1904 1367 nunquam

499 1381 616 1420 dicet.
648 1381 743 1419 Non
765 1394 944 1433 magnam
962 1379 1034 1418 hac
1055 1381 1198 1418 ratione
1224 1382 1430 1434 pecuniam
1461 1390 1612 1435 captam
1632 1382 1644 1419 ?
1676 1395 1723 1419 ne
1753 1381 1792 1418 id
1807 1380 1904 1436 flui-

500 1448 590 1486 dem
612 1447 720 1485 dicit.
753 1447 845 1485 Non
867 1447 1048 1499 injuriam
1075 1446 1214 1484 &fitam
1245 1447 1399 1492 Siculis,
1432 1457 1545 1500 atque
1564 1447 1804 1486 aratoribus?
1836 1447 1905 1499 qui

501 1514 643 1568 poterit
664 1514 788 1551 dicere
807 1514 819 1550 ?
852 1513 961 1563 Qid
991 1514 1110 1565 igitur
1130 1513 1231 1551 dicet
1249 1513 1262 1550 ?
1293 1512 1422 1551 fecifi‘e
1446 1514 1554 1552 alios.
1587 1514 1695 1566 Qid
1716 1514 1769 1551 est
1799 1511 1903 1551 hoc?

501 1590 633 1619 utrum
654 1580 811 1618 crimini
845 1579 1026 1624 defensio,
1059 1593 1105 1617 an
1127 1580 1333 1618 comitatus
1354 1580 1486 1625 exilio,
1522 1581 1734 1633 quaeritur?
1766 1581 1832 1618 Tu
1864 1579 1905 1617 in

501 1646 574 1685 hac
595 1646 804 1699 republica,
823 1659 869 1683 an
891 1646 930 1683 in
952 1645 1022 1684 hac
1043 1645 1253 1684 hominum
1274 1647 1449 1691 libidine,
1481 1657 1518 1684 et
1542 1649 1601 1699 (ut
1622 1646 1747 1684 adhuc
1768 1645 1906 1684 habuit

499 1714 537 1751 se
556 1714 671 1751 status
687 1713 944 1765 judiciorum)
968 1713 1082 1750 etiam
1104 1712 1274 1758 licentia,
1297 1727 1374 1751 non
1395 1726 1442 1751 ex
1457 1714 1556 1766 jure,
1580 1727 1657 1752 non
1677 1727 1724 1751 ex
1743 1713 1904 1765 aequita-

501 1789 565 1833 te,
589 1794 666 1818 non
698 1794 744 1817 ex
765 1779 862 1831 lege,
897 1792 974 1816 non
995 1793 1043 1817 ex
1063 1792 1122 1823 eo,
1155 1780 1262 1831 quod
1281 1781 1508 1832 oportuerit,
1541 1793 1619 1817 non
1640 1793 1687 1817 ex
1711 1792 1769 1823 e0,
1801 1778 1907 1830 quod

500 1847 653 1884 licuerit
670 1864 680 1890 ;
714 1845 775 1882 sed
794 1859 840 1882 ex
860 1858 919 1888 eo,
952 1845 1058 1896 quod
1078 1845 1217 1897 aliquis
1237 1844 1390 1890 fecerit,··
1413 1845 1452 1883 id
1474 1845 1578 1898 quod
1599 1844 1904 1898 reprehenditur,

500 1915 599 1950 refte
619 1911 765 1949 saecum
785 1909 856 1947 effe
877 1909 1054 1948 defendes
1074 1910 1087 1946 ?

558 1980 749 2016 Fecerunt
779 1976 843 2013 alii
873 1976 944 2013 alia
964 1990 1081 2028 quam
1103 1976 1250 2015 multa:
1283 1990 1351 2014 cur
1380 1977 1421 2015 in
1447 1975 1523 2015 hoc
1544 1991 1622 2016 uno
1641 1977 1804 2015 crimine
1835 1976 1907 2015 isto

502 2057 640 2097 genere
660 2042 888 2080 defensionis
924 2043 1068 2080 uteris?
1102 2045 1198 2081 Sunt
1229 2043 1406 2095 quaedam
1426 2044 1589 2082 omnino
1620 2044 1660 2081 in
1681 2053 1717 2081 te
1737 2043 1905 2096 singula-

503 2112 572 2155 ria,
604 2124 687 2162 quae
708 2110 748 2147 in
770 2109 923 2147 nullum
955 2110 1074 2148 alium
1096 2109 1299 2148 hominem
1319 2111 1412 2155 dici,
1443 2124 1568 2163 neque
1595 2110 1799 2148 convenire
1818 2109 1907 2163 pos-

502 2178 604 2222 sint;
637 2176 812 2229 quiedam
848 2176 919 2213 tibi
946 2190 1037 2214 cum
1066 2177 1201 2215 multis
1236 2177 1475 2215 communia.
1508 2179 1628 2230 Ergo,
1659 2186 1702 2215 ut
1725 2177 1907 2215 omittam

504 2252 590 2282 tuos
613 2242 825 2295 peculatuS,
857 2250 899 2279 ut
919 2242 969 2279 ob
995 2243 1060 2294 jus
1090 2243 1298 2280 dicendum
1318 2243 1499 2296 pecunias
1520 2251 1707 2294 acceptas,
1742 2251 1784 2280 ut
1803 2241 1904 2294 ejus-

506 2310 612 2348 modi
633 2318 778 2353 caetera,
811 2321 894 2360 quae
915 2307 1068 2346 forsitan
1102 2309 1165 2345 alii
1187 2322 1342 2361 quoque
1361 2310 1477 2347 etiam
1498 2308 1659 2346 fecerint
1678 2326 1689 2352 ς
1722 2307 1834 2352 illud,
1864 2308 1906 2345 in

503 2391 582 2429 quo
603 2385 639 2414 te
658 2375 871 2428 gravissime
902 2374 1086 2420 accusavi,
1118 2375 1221 2427 quod
1253 2375 1303 2412 ob
1327 2375 1577 2427 judicandam
1599 2388 1679 2412 rem
1700 2374 1906 2427 pecuniam

505 2442 720 2495 accepisses,
751 2441 883 2480 eadem
914 2441 981 2479 ista
1012 2442 1156 2479 ratione
1187 2440 1381 2485 defendes,
1417 2440 1545 2479 fecisse
1575 2440 1702 2479 alios?
1749 2442 1806 2478 Ut
1835 2454 1908 2494 ego

505 2508 678 2546 affcntiar
697 2508 873 2552 orationi,
896 2506 1153 2545 defensionem
1176 2516 1304 2545 tamen
1321 2520 1397 2545 non
1419 2507 1588 2560 probabo
1607 2522 1615 2545 :
1639 2507 1768 2560 potius
1784 2507 1905 2552 enim,

505 2583 545 2613 te
577 2574 783 2619 damnam,
825 2574 968 2613 caeteris
1002 2574 1195 2626 angustior
1228 2573 1335 2612 locus
1366 2573 1625 2627 improbitatis
1661 2571 1908 2612 defendendae
