2201 2792
611 160 956 200 AchoNIS
993 159 1045 197 11.
1106 157 1315 195 LIBER
1354 157 1424 195 1v.
1637 172 1711 210 379

316 262 569 315 hominesque
590 260 818 304 contestans,
851 259 1016 296 clamare
1047 256 1180 309 coepit,
1213 255 1484 293 candelabrum
1517 253 1662 293 fafitum
1693 267 1713 291 e

316 330 497 382 gemmiS,
529 328 634 380 quod
667 327 706 365 in
743 325 985 378 Capitolium
1021 323 1199 361 miffurus
1234 321 1336 365 effet,
1369 320 1473 373 quod
1505 320 1545 357 in
1565 320 1713 372 templo

316 395 530 439 clariffimo,
565 393 710 446 populo
740 393 920 430 Romano
951 397 1256 428 monumentum
1287 387 1360 425 suae
1377 385 1580 430 societatis,
1613 384 1712 422 ami-

317 462 495 514 citiaeque
514 459 586 498 effe
606 458 793 503 voluisset,
824 457 864 495 id
890 457 959 495 fibi
982 457 1030 494 C.
1053 456 1215 493 Verrem
1246 452 1462 491 abstulisse:
1494 451 1541 490 de
1571 451 1715 488 caeteris

317 528 498 581 operibus
518 541 565 565 ex
586 540 690 570 auro,
712 534 750 563 et
769 523 952 577 gemmis,
972 536 1056 575 quae
1076 522 1140 560 sua
1159 534 1273 574 penes
1294 519 1409 558 illurn
1429 517 1560 563 effent,
1583 518 1618 555 se
1639 530 1716 554 non

317 593 511 632 laborare:
543 592 618 630 hoc
638 592 709 630 fibi
729 591 838 643 eripi,
870 589 1052 627 miserum
1073 587 1159 632 effe,
1179 597 1217 624 et
1237 586 1461 638 indignum.
1493 584 1539 622 Id
1559 583 1625 621 ets1
1646 596 1714 620 an-

319 671 379 699 tea
393 663 475 713 jam
496 668 642 703 mente,
673 666 711 696 et
741 656 975 709 cogitatione
1006 655 1083 699 sua,
1114 653 1318 705 fratrisque
1351 652 1422 696 sui,
1453 650 1716 689 consecratum

319 727 435 772 effet;
467 735 595 764 tamen
616 734 702 763 tum
722 723 759 762 se
789 724 829 760 in
850 723 920 761 illo
939 730 1134 760 conventu
1153 720 1300 758 civium
1323 720 1594 757 Romanorum
1616 716 1716 760 dare,

319 793 474 838 donare,
496 793 635 836 dicare,
667 789 883 828 consecrare
903 789 988 840 Jovi
1013 787 1180 840 Optimo
1200 786 1396 830 Maximo,
1418 784 1629 836 testemque
1654 783 1716 835 ip-

321 859 406 898 sum
425 860 565 910 Jovem
585 857 658 895 suae
677 856 898 900 voluntatis,
920 868 962 892 ac
983 853 1180 906 religionis
1201 851 1395 890 adhibere.

376 926 509 964 XXX.
541 926 640 976 Qae
661 937 735 961 vox
755 924 766 959 ?
799 936 885 974 quae
904 922 1019 959 latera
1038 921 1052 958 ?
1083 934 1169 973 quae
1188 920 1286 957 vires
1309 917 1426 970 hujus
1447 917 1561 955 unius
1582 915 1718 954 crimi-

321 992 380 1030 nis
401 991 685 1044 querimoniam
704 988 845 1042 poffint
876 986 1054 1025 sustinere
1073 987 1085 1023 ?
1118 987 1204 1024 Rex
1225 983 1462 1028 Antiochus,
1493 983 1562 1036 qui
1583 983 1721 1020 Romae

323 1068 410 1096 ante
429 1057 562 1096 oculos
583 1056 763 1094 omnium
785 1053 956 1092 nostrum
977 1052 1180 1090 biennium
1201 1050 1280 1088 fere
1299 1050 1489 1089 comitatu
1508 1048 1627 1101 regio,
1661 1056 1720 1084 at-

323 1138 399 1177 que
418 1133 553 1162 ornatu
573 1121 727 1166 fuiffet3
759 1122 790 1159 is
811 1134 902 1158 cum
924 1119 1086 1163 amicus,
1118 1126 1155 1155 et
1175 1117 1297 1155 socius
1318 1115 1455 1169 populi
1475 1114 1645 1153 Romani
1662 1113 1720 1150 es-

325 1190 393 1235 set,
410 1189 642 1228 amiciffimo
661 1198 780 1240 patre,
801 1200 884 1231 avo,
907 1185 1132 1237 majoribus,
1151 1182 1437 1235 antiquissimis,
1451 1190 1489 1218 et
1508 1179 1720 1218 clariffimis

322 1256 490 1309 regibus,
523 1253 825 1307 opulentiffimo,
858 1261 896 1289 et
928 1251 1100 1289 maximo
1121 1262 1252 1302 regno,
1284 1260 1451 1301 praeceps
1484 1260 1504 1284 e
1524 1246 1722 1299 provincia

325 1323 461 1376 populi
482 1321 652 1361 Romani
671 1320 894 1358 exturbatus
914 1318 979 1356 est.

333 1407 337 1409 ·
387 1387 732 1441 Qemadmodum
764 1385 840 1424 hoc
871 1393 1090 1437 accepturas
1122 1381 1294 1420 nationes
1327 1389 1498 1425 exteras;
1535 1378 1724 1432 quemad-

327 1456 492 1495 modum
512 1454 627 1507 hujus
651 1453 706 1491 tui
727 1451 817 1490 faeci
837 1450 983 1490 famam
1015 1451 1056 1487 in
1090 1461 1205 1501 regna
1235 1447 1416 1492 aliorum,
1446 1456 1561 1498 atque
1589 1445 1631 1483 in
1661 1445 1724 1482 ul·-

327 1523 441 1562 timas
463 1531 576 1561 terras
598 1528 865 1574 perventuram
886 1516 1039 1571 putasti,
1070 1529 1163 1553 cum
1194 1514 1384 1552 audierint
1414 1527 1434 1551 a
1460 1514 1625 1551 Praetore
1652 1524 1724 1563 po-

327 1589 413 1642 puli
433 1587 604 1627 Romani
623 1587 663 1624 in
684 1584 880 1638 provincia
909 1583 1096 1620 violatum
1118 1593 1260 1633 regem,
1288 1579 1495 1633 spOIIatum
1515 1577 1724 1630 hospitem,

329 1657 493 1708 ejefmm
515 1654 661 1692 socium
694 1651 828 1704 populi
860 1649 1044 1693 Romani,
1075 1657 1188 1700 atque
1222 1647 1423 1685 amicum?
1455 1646 1615 1684 Nomen
1643 1643 1725 1682 ves-

329 1731 449 1765 trum,
481 1720 694 1773 populique
724 1717 908 1761 Romani,
940 1716 1043 1760 odio,
1075 1724 1189 1767 atque
1218 1712 1416 1750 acerbitati
1444 1711 1578 1749 scitote
1598 1710 1725 1748 natio-

329 1789 444 1827 nibus
465 1787 618 1830 exteris,
640 1785 811 1836 Judices,
842 1782 1034 1826 futurum,
1067 1781 1091 1819 fi
1124 1780 1229 1818 istius
1262 1778 1343 1817 haec
1366 1787 1469 1816 tanta
1489 1777 1627 1829 injuria
1646 1777 1725 1814 im-

330 1855 467 1907 punita
486 1851 700 1891 discesserit.
735 1851 794 1889 Sic
815 1863 949 1888 omnes
970 1847 1272 1898 arbitrabuntur,
1304 1844 1510 1898 praesertim
1532 1857 1624 1881 cum
1644 1841 1726 1880 haec

331 1921 494 1959 omnino
527 1918 630 1957 fama
664 1918 709 1955 de
743 1917 961 1955 nostrorum
996 1914 1206 1952 hominum
1239 1911 1407 1955 avaritia,
1451 1919 1488 1947 et
1518 1909 1728 1961 cupiditate

334 1986 622 2039 percrebruerit,
668 1998 745 2022 non
782 1983 887 2021 istius
919 1981 1034 2019 solius
1064 1979 1138 2019 hoc
1175 1978 1245 2017 effe
1276 1977 1455 2021 facinus,
1498 1976 1559 2014 sed
1593 1989 1728 2013 eorum

333 2054 465 2096 etiam,
500 2052 568 2103 qui
603 2050 860 2103 approbarint.
924 2048 1048 2086 Multi
1080 2060 1199 2098 reges,
1232 2044 1366 2083 multae
1392 2043 1521 2081 liberae
1540 2042 1727 2085 civitates,

335 2118 452 2156 multi
480 2117 615 2170 privati
649 2115 823 2167 opulenti
855 2128 897 2151 ac
928 2122 1116 2165 potentCS,
1149 2110 1292 2149 habent
1324 2108 1495 2161 profef'to
1529 2108 1570 2144 in
1600 2107 1729 2144 animo

336 2184 576 2237 Capitolium
617 2182 665 2219 sic
703 2193 846 2224 ornare,
880 2189 920 2217 ut
954 2178 1090 2230 templi
1123 2177 1304 2229 dignitas,
1350 2174 1580 2227 imperiique
1614 2172 1729 2210 nostri

336 2264 478 2290 nomen
501 2248 693 2287 desiderat.
719 2247 797 2293 Qii
817 2246 839 2283 1⁴1
864 2245 1135 2288 intellexerint,
1154 2242 1359 2280 interverso
1380 2240 1497 2292 regali
1518 2238 1591 2276 hoc
1613 2238 1728 2280 donc),

337 2319 500 2370 graviter
531 2329 595 2353 vos
629 2314 779 2358 tuli1³1355
812 2322 917 2365 grata
948 2311 1028 2349 sore
1061 2312 1182 2355 vobis,
1216 2309 1438 2361 populoque
1469 2307 1648 2342 Romano
1670 2303 1732 2340 sua

339 2384 472 2427 studia,
503 2396 544 2419 ac
566 2381 664 2419 dona
684 2380 983 2417 arbitrabuntur.
1031 2378 1094 2414 Sin
1118 2376 1192 2414 hoc
1214 2388 1278 2412 vos
1306 2374 1343 2410 in
1378 2384 1462 2423 rege
1495 2379 1572 2407 tam
1595 2368 1731 2411 nobili,

341 2450 380 2487 in
411 2463 450 2487 re
482 2458 560 2486 tam
581 2447 736 2491 eximia,
770 2448 807 2484 in
844 2445 982 2497 injuria
1003 2453 1081 2481 tam
1115 2441 1261 2484 acerba,
1294 2435 1495 2490 neglexisse
1515 2434 1730 2478 audierint;

1268 2505 1432 2544 Bbbz
