2201 2792
576 144 1007 187 AcTioNisn.
1068 143 1383 182 LIBERm.
1603 156 1681 197 327

278 252 373 305 quid
393 263 440 288 ex
460 262 506 288 eo
526 248 618 287 boni
649 246 786 300 sperari
821 254 936 297 atque
955 243 1057 282 effici
1092 242 1231 296 potest,
1263 242 1332 294 qui
1367 242 1405 279 in
1428 241 1543 294 patris
1565 241 1684 280 luxu-

279 320 332 356 rie
367 318 416 355 fic
447 316 609 359 vixerit,
645 323 688 351 ut
724 313 879 351 nullum
914 324 1087 363 unquam
1130 308 1318 362 pudicum
1353 320 1478 359 neque
1513 307 1686 346 sobrium

278 383 502 423 convivium
536 381 705 419 viderit?
749 380 818 431 qui
853 379 894 416 in
933 377 1056 430 epulis
1092 375 1353 428 quotidianis,
1400 373 1529 411 adulta
1563 382 1685 417 aetate,

279 464 344 504 per
364 449 579 487 triennium
600 448 698 485 inter
730 446 945 498 impudicas
973 444 1153 482 mulieres
1189 451 1226 480 et
1261 442 1559 493 intemperantes
1587 439 1687 477 viros

279 516 441 555 versatus
477 515 552 553 fit?
597 513 697 552 nihil
729 525 903 564 unquam
933 524 954 548 a
993 519 1098 563 patre
1129 508 1320 552 audierit,
1368 520 1446 558 quo
1481 505 1689 559 pudentior

279 592 343 621 aut
364 582 501 621 melior
521 580 609 618 ess‘et
630 582 642 617 ?
674 578 773 617 nihil
794 591 969 630 unquam
991 585 1138 629 patrem
1160 588 1269 627 agere
1290 573 1441 617 viderit,
1470 572 1576 624 quod
1596 585 1689 610 cum

281 651 455 688 imitatus
475 648 578 692 effet,
597 660 689 691 non,
721 646 760 683 id
780 645 884 698 quod
906 643 1169 696 turpissimum
1191 641 1256 686 est,
1289 641 1387 694 patri
1420 640 1553 678 similis
1574 648 1688 692 puta-

282 725 383 754 retur
402 716 414 752 ?

335 781 484 821 LXIX.
517 779 673 831 Qibus
706 778 746 815 in
778 777 890 814 rebus
923 789 1000 814 non
1022 774 1147 813 solum
1179 773 1276 818 filio,
1307 787 1442 810 verum
1474 773 1589 810 etiam
1613 772 1691 809 rei-

282 849 449 903 publicae
468 846 591 886 fecisti
610 845 806 898 injuriam.
831 843 1050 896 Susceperas
1071 842 1177 880 enim
1198 841 1337 878 liberos
1357 853 1432 878 non
1455 839 1579 876 solum
1601 839 1693 882 tibi,

283 916 345 954 sed
364 915 480 952 etiarn
502 913 632 966 patriae
648 930 659 956 3
691 912 759 963 qni
794 923 870 948 non
892 909 1010 947 modo
1045 909 1117 946 tibi
1144 906 1348 959 voluptati,
1381 905 1442 943 sed
1473 905 1591 942 etiam
1622 904 1693 956 qui

283 979 489 1034 aliquando
509 978 593 1016 usui
614 976 834 1029 reipublicae
855 974 926 1012 effe
946 973 1106 1027 possent.
1139 974 1217 1010 Eos
1236 972 1444 1016 instituere,
1466 980 1581 1023 atque
1601 983 1691 1008 eru-

284 1048 364 1086 dire
383 1047 430 1085 ad
461 1047 653 1097 majorum
687 1043 871 1087 instituta,
903 1050 1017 1093 atque
1051 1040 1218 1078 civitatis
1250 1039 1509 1091 disciplinam,
1540 1051 1619 1075 non
1644 1036 1694 1074 ad

285 1124 350 1153 tua
369 1113 525 1166 flagitia,
556 1123 681 1163 neque
703 1110 748 1147 ad
770 1118 850 1146 tuas
872 1107 1145 1160 turpitudines,
1178 1105 1355 1143 debuisti.
1388 1103 1491 1142 Effet
1511 1117 1558 1141 ex
1578 1103 1695 1140 inerti·

284 1190 399 1232 atque
428 1179 584 1231 impuro
614 1185 652 1214 et
683 1175 864 1228 improbo
885 1182 1039 1226 parente
1060 1185 1191 1216 navus,
1223 1181 1260 1208 et
1292 1171 1454 1223 pudens,
1484 1178 1521 1207 et
1549 1169 1692 1222 probus

286 1247 405 1285 filius.
438 1244 610 1283 Haberet
629 1241 776 1294 aliquid
805 1240 871 1278 abs
894 1249 931 1277 te
961 1239 1174 1291 respublica
1195 1237 1382 1275 muneris.
1424 1236 1545 1274 Nunc
1566 1249 1636 1287 pro
1657 1244 1697 1272 te

285 1313 448 1350 Verrem
465 1308 689 1348 substituisti
709 1308 873 1345 alterum
893 1305 1064 1343 civitati:
1098 1304 1166 1342 nis1
1188 1302 1264 1341 hoc
1285 1302 1383 1340 forte
1403 1302 1565 1340 deterior
1585 1301 1649 1345 est,
1668 1300 1698 1338 fi

278 1379 370 1418 fieri
390 1377 525 1431 potest,
547 1375 651 1428 quod
683 1384 725 1412 tu
746 1372 933 1426 ejusmodi
953 1371 1109 1415 evafisti,
1132 1384 1209 1408 non
1230 1371 1269 1408 in
1291 1368 1464 1407 hominis
1495 1367 1698 1411 luxuriosi,

290 1446 350 1484 sed
371 1441 522 1482 tantum
543 1443 582 1480 in
604 1441 700 1479 furis
721 1454 764 1478 ac
785 1439 957 1477 divisoris
980 1437 1181 1490 disciplina
1200 1436 1400 1474 educatus.

346 1510 454 1563 Qid
493 1508 563 1547 isto
602 1506 772 1545 festivius
816 1504 898 1543 fore
932 1504 1189 1547 arbitramur,
1235 1503 1303 1554 qui
1340 1501 1391 1538 est
1438 1510 1526 1538 tuus
1561 1507 1697 1537 natura

291 1578 407 1621 filius,
439 1574 713 1614 consuetudine
748 1571 972 1624 discipulus,
1003 1570 1201 1608 voluntate
1233 1568 1398 1606 fimilis?
1441 1568 1573 1618 Qem
1609 1579 1697 1617 ego,

293 1642 478 1694 Judices,
523 1640 697 1693 quamvis
735 1639 884 1676 bonum
919 1636 1140 1687 fortemque
1175 1634 1288 1672 facile
1334 1643 1477 1686 paterer
1511 1632 1694 1670 evadere:

293 1723 369 1747 non
406 1708 512 1745 enim
544 1719 607 1743 me
637 1703 854 1742 inimicitiae
884 1711 1147 1746 commovent,
1183 1701 1208 1738 fi
1244 1714 1328 1752 quae
1364 1699 1463 1737 mihi
1499 1711 1591 1736 cum
1627 1697 1704 1735 isto-

294 1775 432 1813 futurae
453 1775 550 1812 sint:
585 1785 673 1809 nam
694 1770 719 1808 fi
746 1771 785 1808 in
806 1769 990 1807 omnibus
1025 1768 1137 1806 rebus
1170 1768 1354 1804 innocens
1386 1765 1511 1809 fuero,
1542 1764 1700 1815 meique

294 1840 456 1884 fimilis3
489 1838 583 1891 quid
606 1835 706 1875 mihi
727 1836 832 1873 istius
864 1835 1080 1872 inimicitiae
1102 1832 1298 1871 nocebunt
1318 1832 1330 1868 ?
1363 1831 1416 1869 fin
1452 1830 1579 1881 aliqua
1598 1829 1637 1866 in
1660 1841 1701 1865 re

295 1907 406 1944 Verri
440 1905 574 1944 fimilis
606 1902 743 1948 fuer03
791 1915 869 1940 non
903 1901 1025 1952 magis
1056 1898 1157 1938 mihi
1193 1898 1310 1936 deerit
1343 1897 1542 1940 inimicus,
1581 1908 1699 1947 quam

296 1974 407 2011 Verri
442 1971 578 2010 defuit.
626 1969 801 2013 Etenim,
822 1967 993 2019 Judices,
1025 1965 1212 2019 ejusmodi
1234 1964 1446 2017 respublica
1467 1962 1579 2000 debet
1613 1960 1699 2004 effe,

297 2048 334 2075 et
364 2039 450 2082 erit,
482 2037 676 2075 severitate
708 2035 948 2087 judiciorum
991 2033 1210 2076 constituta,
1254 2041 1296 2069 ut
1330 2031 1529 2073 inimicus,
1575 2040 1700 2079 neque

296 2104 413 2142 deesse
435 2103 589 2141 nocenti
610 2101 734 2154 poffit,
768 2113 892 2152 neque
923 2098 1046 2137 obeffe
1076 2098 1290 2136 innocenti.
1323 2097 1566 2148 Qapropter
1597 2093 1701 2131 nulla

298 2184 353 2208 res
373 2170 439 2215 cst,
461 2168 716 2221 quamobrem
737 2180 807 2219 ego
827 2166 943 2204 istum
964 2166 1089 2203 nolim
1109 2178 1157 2202 ex
1177 2164 1343 2216 paternis
1364 2163 1512 2216 probris
1534 2174 1575 2197 ac
1597 2159 1700 2196 vitiis

299 2250 504 2288 emergere.
540 2234 582 2272 Id
603 2233 709 2286 quod
741 2232 888 2270 tametsi
920 2232 979 2269 isti
1000 2230 1157 2269 difficile
1176 2230 1241 2274 est,
1274 2239 1401 2267 tamen
1422 2227 1525 2265 hand
1558 2225 1634 2261 scio
1654 2236 1704 2260 an.

299 2303 379 2340 fieri
402 2301 537 2355 poffit;
570 2299 779 2353 praesertim
813 2298 837 2336 fi
873 2299 934 2350 (ut
955 2311 1059 2335 nunc
1088 2297 1150 2349 fit)
1182 2296 1354 2334 custodes
1375 2294 1590 2331 amicorum
1611 2302 1702 2326 eum

302 2367 568 2405 sectabuntur:
601 2366 784 2419 quoniam
806 2373 910 2417 pater
931 2373 1009 2402 tam
1031 2363 1229 2415 negligens
1252 2374 1294 2397 ac
1315 2359 1512 2396 diffolutns
1533 2355 1598 2393 cst.

361 2434 503 2471 Verum
523 2432 601 2471 huc
633 2432 800 2483 longius,
824 2445 940 2483 quam
973 2430 1148 2467 voluntas
1171 2427 1259 2470 fuit,
1291 2425 1338 2461 ab
1365 2423 1521 2476 epistola
1542 2422 1700 2459 Timar-

304 2498 427 2536 chidis
447 2498 603 2551 digressa
635 2497 688 2535 est
708 2497 828 2535 oratio
861 2510 958 2534 mea.
1006 2496 1095 2545 Qa
1126 2492 1294 2535 recitata,
1329 2488 1602 2527 conclusurum
1640 2500 1702 2524 nu:
