2201 2792
511 207 583 246 162
935 205 1024 244 IN
1096 205 1474 244 VERREM

507 311 622 355 atque
642 302 811 342 instituta
831 304 1034 356 majorum.
1078 305 1272 343 Omnium
1292 305 1344 343 est
1363 304 1585 344 communis
1616 303 1814 348 inimicus,
1834 301 1903 356 qui

507 367 583 406 fuit
602 367 718 407 hostis
739 369 909 408 suorum.
942 371 1074 408 Nemo
1106 385 1277 423 unquam
1298 371 1441 423 sapiens
1463 370 1648 423 proditori
1668 369 1904 408 credendum

509 435 671 487 putavit.
731 436 813 488 Ipse
835 436 948 488 Sylla,
978 437 1041 474 cui
1071 437 1253 475 adventus
1283 437 1388 475 istius
1414 437 1643 489 gratissimus
1664 437 1734 475 effe
1753 435 1903 480 debuit,

509 502 556 540 ab
587 502 622 540 se
641 501 859 548 hominem,
890 513 1003 556 atque
1036 504 1082 541 ab
1103 504 1273 542 exercitu
1293 504 1359 542 suo
1386 504 1549 542 removit
1563 522 1574 549 ;
1607 503 1817 542 Beneventi
1835 501 1907 540 esse

504 566 612 619 juffit
632 569 733 621 apud
759 582 836 613 eos,
869 582 965 621 quos
998 569 1072 607 suis
1104 569 1273 622 partibus
1294 568 1540 608 amiciffimos
1562 568 1632 607 effe
1652 568 1925 620 intelligebat‚.

511 633 578 671 ubi
607 633 674 671 iste
705 634 864 672 summae
895 635 948 672 rei
981 635 1175 687 causaeque
1204 649 1339 673 nocere
1382 634 1481 673 nihil
1515 634 1646 688 posl‘et.
1694 634 1744 672 Ei
1780 633 1908 686 postea

511 700 668 753 praemia
687 709 815 739 tamen
845 701 1051 740 liberaliter
1081 702 1244 740 tribuit:
1277 702 1376 740 bona
1404 702 1580 754 quaedam
1608 700 1910 754 proscriptorum

512 766 553 804 in
573 779 662 819 agro
683 767 950 805 Beneventano
981 767 1192 821 diripienda
1219 768 1400 806 conceffit
1422 783 1430 806 :
1465 767 1602 806 habuit
1632 766 1838 811 honorem,
1867 773 1912 803 ut

511 833 714 886 proditori,
745 847 822 872 non
853 843 896 872 ut
915 834 1055 880 amico,
1092 834 1224 873 fidem.
1270 835 1405 880 Nunc,
1426 835 1602 887 quamvis
1623 834 1695 872 sint
1714 832 1910 877 homines,

513 899 582 951 qui
613 908 813 937 mortuum
846 900 922 938 Cn.
944 900 1164 939 Carbonem
1198 901 1372 946 oderint3
1404 909 1533 939 tamen
1566 899 1610 938 hi
1630 900 1784 943 debent,
1817 911 1910 942 non,

514 964 609 1017 quid
629 964 689 1002 illi
708 964 877 1003 accidere
907 965 1112 1011 voluerint,
1143 965 1204 1004 sed
1225 966 1319 1018 quid
1339 966 1426 1018 ipfis
1446 967 1487 1003 in
1511 965 1579 1003 tali
1599 979 1637 1002 re
1658 963 1913 1002 metuendum

513 1029 572 1075 fit,
593 1032 774 1083 cogitare.
807 1032 1030 1069 Commune
1049 1031 1101 1069 est
1119 1030 1194 1069 hoc
1215 1031 1378 1075 malum,
1397 1031 1618 1069 communis
1639 1038 1782 1074 metus,
1799 1042 1912 1067 com-

513 1110 633 1134 mune
651 1096 884 1149 periculum.
916 1096 1048 1135 Nullae
1068 1096 1155 1135 sunt
1174 1097 1403 1135 occultiores
1424 1096 1580 1142 infidiae,
1603 1109 1722 1148 quarn
1741 1109 1806 1141 eae,
1828 1108 1914 1147 quae

513 1162 631 1200 latent
652 1162 692 1200 in
713 1163 953 1200 simulatione
972 1163 1106 1207 officii,
1133 1172 1198 1200 aut
1217 1163 1258 1200 in
1278 1162 1408 1214 aliquo
1426 1162 1707 1200 neceffitudinis
1727 1161 1910 1199 nomine:

517 1241 606 1266 nam
626 1242 732 1273 eum,
754 1228 822 1280 qui
841 1227 969 1279 palam
990 1227 1042 1265 est
1061 1227 1303 1271 adversarius,
1324 1226 1437 1264 facile
1460 1226 1627 1264 cavendo
1647 1228 1764 1264 vitare
1784 1225 1912 1279 poffis.

516 1295 607 1333 Hoc
633 1307 722 1331 vero
751 1292 968 1338 occultum,
1004 1293 1242 1338 intestinum,
1278 1306 1320 1331 ac
1350 1292 1605 1331 domesticum
1637 1293 1800 1337 malum,
1836 1305 1916 1330 non

516 1359 635 1399 modo
654 1373 731 1397 non
752 1358 892 1404 existit,
924 1372 1059 1398 verum
1080 1359 1196 1398 etiam
1216 1359 1417 1413 opprimit,
1452 1368 1656 1412 antequam
1686 1358 1913 1412 prospicere,

518 1435 632 1479 atque
652 1425 848 1479 explorare
867 1426 1049 1478 potueris.

574 1494 681 1532 Itane
701 1492 821 1531 vero?
854 1501 910 1538 tu,
941 1506 1034 1531 cum
1098 1493 1228 1532 uaestor
1261 1493 1308 1532 ad
1341 1493 1556 1532 exercitum
1589 1493 1720 1532 missus
1741 1492 1800 1537 fis,
1829 1490 1917 1530 cus-

520 1568 577 1597 tos
599 1572 676 1597 non
708 1557 832 1596 solum
862 1559 1047 1611 pecuniae,
1079 1558 1141 1597 sed
1173 1560 1288 1599 etiam
1310 1558 1488 1598 Consulis
1519 1560 1707 1613 particeps
1737 1557 1918 1596 omnium

521 1639 649 1664 rerum
678 1625 1004 1678 consiliorumque
1022 1624 1138 1665 fueris
1155 1644 1167 1671 3
1198 1625 1352 1665 habitus
1373 1627 1418 1664 sis
1445 1627 1485 1664 in
1505 1625 1672 1665 liberum
1692 1626 1793 1670 loco,
1823 1624 1920 1662 ficut

521 1704 605 1730 mos
637 1692 829 1742 majorum
860 1689 1032 1736 fereb·at;
1065 1700 1217 1744 repente
1248 1691 1470 1744 relinquas?
1507 1691 1682 1730 deseras?
1713 1690 1759 1728 ad
1788 1689 1920 1728 adver-

523 1757 631 1796 farios
653 1756 812 1795 transeas
831 1758 843 1794 ?
878 1758 913 1794 O
936 1757 1054 1795 scelus
1074 1757 1081 1794 !
1115 1758 1137 1795 ὃ
1158 1767 1381 1811 portentum
1401 1759 1441 1796 in
1463 1757 1618 1796 ultimas
1647 1767 1760 1796 terras
1780 1769 1921 1808 expor-

522 1823 683 1863 tandum
701 1823 708 1860 !
735 1824 829 1861 Non
849 1823 953 1861 enim
975 1823 1097 1876 potest
1116 1837 1158 1861 ea
1178 1834 1324 1869 natura,
1356 1838 1440 1877 quae
1467 1833 1618 1862 tantum
1639 1823 1787 1860 facinus
1808 1834 1920 1858 com-

524 1889 682 1933 miscrit,
712 1888 786 1926 hoc
809 1902 885 1925 uno
906 1888 1042 1925 scelere
1062 1888 1132 1925 effe
1158 1898 1351 1927 contenta.
1395 1889 1556 1926 Necesse
1576 1888 1641 1933 est,
1675 1888 1822 1940 semper
1849 1886 1921 1923 ali-

524 1955 617 2007 quid
644 1954 832 2007 ejusmodi
852 1953 1061 1998 moliatur5
1095 1954 1237 1992 necesse
1268 1955 1320 1993 est
1351 1955 1390 1992 in
1413 1954 1525 1992 simili
1546 1954 1713 1999 audacia,
1744 1953 1924 2007 perfidia-

526 2035 600 2073 que
620 2020 797 2057 versetur.
842 2020 975 2072 Itaque
1007 2020 1110 2058 idem
1138 2019 1217 2065 iste,
1249 2034 1367 2072 quem
1389 2022 1464 2058 Cn.
1488 2020 1691 2058 Dolabella
1720 2019 1846 2073 postea
1873 2020 1921 2057 C.

528 2087 714 2125 Malleolo
751 2085 889 2131 occiso,
931 2101 999 2139 pro
1031 2086 1225 2137 Qaestore
1258 2086 1408 2132 habuit,
1443 2086 1563 2138 (haud
1593 2086 1682 2131 scio,
1725 2101 1770 2124 an
1805 2086 1926 2138 major

527 2154 642 2192 etiam
675 2152 755 2190 haec
787 2152 1016 2190 necessitudo
1038 2152 1167 2198 suerit,
1200 2168 1317 2206 quam
1348 2154 1414 2191 illa
1441 2154 1655 2198 Carbonis5
1687 2167 1729 2191 ac
1758 2153 1842 2205 plus
1856 2153 1925 2204 ju-

529 2221 676 2259 dicium
697 2219 903 2258 voluntatis
925 2219 1059 2264 valere,
1082 2234 1198 2271 quam
1220 2220 1343 2265 sortis,
1369 2220 1520 2271 debeat)
1553 2220 1657 2257 idem
1678 2220 1717 2256 in
1740 2220 1814 2256 Cn.
1839 2219 1926 2255 Do-

531 2286 722 2330 labellam,
754 2285 822 2337 qui
852 2285 893 2323 in
915 2286 989 2322 Cn.
1014 2286 1232 2323 Carbonem
1254 2285 1343 2324 fuit.
1390 2285 1495 2323 Nam
1517 2299 1600 2337 quae
1631 2285 1671 2321 in
1702 2283 1829 2335 ipsum
1859 2296 1925 2319 va-

532 2353 660 2391 lebant
680 2351 857 2395 crimina,
888 2350 1054 2388 contulit
1086 2352 1124 2388 in
1158 2351 1285 2395 illum,
1317 2351 1543 2402 causamque
1569 2350 1672 2387 illius
1704 2362 1861 2386 omnem
1882 2348 1928 2386 ad

533 2418 711 2455 inimicos
733 2415 1036 2468 accusatoresque
1066 2416 1234 2454 detulit:
1267 2416 1343 2468 ipse
1375 2417 1414 2452 in
1445 2429 1548 2459 eum,
1580 2415 1642 2452 cui
1674 2415 1834 2466 legatus,
1865 2414 1929 2452 cui

534 2498 602 2537 pro
624 2483 818 2534 Qaestore
840 2482 973 2528 fuerat,
1003 2483 1310 2521 inimicissimum
1333 2491 1446 2534 atque
1475 2481 1801 2534 improbissimum
1825 2481 1929 2518 testi-

535 2550 712 2589 monium
745 2549 856 2589 dixit.
909 2550 979 2588 Ille
1013 2549 1124 2588 miser
1159 2562 1250 2588 cum
1285 2548 1400 2593 effet;
1452 2558 1537 2587 turn
1576 2547 1792 2601 proditione
1824 2546 1929 2585 istius
