2201 2792
615 167 960 206 ACTIONIS
992 168 1044 206 11.
1105 169 1416 210 LIBERIV.
1629 190 1704 230 395

367 269 553 308 Nimium
575 267 676 307 mihi
709 268 776 306 diu
802 268 932 306 videor
967 268 1007 306 in
1029 282 1106 306 uno
1136 282 1273 321 genere
1304 270 1439 308 versari
1460 271 1672 310 criminum
1695 287 1703 311 :

314 334 447 381 sentio,
469 336 640 388 Judices,
673 334 958 373 occurrendum
978 334 1049 374 effe
1075 335 1234 374 satietati
1265 336 1431 381 aurium,
1463 338 1706 376 animorum-

313 415 390 453 que
410 403 633 440 vestrorum.
666 402 798 452 Qam
818 402 868 438 ob
900 414 982 439 rem
1003 401 1128 439 multa
1147 403 1454 454 praetermittam.
1488 404 1550 441 Ad
1572 418 1612 441 ea
1639 418 1707 442 au-

314 477 408 513 tem,
431 482 516 520 quae
538 469 708 507 dinurus
730 467 829 512 sum,
862 467 1008 505 reficite
1029 481 1109 512 vos,
1141 468 1280 520 quaeso,
1303 469 1474 520 Judices,
1506 484 1572 522 per
1604 472 1707 508 Deos

311 533 551 573 immortales
569 534 575 571 l
601 547 666 586 per
685 547 747 571 eos
769 533 882 586 ipsos,
905 533 951 571 de
971 547 1138 585 quorum
1157 534 1340 587 religione
1355 535 1507 587 jamdiu
1525 536 1706 580 dicimus,

313 600 409 639 dum
430 602 469 640 id
489 603 570 653 ejus
590 600 739 638 facinus
760 613 1042 645 commemor0‚
1064 609 1102 638 et
1122 599 1288 653 profero,
1317 615 1395 654 quo
1416 602 1611 654 provincia
1632 612 1710 640 tota

314 677 513 706 commota
531 667 597 705 est.
629 668 692 704 De
712 680 790 718 quo
810 666 836 703 s1
868 666 982 718 paulo
1002 666 1115 704 altius
1135 666 1267 712 ordiri,
1299 681 1342 705 ac
1369 678 1535 721 repetere
1556 682 1708 707 memo-

313 734 410 772 riam
431 733 627 786 religionis
648 732 819 777 videbor,
852 732 1049 785 ignoscite.
1093 733 1166 771 Rei
1187 734 1416 787 magnitudo
1445 748 1510 774 me
1545 736 1709 775 breviter

313 800 563 853 perstringere
582 799 824 837 atrocitatem
845 799 1020 837 criminis
1041 813 1119 838 non
1139 800 1256 838 finit.-

368 866 559 904 XLVIII.
591 865 713 903 Vetus
734 865 786 903 est
807 864 888 903 haec
909 865 1055 918 opinio,
1077 866 1250 917 Judices,
1271 881 1356 919 quae
1375 867 1519 905 constat
1539 881 1586 906 ex
1606 870 1708 907 anti-

313 931 502 984 quiffimis
525 932 753 969 Graecorum
774 931 910 975 literis,
927 941 1040 983 atque
1056 933 1341 978 monumentis,
1356 933 1521 970 insulam
1536 934 1708 972 Siciliam

311 1006 435 1037 totam
454 997 525 1036 effe
545 997 688 1041 Cereri,
709 1006 747 1034 et
762 997 911 1035 Liberae
931 997 1202 1036 consecratam.
1227 999 1318 1036 Hoc
1340 1013 1433 1037 cum
1454 1009 1595 1038 caeterae
1609 1014 1706 1052 gen-

314 1075 369 1102 tes
391 1064 439 1102 fic
460 1064 702 1107 arbitrantur,
722 1072 806 1101 tum
823 1063 912 1116 ipsis
934 1064 1072 1102 Siculis
1093 1073 1172 1102 tam
1193 1064 1408 1117 persuasum
1427 1065 1493 1109 est,
1512 1075 1554 1103 ut
1570 1067 1708 1104 animis

313 1144 449 1168 eorum
470 1130 643 1173 inlitum,
676 1139 791 1181 atque
812 1129 989 1167 innatum
1010 1129 1079 1167 ess'e
1110 1129 1295 1168 videatur.
1328 1131 1434 1169 Nam
1454 1140 1493 1169 et
1513 1141 1615 1170 natas
1637 1132 1708 1169 effe

312 1195 379 1234 has
401 1197 440 1234 in
462 1195 522 1234 his
543 1195 638 1233 locis
661 1196 775 1239 Deas,
802 1204 839 1232 et
860 1194 987 1248 fruges
1009 1195 1048 1233 in
1079 1209 1121 1233 ea
1141 1205 1235 1234 terra
1264 1196 1437 1248 primum
1466 1207 1626 1249 repertas
1648 1212 1707 1236 ar-

314 1264 504 1301 bitrantur
523 1277 531 1300 :
564 1271 602 1299 et
622 1271 769 1313 raptam
791 1260 860 1299 effe
881 1262 1078 1306 Liberam,
1110 1275 1228 1313 quam
1254 1264 1411 1300 eandem
1444 1263 1707 1315 Proserpinam

311 1338 463 1373 vocant,
495 1342 541 1365 ex
563 1327 802 1366 Ennenfium
836 1341 1020 1365 nemore:
1053 1328 1120 1379 qui
1141 1328 1262 1373 locus,
1299 1329 1404 1380 quod
1425 1329 1464 1366 in
1498 1330 1625 1367 media
1655 1331 1709 1368 est

312 1394 435 1434 insula
466 1394 570 1439 fitus,
602 1393 814 1431 umbilicus
836 1393 974 1431 Siciliae
1004 1393 1238 1432 nominatur.
1272 1394 1402 1444 Qam
1429 1407 1521 1432 cum
1552 1395 1708 1434 investi-

311 1474 413 1515 gare,
444 1470 482 1499 et
512 1461 739 1512 conquirere
760 1461 874 1498 Ceres
903 1460 1031 1505 vellet,
1067 1460 1210 1499 dicitur
1237 1459 1487 1500 inflammasse
1519 1462 1629 1503 taedas
1661 1463 1707 1501 iis

310 1528 481 1581 ignibus,
499 1527 569 1580 qui
588 1540 635 1564 ex
649 1527 776 1564 AEtnae
789 1526 929 1564 vertice
949 1535 1184 1579 erumpunt3
1204 1540 1296 1580 quas
1313 1527 1382 1566 fibi
1402 1541 1494 1567 cum
1513 1528 1590 1581 ipsa
1609 1542 1706 1582 prae-

313 1593 443 1639 ferret,
464 1593 600 1632 orbem
620 1593 800 1631 omnium
821 1592 1025 1646 peragrasse
1045 1602 1246 1633 terrarum.

368 1662 481 1699 Enna
505 1670 648 1704 autem,
681 1660 749 1697 ubi
780 1673 835 1704 ea,
867 1673 950 1712 quae
985 1660 1086 1705 dico,
1116 1660 1217 1712 gesta
1247 1660 1318 1698 effe
1347 1670 1624 1706 memorantur,
1655 1662 1707 1700 est

312 1727 400 1765 loco
420 1727 610 1780 praecelso,
641 1734 755 1778 atque
775 1726 879 1764 edito
893 1744 905 1770 ς
942 1739 1020 1778 quo
1041 1727 1079 1764 in
1102 1726 1255 1765 summo
1275 1727 1327 1764 est
1347 1736 1492 1779 aequata
1512 1727 1591 1780 agri
1621 1727 1706 1779 pla-

312 1795 442 1837 nities,
474 1802 512 1830 et
532 1806 637 1845 aquae
658 1805 868 1845 perennes:
901 1801 981 1830 tota
1011 1806 1099 1830 vero
1120 1792 1166 1830 ab
1192 1793 1301 1831 omni
1331 1793 1436 1830 aditu
1466 1793 1706 1839 circumcisa,

312 1869 427 1912 atque
447 1859 637 1911 dirempta
655 1858 721 1896 est.
764 1859 894 1910 Qam
914 1858 1014 1896 circa
1033 1858 1151 1903 lacus,
1182 1859 1338 1911 lucique
1359 1859 1445 1896 sunt
1466 1859 1638 1911 plurimi,
1669 1868 1708 1898 et

310 1925 490 1964 laetiffimi
510 1925 619 1963 flores
641 1924 750 1962 omni
772 1934 944 1977 tempore
964 1925 1053 1962 anni
1067 1930 1081 1969 '3
1114 1925 1221 1962 locus
1254 1934 1295 1962 ut
1322 1925 1398 1977 ipse
1419 1934 1571 1977 raptum
1592 1924 1708 1963 illum

311 1992 486 2043 virginis,
509 2005 626 2043 quem
642 1992 724 2042 jam
745 2004 764 2028 a
785 1991 1166 2043 puerisaccepimus,
1189 1990 1374 2028 declarare
1394 1991 1577 2029 videatur.
1610 1992 1708 2029 Ete-

314 2057 396 2094 nim
417 2066 569 2108 propter
600 2056 651 2094 est
673 2056 851 2108 spelunca
872 2057 1061 2108 quaedam,
1095 2056 1272 2094 conversa
1291 2057 1336 2094 ad
1357 2057 1593 2109 aquilonem,
1615 2057 1708 2095 infi-

314 2123 394 2159 nita
414 2121 629 2165 altitudine,
652 2134 726 2172 qua
745 2122 881 2158 Ditem
903 2131 1049 2173 patrem
1071 2120 1199 2159 ferunt
1222 2131 1375 2174 repente
1395 2136 1486 2159 cum
1508 2122 1616 2160 cursu
1638 2136 1707 2160 ex-

314 2187 439 2231 titiss‘e,
474 2187 747 2238 abreptamque
778 2200 823 2224 cx
857 2200 901 2224 eo
933 2187 1018 2225 loco
1049 2188 1237 2239 virginem
1271 2187 1398 2225 secum
1431 2187 1639 2240 asportasse,
1671 2196 1708 2224 ct

314 2252 442 2290 subito
463 2266 539 2289 non
561 2253 673 2303 longe
704 2266 724 2289 a
745 2253 930 2303 Syraculis
963 2252 1164 2304 penetraffe
1191 2252 1258 2290 sub
1281 2262 1408 2297 terras,
1441 2253 1645 2302 lacumque
1667 2252 1707 2288 in

312 2332 357 2355 eo
390 2318 476 2355 loco
512 2328 664 2370 repente
694 2318 883 2362 extitiffc;
917 2319 982 2355 ubi
1006 2319 1122 2370 usque
1154 2319 1198 2356 ad
1221 2318 1294 2356 hoc
1316 2328 1467 2370 tempus
1490 2316 1707 2367 Syracusani

314 2383 426 2420 festos
447 2383 525 2421 dies
547 2384 815 2422 anniversarios
837 2394 968 2437 agunt,
998 2385 1247 2422 celeberrimo
1269 2385 1451 2427 virorum,
1476 2382 1705 2420 mulierum-

316 2462 390 2500 que
411 2458 615 2487 conventu.

1235 2515 1405 2554 Ddd2
