2201 2792
628 163 976 203 ACTIONIS
1019 164 1073 201 ΙΙ.
1145 164 1428 203 LIBERI.
1661 180 1735 222 ¹77

328 266 478 319 legibus
499 264 724 317 etjudiciis,
746 264 793 302 ad
814 264 910 308 vim,
932 263 978 301 ad
999 277 1151 308 manus,
1184 263 1230 300 ad
1251 276 1355 301 arma
1375 262 1611 314 confugere;
1644 277 1736 302 cum

328 341 364 370 te
384 333 424 369 in
444 330 597 383 oppidis
628 338 666 368 et
696 330 920 369 civitatibus
941 330 1158 367 amicorum
1190 343 1268 367 non
1288 329 1461 381 legatum
1493 328 1630 380 populi
1651 330 1735 366 Ro-

326 396 446 441 mani,
480 396 541 434 sed
563 405 770 448 tyrannum
802 395 1055 434 libidinosum
1087 395 1363 446 crudelemque
1383 394 1612 447 praebueris,
1645 407 1737 431 cum

325 461 429 515 apud
449 471 594 501 exteras
629 462 801 500 nationes
833 462 1001 515 imperii,
1037 462 1285 514 nominisque
1319 461 1436 499 nostri
1466 459 1627 504 famam,
1663 459 1738 497 tuis

324 528 477 580 probriS
498 528 729 582 flagitiisque
749 527 900 566 violaris
917 546 929 573 3
961 541 1054 566 cum
1089 536 1127 565 te
1157 541 1205 566 ex
1235 526 1337 564 ferro
1356 526 1574 564 amicorum
1604 525 1741 578 populi

327 594 500 632 Romani
531 595 729 648 eripueris,
765 603 880 647 atque
913 608 933 632 e
954 593 1112 632 flamma
1142 593 1336 632 sociorum
1362 592 1536 637 evolaris,
1567 591 1634 630 hic
1669 591 1740 630 tibi

327 659 552 713 perfugium
573 660 694 714 speras
715 659 894 699 futurum
914 661 927 697 ?
959 661 1087 698 Erras.
1110 661 1169 698 Ut
1188 659 1267 698 huc
1288 659 1490 705 incideres,
1513 672 1591 698 non
1612 667 1655 697 ut
1675 656 1741 696 hie

328 727 630 779 conquiesceres,
652 728 711 765 illi
732 737 770 766 te
790 728 923 766 vivum
944 728 1048 766 exire
1068 727 1158 780 paffi
1180 727 1282 766 sunt.

383 794 581 832 XXXIII.
613 795 667 832 Et
686 795 753 840 ais,
784 794 984 847 judicium
1004 793 1075 832 effe
1094 793 1257 839 factum,
1289 803 1325 832 te
1356 793 1497 847 injuria
1515 791 1741 831 circumses-

328 860 414 899 sum
435 860 505 899 effe
524 861 744 915 Lampsaci,
766 861 872 914 quod
891 861 1145 901 Philodamus
1166 875 1259 900 cum
1280 861 1363 900 filio
1382 860 1662 900 condemnatus
1682 859 1741 897 sit.

330 927 456 979 Qid,
478 928 504 966 fi
525 927 658 974 doceo,
681 928 707 966 fi
728 928 890 982 planum
910 927 1026 974 facio,
1049 928 1141 967 teste
1160 927 1324 967 homine
1344 941 1528 980 nequam,
1543 940 1678 965 verum
1698 925 1744 963 ad

330 991 431 1031 hanc
451 1006 533 1031 rem
555 1002 683 1031 tamen
704 995 841 1033 idoneo
864 995 920 1046 (te
940 995 1035 1048 ipso,
1057 996 1236 1047 inquam,
1258 995 1349 1032 teste
1369 994 1534 1046 docebo)
1565 1002 1602 1031 te
1627 991 1745 1044 hujus

331 1059 649 1099 circumseffionis
670 1069 744 1099 tuae
764 1061 914 1099 causam
935 1069 973 1099 et
998 1061 1156 1114 culpam
1176 1063 1216 1099 in
1237 1061 1330 1099 alios
1352 1059 1592 1105 transtulisse,
1620 1071 1747 1111 neque

332 1127 374 1164 in
395 1140 473 1171 eos,
509 1140 606 1179 quos
639 1136 682 1164 tu
702 1127 955 1172 insimularas,
991 1127 1062 1166 effe
1092 1127 1427 1166 animadversum?
1453 1128 1538 1180 jam
1573 1125 1675 1164 nihil
1709 1134 1747 1163 te

324 1192 524 1245 judicium
545 1193 715 1230 Neronis
733 1193 900 1244 adjuvat.
924 1193 1061 1230 Recita
1080 1207 1173 1245 quas
1194 1194 1241 1231 ad
1257 1195 1456 1232 Neronem
1478 1194 1605 1231 literas
1626 1192 1745 1230 misit.

333 1259 574 1297 EpisToLA
597 1258 646 1296 C.
670 1258 843 1296 VERRIS
868 1271 931 1296 AD
955 1258 1210 1296 NERONEM.
1243 1255 1526 1312 Thetng'slagoras
1546 1267 1581 1297 et
1602 1256 1747 1313 ‘Thcff-

332 1328 388 1366 lus
406 1354 415 1364 .
438 1354 447 1362 .
468 1355 477 1364 .
496 1324 836 1378 Themistagoram
856 1334 895 1363 et
911 1323 1140 1363 Theffalum
1163 1324 1294 1363 scribis
1316 1326 1511 1379 populum
1529 1325 1747 1365 concitaffe.

336 1395 469 1446 Qem
488 1392 710 1446 populum?
743 1392 812 1444 qui
843 1400 880 1430 te
899 1391 1147 1430 circumsedit
1164 1410 1174 1437 3
1208 1391 1276 1444 qui
1309 1401 1347 1430 te
1366 1393 1501 1431 vivum
1522 1393 1751 1432 comburere

335 1469 496 1499 conatus
517 1460 583 1499 est.
617 1459 699 1498 Ubi
719 1458 790 1497 hos
807 1458 1070 1513 persequeris?
1104 1458 1173 1498 ubi
1193 1460 1342 1498 accusas
1363 1460 1376 1497 ?
1408 1460 1477 1499 ubi
1498 1459 1670 1499 defendis
1684 1461 1749 1513 jus

335 1540 559 1581 nomenque
578 1527 693 1580 legati
711 1527 724 1565 ?

392 1595 440 1632 In
462 1593 684 1633 Philodami
708 1595 862 1646 judicio
882 1594 986 1633 dices
1012 1594 1053 1633 id
1071 1596 1214 1634 afrum.
1261 1592 1371 1634 Cedb
1392 1594 1493 1634 mihi
1514 1595 1630 1649 ipsius
1650 1596 1750 1634 Ver-

338 1660 388 1698 ris
409 1660 690 1698 testimonium.
722 1661 950 1704 Videamus,
980 1661 1075 1712 quid
1097 1662 1201 1699 idem
1222 1661 1288 1698 iste
1303 1662 1452 1712 juratus
1475 1662 1630 1700 dixerit.
1668 1662 1751 1698 Re-

339 1728 428 1765 cita.
474 1727 538 1765 Ab
557 1728 761 1780 accustztore
779 1736 930 1779 rogatus
949 1726 1140 1779 respondit,
1172 1727 1208 1765 in
1229 1727 1293 1765 hoc
1311 1727 1446 1778 judicio
1476 1742 1543 1766 non
1556 1727 1724 1780 pwfi’qui
1735 1742 1750 1765 .·

325 1794 403 1846 fibi
418 1795 455 1832 in
473 1794 589 1832 animo
608 1793 668 1847 eff&
686 1794 753 1832 alio
773 1802 927 1846 tempore
939 1794 1117 1846 pmstqm'.
1169 1793 1278 1844 Qid
1298 1793 1418 1845 igitur
1439 1802 1475 1831 te
1489 1794 1599 1845 juvat
1620 1793 1752 1831 Nero-

339 1861 398 1898 nis
424 1861 622 1913 judicium
643 1861 655 1896 ?
687 1861 783 1912 quid
818 1858 1042 1898 Philodami
1077 1859 1273 1897 damnatio
1293 1860 1305 1896 ?
1338 1860 1505 1912 Legatus
1537 1873 1630 1897 cum
1664 1859 1752 1898 effes

339 1926 620 1971 circumsessus,
653 1939 838 1979 cumque,
875 1926 1210 1978 quemadmodum
1232 1934 1314 1963 tute
1335 1926 1380 1964 ad
1410 1927 1611 1965 Neronem
1632 1927 1752 1978 scrip-

340 1993 428 2037 sisti,
450 1993 596 2046 populo
617 1994 813 2038 Romano,
846 1993 1131 2044 communique
1162 1992 1279 2031 causae
1299 1992 1515 2045 legatorum
1546 1992 1645 2031 fiic'ta
1665 1993 1755 2030 estet

343 2059 481 2111 injuria
501 2060 673 2112 insignis,
698 2073 775 2098 non
795 2073 832 2097 es
855 2059 1072 2112 persecutus
1091 2078 1102 2103 ς
1135 2059 1231 2097 dicis
1264 2060 1336 2098 tibi
1369 2061 1409 2098 in
1431 2060 1560 2098 animo
1581 2060 1652 2098 effe
1680 2059 1755 2098 alio

343 2134 518 2177 tempore
537 2124 725 2177 persequi.
758 2125 876 2175 Qod
897 2124 973 2162 fuit
993 2125 1033 2162 id
1055 2133 1209 2178 tempus
1229 2125 1240 2161 ?
1273 2126 1426 2177 quando
1447 2139 1485 2164 es
1507 2126 1721 2179 persecutus
1741 2125 1752 2160 ?

343 2205 413 2229 cur
433 2190 667 2229 imminuisti
682 2191 746 2241 jus
768 2190 968 2242 legationis
990 2191 1002 2227 ?
1035 2204 1104 2228 cur
1129 2191 1280 2229 causam
1301 2192 1437 2245 populi
1459 2193 1628 2231 Romani
1651 2191 1753 2229 dese-

343 2257 465 2302 ruisti,
487 2271 529 2295 ac
550 2256 782 2310 prodidisti?
815 2270 883 2294 cur
902 2256 1059 2309 injurias
1084 2267 1181 2303 tuas,
1214 2258 1437 2310 conjunctas
1459 2273 1550 2296 cum
1570 2256 1752 2310 publicis,

346 2324 533 2376 reliquisti
553 2324 564 2360 ἓ
612 2324 706 2363 Non
742 2333 777 2362 te
811 2324 855 2362 ad
893 2323 1067 2362 senatum
1099 2325 1249 2363 causam
1287 2325 1431 2363 deferre
1450 2344 1460 2368 ;
1494 2337 1570 2361 non
1597 2323 1643 2359 de
1675 2332 1754 2359 tam

347 2391 538 2429 atrocibus
559 2391 710 2443 injuriis
731 2392 940 2443 conqueri5
964 2405 1041 2430 non
1062 2405 1125 2430 eos
1146 2391 1341 2434 homines,
1360 2392 1424 2441 qui
1446 2389 1637 2441 populum
1658 2402 1753 2427 con-

348 2456 521 2501 citarant,
542 2457 759 2496 Consulum
780 2457 899 2496 literis
920 2459 1134 2497 evocandos
1155 2470 1284 2501 curare
1306 2455 1506 2508 oportuit?

433 2522 505 2560 To
523 2535 573 2561 M.
606 2523 678 2561 IV.
1419 2520 1452 2558 Z
