2201 2792
718 126 855 165 PRO
916 129 965 166 A.
1026 130 1338 173 CAECINA.
1648 156 1725 194 519

336 217 559 273 semperque
575 221 614 260 id
645 222 797 263 valuisse
816 225 1047 278 plurimum,
1077 230 1182 281 quod
1198 230 1238 269 in
1254 231 1289 270 se
1319 236 1552 276 auetoritatis
1568 238 1724 278 habuis-

335 284 388 323 set
419 287 682 341 aequitatisque
700 289 917 342 plurimum
934 311 946 338 ς
978 293 1192 334 consolatus
1222 296 1275 335 est
1303 312 1380 345 me,
1411 311 1448 339 et
1477 303 1654 350 ostendit,
1686 307 1727 344 in

334 348 407 389 hac
426 352 505 405 ipsa
524 354 633 392 causa
651 354 750 394 nihil
771 357 856 403 effe,
878 360 983 411 quod
1000 360 1211 401 laborarem
1230 377 1239 401 :
1271 378 1362 404 nam
1385 369 1495 406 verba
1514 371 1591 422 ipsa
1611 371 1725 423 spon-

334 417 447 456 fionis
467 418 590 459 facere
617 435 788 469 mecum,
821 425 848 463 fi
877 426 1016 465 vellem
1052 428 1257 482 diligenter
1285 434 1492 474 attendere.
1525 438 1724 489 Qonam,

333 482 510 536 inquam,
532 487 650 525 modo
669 488 681 524 ?
714 489 818 539 Qia
835 500 948 537 certe,
970 493 1112 546 inquit,
1134 495 1302 548 dejedstus
1323 499 1375 537 est
1396 501 1549 540 Caecina
1577 503 1627 548 vi,
1649 503 1723 543 ho-

333 551 508 590 rninibus
528 555 697 599 armatis,
719 555 850 608 aliquo
865 570 911 595 ex
928 558 1015 597 loco
1032 574 1041 598 :
1073 560 1099 598 s1
1121 575 1198 600 non
1216 576 1263 602 ex
1283 577 1328 603 eo
1347 566 1448 611 loco,
1466 581 1583 620 quern
1602 570 1642 608 in
1663 571 1723 609 lo-

332 628 425 654 cum
444 619 571 656 venire
593 620 743 665 voluit3
767 632 804 660 at
821 636 868 660 ex
887 636 933 661 eo
952 634 1066 669 certe,
1087 627 1188 665 unde
1207 627 1324 682 fugit.
1358 633 1467 683 Qid
1484 643 1569 672 turn
1585 636 1598 672 ?
1622 637 1724 675 Prae-

330 691 402 728 tor,
434 684 577 736 inquit,
608 685 823 733 interdixit,
855 697 911 734 ut,
935 691 1036 728 unde
1056 691 1226 745 dejectus
1253 695 1356 742 effet,
1387 711 1432 737 eo
1450 699 1720 749 restitueretur,

330 746 407 787 hoc
427 749 494 795 est,
525 752 750 804 quicunque
771 755 802 792 is
823 754 930 794 locus
950 756 1053 803 effet,
1085 760 1187 798 unde
1207 761 1374 814 dejecflus
1403 765 1507 805 effer.
1537 769 1722 809 AEbutius

331 825 476 860 autem,
491 817 559 869 qui
575 816 730 864 fatetur,
746 819 878 873 aliquo
893 836 940 860 ex
957 823 1044 862 loco
1060 824 1252 878 dejectum
1270 829 1339 867 effe
1353 831 1562 878 Caecinam,
1581 835 1626 880 is,
1645 850 1723 889 quo

330 881 449 920 modo
469 882 505 920 se
527 883 721 923 restituisse
741 885 853 931 dixit,
875 889 1019 927 neceffe
1039 891 1092 929 est
1112 893 1211 930 male
1231 893 1366 933 fecerit
1386 897 1640 950 sponsionem.

385 949 495 1000 Qid
515 949 581 995 est,
600 951 714 989 Piso?
735 953 862 1005 placet
883 955 955 993 tibi
974 970 1143 1010 pugnare
1159 960 1282 999 verbis
1301 963 1314 999 ?
1345 963 1469 1016 placet
1490 967 1639 1005 causam
1652 970 1721 1020 ju-

330 1014 394 1060 ris,
417 1024 455 1054 et
471 1017 674 1069 aequitatiS,
696 1028 734 1057 et
750 1034 826 1059 non
848 1022 980 1061 nostrae
1000 1025 1246 1076 possessionis,
1264 1028 1325 1067 sed
1346 1032 1509 1070 omnino
1528 1034 1720 1086 poffeffio-

328 1094 425 1119 num
445 1083 640 1129 omnium,
661 1085 890 1126 constituere
911 1089 951 1127 in
970 1090 1085 1129 verbo
1103 1092 1116 1129 ?
1148 1093 1248 1145 Ego,
1271 1096 1376 1147 quod
1396 1097 1498 1136 mihi
1513 1100 1718 1147 videretur,

328 1148 434 1200 quod
453 1162 475 1186 a
493 1150 703 1202 majoribus
734 1151 966 1201 factitatum,
996 1157 1101 1209 quod
1132 1157 1275 1199 horum
1306 1164 1542 1210 auctoritate,
1577 1167 1718 1219 quibus

321 1214 579 1265 judicandum
600 1216 665 1262 est,
696 1218 860 1271 dignum
881 1221 984 1267 effet,
1005 1223 1165 1270 ostendi,
1187 1225 1226 1264 id
1247 1241 1395 1274 verum,
1418 1230 1457 1268 id
1477 1245 1647 1284 aequum,
1679 1234 1720 1273 id

328 1280 424 1317 utile
444 1281 628 1319 omnibus
649 1282 734 1328 effe,
767 1284 936 1337 spectari,
969 1302 1047 1340 quo
1067 1290 1226 1329 confilio
1258 1301 1297 1331 et
1317 1307 1393 1345 qua
1412 1295 1609 1343 sententia,
1641 1312 1719 1337 non

326 1346 468 1397 quibus
491 1347 664 1400 quidque
684 1349 823 1395 verbis,
855 1352 943 1390 effet
963 1355 1106 1394 actum.
1140 1358 1205 1395 Tu
1238 1371 1300 1396 me
1320 1361 1366 1397 ad
1392 1362 1552 1401 verbum
1576 1378 1683 1403 vocas
1704 1366 1716 1402 ?

325 1424 404 1448 non
423 1420 510 1450 ante
530 1413 655 1458 venio,
692 1428 809 1467 quam
836 1418 1021 1457 recusato.
1054 1421 1170 1473 Nego
1200 1433 1388 1475 oportere,
1421 1440 1520 1479 nego
1551 1429 1718 1469 obtineri

325 1476 440 1530 posse,
464 1491 562 1530 nego
583 1479 703 1517 ullam
724 1494 806 1518 rem
827 1482 913 1527 effe,
945 1497 1030 1535 qua:
1061 1496 1125 1524 aut
1145 1489 1421 1541 comprehendi
1442 1492 1540 1538 satis,
1567 1504 1632 1533 aut
1651 1509 1716 1534 ca-

323 1544 416 1587 veri,
438 1552 502 1581 aut
522 1544 648 1596 excipi
667 1545 793 1598 poffit‚
810 1547 850 1592 sl,
868 1557 932 1586 aut
948 1552 1139 1601 praeterito
1156 1553 1287 1605 aliquo
1303 1556 1431 1601 verbo,
1450 1568 1515 1596 aut
1535 1560 1717 1613 ambigue

322 1608 457 1661 pofito,
480 1608 664 1648 sententia
683 1620 721 1650 et
741 1625 780 1650 re
799 1614 968 1666 cognita,
1001 1629 1079 1655 non
1099 1618 1153 1664 id,
1186 1620 1290 1671 quod
1310 1621 1556 1676 intelligitur,
1578 1625 1640 1664 sed
1660 1628 1714 1673 id,

324 1674 428 1726 quod
449 1675 606 1721 dicitur,
628 1677 783 1717 valebit.

373 1741 527 1780 XXIX.
551 1742 749 1794 Qoniam
771 1744 856 1783 satis
878 1747 1042 1786 recusavi
1059 1767 1070 1794 ς
1094 1750 1206 1789 venio
1220 1752 1302 1803 jam
1324 1767 1402 1806 quo
1422 1769 1548 1794 vocas.
1572 1759 1714 1810 Qaero

321 1805 387 1844 abs
409 1816 459 1852 te,
492 1807 613 1846 fimne
634 1809 815 1861 dejectuS,
852 1826 929 1850 non
950 1813 995 1851 de
1022 1815 1253 1856 Fulciniano
1272 1817 1395 1858 fundo
1414 1835 1422 1859 :
1459 1835 1585 1874 neque
1606 1825 1712 1863 enim

321 1872 477 1917 Praetor,
500 1873 526 1911 s1
547 1887 594 1912 ex
615 1888 660 1913 eo
679 1874 802 1915 fundo
821 1877 933 1916 essem
954 1880 1135 1932 dejectus,
1168 1883 1221 1921 ita
1242 1897 1304 1923 me
1325 1885 1468 1925 restitui
1483 1888 1617 1940 jussu,-
1650 1890 1713 1928 sed

319 1951 378 1983 eo,
400 1940 503 1977 unde
523 1940 689 1993 dejectus
710 1942 847 1982 essem:
876 1944 957 1983 sum
979 1960 1027 1984 ex
1047 1949 1228 2000 proximo
1248 1951 1367 1990 vicini
1387 1952 1510 1992 fundo
1531 1956 1711 2008 dejectuS,

319 2017 395 2056 qua
414 2005 567 2044 adibam
587 2008 632 2045 ad
654 2008 768 2047 istum
789 2009 983 2050 fundum:
1017 2013 1100 2051 sum
1121 2015 1168 2052 de
1188 2016 1270 2054 via:
1293 2017 1377 2056 sum
1397 2030 1498 2060 certe
1520 2021 1711 2067 alicunde,

315 2069 389 2107 five
409 2070 455 2107 de
475 2071 638 2122 privato,
670 2074 743 2111 five
763 2075 810 2112 de
829 2076 1017 2128 publico:
1049 2092 1094 2117 eo
1125 2081 1270 2119 restitui
1291 2082 1376 2122 sum
1403 2085 1540 2136 jussus.
1582 2088 1710 2126 Resti-

318 2135 428 2174 tuiffe
460 2146 495 2174 te
528 2138 681 2177 dixisti:
715 2154 814 2194 nego
844 2156 906 2180 me
938 2157 984 2182 ex
1011 2145 1163 2184 decreto
1185 2148 1359 2188 Praetoris
1387 2151 1603 2191 restitutum
1625 2154 1708 2192 effe.

317 2202 426 2252 Qid
446 2203 491 2240 ad
513 2202 594 2242 haec
615 2205 811 2244 dicimus?
845 2217 909 2246 aut
932 2219 1010 2255 tuo,
1035 2212 1368 2263 quemadmodum
1389 2217 1545 2263 dicitur,
1567 2219 1708 2270 gladio,

316 2276 381 2304 aut
400 2268 540 2314 nostro,
563 2269 730 2309 defenfio
751 2281 815 2310 tua
835 2274 1061 2314 conficiatur
1082 2278 1225 2316 necesse
1245 2281 1311 2320 est.

373 2333 410 2371 Si
429 2334 475 2371 ad
495 2336 689 2375 interdicti
711 2337 935 2378 sententiam
957 2341 1151 2395 confugis,
1185 2353 1236 2389 et,
1270 2347 1316 2384 de
1337 2360 1414 2398 quo
1435 2346 1558 2386 fundo
1578 2350 1706 2387 adium

314 2398 361 2436 fit
381 2407 483 2445 tum,
510 2414 599 2440 cum
622 2404 806 2444 AEbutius
829 2406 1256 2461 restituerejubebatur,
1291 2413 1327 2450 id
1356 2414 1606 2464 quaerendum
1637 2415 1707 2453 effe
