2201 2792
658 216 1003 258 ACTI'ONIS
1046 221 1097 260 II.
1158 223 1367 264 LIBER
1409 228 1479 266 IV.
1669 246 1746 285 403

354 306 470 354 volet,
500 318 560 348 eat
579 311 625 349 ad
645 312 765 351 aedem
787 315 1013 363 Felicitatis,
1035 319 1080 357 ad
1100 332 1402 362 monumentum
1424 326 1569 370 Catuli,
1595 327 1634 364 in
1657 342 1748 379 por-

353 373 478 413 ticum
499 376 682 417 Metelli:
715 380 780 419 det
808 395 977 435 operam,
1010 394 1052 423 ut
1073 386 1299 427 admittatur
1332 390 1371 427 in
1407 391 1567 444 alicujus
1590 392 1748 432 istorum

353 439 620 481 Tusculanum
641 459 650 482 :
682 445 823 498 spectet
843 447 974 488 forum
995 461 1188 498 ornatum,
1212 455 1237 492 s1
1256 456 1349 507 quid
1370 457 1435 495 iste
1455 457 1610 496 suorum
1632 461 1746 497 AEdi-

350 504 453 544 libus
474 511 797 551 accommodavit.
832 515 966 554 Verres
998 516 1080 556 haec
1115 518 1253 558 habeat
1289 522 1428 560 domi?
1461 524 1598 562 Verres
1633 539 1746 563 erna-

349 572 491 610 mentis
511 572 706 622 fanorum,
721 587 835 631 atque
855 581 1088 633 oppidorum
1108 583 1245 623 habeat
1268 587 1417 639 plenam
1440 589 1616 635 domum,
1638 593 1745 630 villas·

349 636 533 676 refertas?
565 641 747 681 Etiamne
780 644 897 698 hujus
929 650 1090 700 operarii
1125 651 1258 697 studia,
1296 667 1339 691 ac
1371 655 1538 701 deliciae,
1573 659 1742 708 Jufflccs,

344 703 541 754 perferetis
561 706 574 742 ?
596 708 664 759 qui
684 709 737 747 ita
756 720 866 750 natus
888 713 954 758 est,
985 715 1038 752 ita
1055 715 1249 763 educatus,
1267 719 1318 757 ita
1338 719 1458 760 faetus
1481 732 1518 760 et
1538 726 1682 769 animo9
1705 736 1742 764 et

346 782 517 822 corpore,
549 782 592 812 ut
611 775 740 814 multo
760 779 965 831 appositior
994 782 1041 820 ad
1060 782 1276 830 deferenda,
1308 800 1426 839 quam
1463 790 1509 827 ad
1540 790 1742 830 auferenda*L

344 835 447 889 figna
466 838 537 877 effe
556 841 740 881 videatur.

399 906 530 956 Atque
549 904 632 945 haec
652 909 806 962 Sappho
826 911 972 951 sublata
991 925 1183 967 quantum
1203 918 1430 960 desiderium
1451 922 1505 960 sui
1527 924 1739 977 reliquerit,

343 967 422 1008 dici
442 971 506 1008 vix
526 972 662 1024 potest.
695 976 801 1015 Nam
822 991 915 1016 cum
934 980 1012 1033 ipsa
1038 981 1114 1020 fuit
1134 986 1285 1037 egregie
1304 986 1416 1033 faeta,
1439 999 1523 1027 tum
1544 991 1738 1043 epigram-

342 1049 407 1074 ma
427 1038 611 1077 Graecum
631 1044 832 1092 pernobile
852 1045 1017 1085 incisum
1051 1048 1189 1089 habuit
1225 1052 1265 1089 in
1297 1054 1385 1099 basi,
1417 1057 1521 1106 quod
1553 1057 1619 1095 iste
1649 1073 1738 1097 eru-

341 1102 444 1141 ditus
465 1103 599 1150 homo,
632 1117 670 1145 et
690 1109 907 1157 Graeculus,
939 1114 1006 1165 qui
1026 1114 1108 1153 haec
1139 1118 1330 1157 subtiliter
1354 1121 1517 1172 judicat,
1549 1124 1617 1175 qui
1637 1125 1736 1164 solus

339 1168 539 1222 intelligit,
571 1172 597 1210 fi
619 1187 735 1212 unam
757 1176 907 1216 literam
929 1181 1107 1220 Graecam
1128 1183 1262 1230 stifft-t,
1293 1197 1394 1224 certe
1424 1202 1501 1226 non
1520 1188 1733 1231 sustuliffet.

339 1235 461 1274 Nunc
481 1238 587 1276 enim
623 1242 727 1291 quod
759 1243 987 1297 inscriptum
1020 1248 1071 1286 est
1091 1250 1196 1288 inani
1229 1252 1269 1289 in
1306 1253 1396 1298 bafi,
1431 1255 1608 1302 declarat,
1640 1259 1734 1310 quid

336 1299 466 1348 fuerit,
498 1312 536 1342 et
555 1304 595 1342 id
613 1306 785 1347 ablatum
806 1310 966 1350 indicat.

332 1398 338 1401 .
392 1369 528 1420 Qid?
559 1371 711 1425 lignum
746 1376 890 1415 Paeanis
925 1392 971 1417 ex
1007 1381 1084 1418 aede
1104 1383 1328 1437 AEsculapii,
1360 1388 1537 1439 praeclare
1570 1389 1731 1438 farrum,

335 1433 497 1482 sacrum,
528 1447 565 1476 et
586 1439 821 1492 religiosum,
845 1458 921 1482 non
943 1446 1119 1485 sustulisti
1139 1450 1152 1485 ?
1184 1453 1289 1502 quod
1309 1466 1444 1492 omnes
1465 1466 1621 1509 propter
1639 1460 1730 1511 pul-

334 1500 598 1543 chritudinem
632 1507 758 1553 visere,
785 1520 940 1563 propter
961 1513 1188 1565 religionem
1210 1518 1348 1564 colere,
1372 1520 1556 1560 solebant.
1590 1525 1726 1576 Qid?

332 1580 380 1606 ex
400 1569 477 1607 aede
496 1571 631 1609 Liberi
650 1573 896 1614 simulacrum
917 1579 1056 1616 Aristei
1081 1595 1157 1618 non
1180 1591 1247 1620 tuo
1278 1585 1441 1638 imperio
1472 1589 1597 1639 palam
1623 1592 1725 1628 ablu»

333 1642 418 1672 tum
439 1636 519 1674 est?
543 1638 679 1689 Qid?
701 1654 748 1678 ex
770 1642 846 1679 aede
866 1644 987 1694 Jovis‚
1010 1647 1330 1699 religiofissimum
1353 1653 1598 1694 fimulacrum
1620 1659 1726 1707 jovis

331 1700 590 1753 Imperat01·i5‚
613 1719 731 1756 quem
752 1708 879 1747 Graeci
901 1711 1025 1749 Urion
1049 1715 1264 1761 nominant,
1282 1718 1542 1769 pulcherrime
1563 1721 1723 1768 stadium,

330 1779 458 1804 nonne
487 1768 699 1808 abstulisti?
743 1773 850 1824 Qid
870 1775 882 1811 ?
927 1790 973 1814 ex
1008 1778 1085 1815 aede
1120 1781 1251 1818 Liberi
1286 1797 1447 1835 parvum
1484 1786 1581 1825 illud.
1609 1799 1723 1841 caput

327 1832 652 1884 pulcherrimum,
686 1839 792 1890 quod
822 1841 936 1879 visere
970 1842 1199 1892 solebamus,
1236 1861 1314 1886 non
1342 1850 1521 1889 dubitasti
1559 1855 1721 1893 tollere?

327 1900 461 1952 Atque
495 1902 560 1940 ille
582 1904 691 1942 Poean
714 1905 905 1946 sacrificiis
938 1912 1197 1951 anniversariis
1230 1915 1340 1953 fimul
1371 1931 1462 1956 cum
1486 1919 1718 1974 AEsculapiQ

327 1966 428 2018 apud
449 1967 535 2006 illos
557 1969 768 2010 colebatur.
800 1974 984 2021 Aristeus,
1008 1979 1090 2029 qui,
1114 1990 1155 2017 ut
1177 1981 1305 2020 Graeci
1326 1982 1469 2029 ferunt,
1492 1986 1621 2025 Liberi
1642 1989 1720 2027 fili-

328 2043 384 2075 us,
415 2032 591 2073 inventor
610 2036 686 2073 olei
705 2037 777 2076 effe
797 2039 952 2086 dicitur,
987 2057 1061 2082 una
1082 2058 1172 2084 cum
1196 2047 1336 2087 Libero
1370 2060 1474 2103 patre
1500 2054 1600 2105 apud
1631 2055 1718 2094 illos

325 2097 461 2136 eodem
482 2110 560 2138 erat
580 2101 619 2139 in
641 2104 789 2157 templo
808 2108 1061 2149 consecratus.

379 2164 530 2204 LVIII.
563 2167 701 2217 Jovem
738 2180 867 2210 autem
906 2175 1181 2227 Imperatorem
1218 2190 1363 2232 quanto
1394 2181 1540 2222 honore
1575 2187 1612 2223 in
1651 2187 1715 2225 suo

323 2230 471 2283 templo
490 2230 601 2270 fuiffe
629 2235 900 2276 arbitramini?
931 2239 1024 2279 hinc
1060 2244 1240 2297 colligere
1271 2249 1438 2299 potestis,
1473 2250 1497 2288 fi
1528 2254 1714 2289 recordari

321 2297 532 2344 volueritis,
569 2311 711 2353 quanta
744 2305 928 2358 religione
960 2307 1076 2348 fuerit
1110 2312 1240 2350 eadem
1279 2315 1413 2366 specie,
1451 2326 1563 2368 atque
1590 2316 1714 2356 forma

321 2361 471 2413 signum
494 2364 607 2410 illud,
630 2369 734 2419 quod
755 2383 801 2408 ex
823 2371 1055 2412 Macedonia
1075 2387 1232 2429 captum
1267 2379 1302 2416 in
1328 2381 1520 2431 Capitolio
1541 2382 1712 2433 posuerat

321 2427 550 2469 Flaminius.
583 2433 742 2473 Etenim
766 2438 836 2475 tria
857 2438 1076 2479 ferebantur
1097 2444 1133 2480 in
1165 2445 1255 2481 orbe
1279 2454 1461 2484 terr-irum
1484 2447 1584 2499 signa
1605 2451 1710 2498 jovis

320 2494 564 2545 Imperatoris
587 2512 664 2537 uno
685 2501 721 2539 in
747 2517 882 2554 genere
905 2506 1162 2557 pulcherrime
1184 2509 1277 2547 facia
1296 2526 1304 2548 ε
1339 2526 1475 2557 unum,
1499 2514 1595 2552 illud
1617 2516 1710 2554 Ma-

316 2560 562 2609 cedonicum,
595 2567 696 2616 quod
730 2568 769 2606 in
792 2571 986 2622 Capitolio
1009 2574 1181 2614 videmus
1200 2595 1209 2619 ;
1243 2577 1418 2622 alterum,
1450 2581 1490 2618 in
1513 2582 1625 2619 Ponti
1647 2598 1708 2621 ore

1225 2643 1336 2679 lfiec
1370 2657 1390 2681 3
