2201 2792
685 116 854 154 PRO
914 115 959 153 P.
1020 115 1455 165 QUINTIQ.
1729 132 1779 171 29

363 216 476 257 alieni
506 214 795 268 aliquantulum
825 213 915 252 effet
933 213 1126 259 relictum,
1160 214 1304 266 quibus
1324 215 1551 254 nominibus
1572 219 1779 269 pecuniam

363 283 502 321 Romae
532 281 657 320 curari
687 289 865 334 oportere
880 299 893 326 ς
940 280 1159 319 auctionem
1191 281 1231 318 in
1249 281 1390 319 Gallia
1416 283 1460 320 P.
1490 281 1557 320 hic
1592 283 1780 335 Qintius

363 349 550 388 Narbone
570 348 607 386 se
640 347 835 386 faeturum
861 346 934 386 effe
963 347 1182 400 proscribit,
1214 362 1346 386 earum
1374 362 1518 394 rerum,
1550 363 1635 401 quae
1666 350 1779 403 ipsius

362 418 468 452 'erant
497 414 666 468 privatae.
714 413 777 451 Ibi
806 423 894 452 tum
923 413 982 452 vir
1012 414 1201 467 optimus,
1234 415 1321 452 Sex.
1358 415 1534 460 Naevius,
1575 413 1781 454 hominem

362 481 500 520 multis
526 481 652 520 verbis
682 480 858 526 deterret,
889 494 938 519 ne
969 482 1238 519 aufti011etur:
1270 495 1361 520 eum
1382 496 1460 520 non
1487 482 1541 520 ita
1572 483 1781 521 commode

361 547 465 602 poffe
494 561 539 586 eo
561 556 746 601 tempore,
770 561 856 601 quae
874 547 1156 601 proscripsisset,
1180 548 1366 587 vendere:
1401 549 1538 587 Romae
1558 549 1628 587 fibi
1661 563 1781 587 num-

363 629 522 654 morum
555 614 783 654 facultatem
819 615 905 660 effe,
936 627 1070 668 quam,
1109 615 1136 654 fi
1171 616 1327 669 saperet,
1362 629 1617 655 communem
1650 616 1782 655 existi-

363 692 500 728 maret,
531 696 601 736 pro
634 681 801 721 fraterna
827 682 894 721 illa
929 681 1216 728 neceffitudine‚
1253 692 1290 721 et
1317 698 1387 736 pro
1419 684 1534 737 ipsius
1566 683 1779 722 affinitate:

363 763 455 789 nam
477 752 521 789 P.
542 751 699 802 Qintii
719 750 990 789 consobrinam
1010 749 1127 788 habet
1148 751 1188 788 in
1210 751 1463 790 matrimonio
1480 751 1656 797 Naevius,
1678 761 1714 789 et
1735 766 1783 789 ex

361 831 405 857 ea
424 818 580 865 liberos.
615 818 731 869 Qia,
755 818 861 871 quod
881 819 1010 856 virum
1032 819 1183 856 bonum
1203 818 1327 856 facere
1347 819 1563 872 oportebat,
1584 819 1624 856 id
1644 819 1783 871 loque-

364 885 477 924 batur
498 885 658 924 Naevius
674 904 687 931 3
720 886 884 924 credidit
905 885 1109 937 Qintius,
1133 900 1239 932 eum,
1265 886 1333 938 qui
1354 887 1567 924 orationem
1591 887 1785 924 bonorum

365 952 598 997 imitaretur,
637 951 735 989 faeta
769 967 926 1005 quoque
957 953 1218 992 imitaturum.
1262 954 1501 991 Austionem
1533 953 1630 991 velle
1660 952 1783 990 facere

367 1018 508 1056 defistit
528 1033 537 1057 z
570 1019 741 1056 Romam
762 1019 1018 1071 proficiscitur
1039 1034 1047 1058 :
1081 1020 1232 1059 decedit
1258 1034 1305 1059 ex
1328 1021 1457 1059 Gallia
1479 1021 1649 1060 Romam
1671 1021 1783 1058 simul

367 1084 543 1123 Naevius.

422 1151 530 1189 Cum
563 1150 771 1203 pecuniam
799 1152 847 1189 C.
873 1151 1063 1201 Qintius
1098 1153 1143 1190 P.
1167 1153 1337 1205 Scapulae
1371 1153 1582 1199 debuiffet3
1630 1167 1697 1207 per
1731 1162 1782 1199 te,

367 1218 416 1257 C.
449 1217 603 1270 Aquili,
639 1217 786 1256 decidit
816 1218 862 1256 P.
896 1217 1100 1268 QintiUS,
1138 1219 1243 1271 quod
1277 1219 1409 1257 liberis
1436 1221 1518 1272 ejus
1555 1219 1783 1259 diffolveret.

366 1286 459 1325 Hoc
479 1286 525 1321 eo
544 1298 611 1338 per
632 1293 669 1323 te
689 1284 886 1339 agebatur,
900 1283 1008 1336 quod
1027 1294 1184 1338 propter
1201 1285 1369 1324 aerariam
1389 1286 1578 1325 rationem
1599 1300 1677 1324 non
1698 1286 1785 1325 satis

366 1361 446 1391 erat
482 1353 524 1391 in
557 1352 698 1391 tabulis
730 1351 945 1406 inspexisse,
978 1361 1172 1405 quantum
1199 1353 1415 1398 deberetur,
1451 1353 1520 1392 nifi
1552 1353 1598 1392 ad
1621 1353 1785 1393 Castoris

366 1418 563 1472 quaesisset,
585 1427 776 1472 quantum
798 1418 1020 1457 solveretur.
1055 1418 1231 1464 Decidis,
1254 1419 1461 1472 statuisque
1477 1428 1519 1458 tu
1540 1430 1696 1473 propter
1716 1433 1787 1458 ne-

366 1485 650 1531 ceffitudinem,
673 1499 759 1538 quae
792 1485 864 1524 tibi
895 1498 988 1523 cum
1010 1485 1182 1538 Scapulis
1203 1485 1269 1531 est,
1301 1486 1398 1539 quid
1428 1486 1474 1524 iis
1507 1486 1554 1524 ad
1585 1486 1786 1525 denarium

367 1551 587 1590 solveretur.

423 1619 475 1656 V.
508 1620 606 1657 Haec
627 1618 760 1657 omnia
781 1618 971 1670 Qintius
992 1618 1128 1672 agebat
1147 1621 1313 1665 auctore,
1331 1628 1369 1657 et
1388 1619 1613 1658 consuasore
1630 1619 1784 1659 Naevi02¹

368 1685 457 1724 Nec
479 1686 640 1730 mirum,
662 1685 688 1723 fi
710 1686 791 1737 ejus
817 1686 997 1723 utebatur
1017 1686 1190 1730 consilio,
1224 1687 1333 1738 cujus
1355 1686 1547 1725 auxilium
1577 1687 1646 1724 fibi
1676 1700 1786 1739 para-

368 1761 456 1790 tum
486 1752 658 1805 putabat.
711 1752 806 1789 Non
838 1752 957 1790 modo
985 1752 1091 1790 enim
1125 1752 1325 1805 pollicitus
1362 1761 1441 1789 erat
1471 1752 1512 1790 in
1547 1752 1689 1797 Gallia,
1725 1752 1787 1791 sed

367 1819 507 1858 Romae
527 1819 715 1872 quotidIe,
747 1818 861 1856 fimul
882 1828 996 1871 atque
1016 1819 1086 1857 fibi
1117 1818 1183 1857 hic
1204 1818 1405 1865 annuisset,
1435 1829 1731 1858 numeraturum
1753 1820 1789 1858 se

368 1885 533 1924 dicebat.
568 1885 757 1938 Qintius
778 1898 892 1938 porro
914 1885 1032 1923 istum
1058 1885 1161 1939 poffe
1192 1884 1317 1924 facere
1339 1886 1494 1924 videbat
1510 1904 1521 1931 ς
1555 1886 1692 1924 debere
1723 1887 1787 1924 in-

369 1952 592 2006 telligebat3
624 1951 799 1997 mentiri,
832 1952 923 2004 quia
954 1952 1076 1998 causa,
1099 1966 1169 1990 cur
1200 1953 1443 1998 mentiretur,
1479 1966 1556 1991 non
1579 1962 1672 1998 erat,
1707 1966 1788 1991 non

369 2020 543 2072 putabat.
589 2019 707 2071 Qafi
740 2019 848 2057 domi
880 2032 1064 2058 nummos
1094 2018 1266 2065 haberet,
1298 2020 1351 2057 ita
1381 2018 1582 2058 constituit
1615 2020 1787 2073 Scapulis

371 2086 407 2123 se
439 2087 651 2125 daturum:
685 2086 870 2124 Naevium
902 2087 1108 2126 certiorem
1135 2085 1257 2125 facit:
1290 2095 1413 2140 rogat,
1446 2096 1490 2125 ut
1523 2096 1644 2132 curet,
1681 2087 1787 2139 quod

371 2153 535 2192 dixisset.

426 2222 538 2259 Tum
558 2220 625 2259 iste
646 2220 702 2258 vir
727 2220 900 2273 optimus
935 2221 1096 2272 (vereor,
1129 2235 1177 2260 ne
1197 2221 1233 2260 se
1254 2221 1417 2260 derideri
1437 2230 1563 2274 putet,
1586 2220 1691 2272 quod
1711 2219 1785 2257 ite-

372 2301 459 2326 rum
475 2289 558 2340 jam
579 2287 682 2332 dico,
714 2288 907 2340 optimus)
940 2288 1008 2340 qui
1027 2287 1135 2326 hunc
1166 2289 1206 2327 in
1238 2288 1408 2327 summas
1429 2287 1618 2341 angustias
1639 2285 1786 2324 adduc-

372 2364 459 2393 tum
481 2364 658 2408 putaret;
692 2348 857 2393 ut‘eum
878 2355 952 2393 suis
974 2355 1266 2395 conditionibus
1298 2357 1339 2394 in
1374 2355 1456 2408 ipso
1489 2353 1652 2391 articulo
1683 2363 1785 2391 tem-

372 2423 475 2474 poris
503 2423 737 2475 astringeret,
770 2422 885 2460 affem
906 2423 978 2461 sese
1009 2432 1123 2476 negat
1143 2424 1339 2467 daturum,
1371 2421 1439 2459 nis1
1469 2422 1575 2474 prius
1608 2421 1654 2458 de
1675 2421 1785 2458 rebus

373 2489 661 2542 rationibusque
681 2489 869 2528 societatis
901 2491 1086 2529 omnibus
1107 2489 1300 2528 decidisset
1318 2507 1330 2535 3
1363 2497 1401 2527 et
1431 2487 1568 2535 sciffet,
1604 2487 1673 2525 fibi
1694 2500 1786 2525 cum
