2201 2792
521 213 598 252 262
950 209 1039 249 IN
1115 210 1495 251 VERREM

517 314 684 367 cognovi
719 313 758 351 in
780 303 921 356 Sicilia,
955 325 1038 364 quae
1073 311 1202 364 accepi
1232 311 1279 349 ab
1314 312 1416 364 ipsis,
1449 311 1652 364 diligenter
1682 310 1916 364 exposuero;

518 380 665 434 populo
686 380 878 422 Romano,
910 378 936 416 fi
968 377 1112 416 nulllus
1132 378 1228 421 vim,
1261 377 1403 415 nullius
1424 378 1636 430 potentiam
1657 377 1889 430 pertimuere
1904 394 1917 421 ;

518 447 641 491 vobis,
664 446 689 484 s1
711 444 935 483 facultatem
956 456 1055 487 vere,
1076 452 1191 494 atque
1216 441 1373 480 honeste
1388 443 1602 495 judicandi,
1638 443 1727 487 fide,
1757 451 1794 480 et
1825 441 1918 479 dili-

516 513 645 565 gentia
666 525 749 550 mea
767 510 917 554 fecero,
950 508 1147 554 mihimet,
1169 509 1195 546 fi
1213 521 1263 546 ne
1283 509 1495 547 minimum
1516 509 1677 561 quidem
1697 509 1744 546 de
1763 521 1807 547 eo
1828 522 1918 547 cur-

517 580 639 618 riculo
660 579 759 623 vitae‚
782 577 887 629 quod
908 575 1007 614 mihi
1028 576 1174 628 semper
1193 575 1430 628 propositum
1450 574 1540 619 fuit,
1562 575 1760 613 decessero.

573 647 818 698 Qapropter
838 642 938 680 nihil
958 642 1023 687 est,
1055 642 1159 694 quod
1182 651 1343 686 metuas,
1366 656 1412 679 ne
1431 641 1526 694 quid
1545 641 1585 678 in
1607 650 1642 679 te
1668 640 1889 692 confingam
1907 653 1917 677 ε

516 713 632 750 etiam
668 711 772 763 quod
807 710 945 754 lmese,
973 708 1103 746 habes.
1136 708 1268 746 Multa
1299 708 1419 752 enim,
1455 722 1540 760 quae
1573 707 1651 745 scio
1682 707 1747 745 abs
1780 716 1817 744 te
1848 705 1919 744 effe

515 778 728 822 commifl‘a,
761 776 866 828 quod
886 784 950 812 aut
981 775 1150 813 nimium
1169 775 1308 827 turpia,
1340 783 1404 813 aut
1435 788 1571 828 parum
1601 773 1799 812 credibilia
1818 772 1918 816 sunt,

514 843 820 896 praetermittam.
868 838 1044 878 Tantum
1074 853 1184 892 agam
1219 839 1267 877 de
1300 839 1375 878 hoc
1408 848 1490 878 toto
1523 840 1681 877 nomine
1715 837 1917 878 societatis.

515 912 572 948 Ut
599 911 680 962 jam
719 908 811 946 scire
845 907 985 960 possis;
1018 921 1200 959 quaeram,
1232 907 1480 945 decretumne
1510 907 1567 945 fit.
1601 908 1706 944 Cum
1738 906 1777 944 id
1809 906 1917 944 inve-.

513 991 631 1021 ner03
665 988 846 1028 quaeram,
870 983 1073 1012 remotaene
1094 974 1165 1011 smt
1189 973 1319 1012 literae.
1353 974 1459 1011 Cum
1479 973 1519 1010 id
1539 986 1695 1025 quoque
1715 972 1918 1016 constabit,

513 1057 579 1082 vos
605 1044 702 1094 jam,
740 1054 802 1079 me
824 1040 953 1084 tacito,
985 1039 1225 1090 intelligetis,
1257 1039 1283 1076 fi
1304 1038 1377 1083 illi,
1413 1039 1481 1090 qui
1501 1037 1577 1076 hoc
1598 1038 1702 1076 istius
1723 1038 1831 1076 causa
1850 1037 1917 1076 de-

513 1117 726 1152 creverunt,
756 1106 904 1157 equites
927 1104 1112 1149 Romani,
1143 1117 1247 1142 nunc
1278 1103 1399 1142 iidem
1428 1105 1468 1141 in
1500 1117 1590 1142 eum
1616 1104 1767 1156 judices
1787 1103 1925 1148 effent,¹

514 1175 629 1213 istum
651 1174 726 1212 fine
757 1172 877 1209 dubio
898 1171 1212 1214 condemnarent,
1244 1170 1290 1208 de
1321 1184 1400 1222 quo
1431 1170 1558 1208 literas
1589 1183 1663 1216 eas,
1695 1184 1780 1222 quae
1811 1169 1917 1208 istius

512 1241 615 1279 furta
646 1240 872 1281 indicarent,
903 1246 941 1273 et
972 1236 1017 1273 ad
1049 1236 1084 1273 se
1117 1234 1257 1279 miffas,
1294 1244 1332 1272 et
1365 1235 1432 1273 suo
1461 1235 1613 1273 decreto
1647 1244 1810 1274 remotas
1841 1236 1916 1274 sci-

514 1317 597 1345 rent
617 1306 702 1344 effe.
736 1306 867 1355 Qem
889 1303 1007 1354 igitur
1027 1302 1073 1339 ab
1094 1301 1139 1339 iis
1161 1301 1357 1353 equitibus
1376 1302 1578 1346 Romanis,
1597 1302 1663 1354 qui
1685 1302 1790 1340 istius
1807 1302 1916 1340 causa

512 1374 677 1426 cupiunt
697 1370 842 1414 omnia,
873 1369 941 1421 qui
962 1368 1008 1405 ab
1029 1380 1074 1405 eo
1094 1366 1361 1419 benigniflime
1382 1368 1528 1405 tractati
1549 1367 1648 1412 sunt,
1667 1368 1915 1407 condemnari

512 1438 656 1478 neceffe
675 1436 786 1481 effet;
819 1436 850 1474 is
870 1448 890 1473 a
909 1434 1032 1479 vobis,
1053 1433 1223 1486 Judices,
1247 1433 1324 1472 ulla
1343 1434 1394 1480 vi,
1427 1443 1491 1472 aut
1510 1434 1654 1473 ratione
1680 1434 1823 1474 absolvi
1838 1448 1914 1488 po-

510 1506 610 1544 test?

568 1574 642 1616 Ac,
675 1584 721 1609 ne
741 1569 840 1608 forte
860 1582 915 1613 ea,
947 1582 1031 1621 quae
1063 1576 1210 1606 remota
1242 1567 1289 1606 de
1322 1567 1466 1614 medio,
1494 1576 1609 1620 atque
1642 1577 1771 1621 erepta
1802 1569 1912 1608 vobis

511 1638 612 1683 sunt,
635 1637 767 1676 omnia
785 1636 837 1674 ita
856 1635 1012 1672 condita
1031 1633 1154 1679 fuiffe,
1182 1643 1298 1686 atque
1318 1634 1371 1672 ita
1390 1634 1518 1672 abdite
1537 1634 1683 1672 latuisse
1702 1635 1913 1681 videantur,

511 1714 554 1744 ut
574 1704 645 1742 hac
666 1702 878 1755 diligentia,
915 1715 1033 1754 quam
1053 1713 1125 1753 ego
1146 1714 1166 1738 a
1186 1710 1248 1738 me
1268 1701 1456 1753 expectari
1482 1701 1653 1739 maxime
1681 1710 1790 1754 puto,
1813 1701 1914 1740 nihil

509 1770 653 1818 horum
674 1767 903 1820 investigari,
935 1765 1037 1805 nihil
1063 1765 1203 1818 assequi
1233 1766 1431 1818 potuerit:
1464 1780 1548 1819 quae
1579 1766 1738 1805 confilio
1768 1767 1912 1819 aliquo,

510 1847 575 1875 aut
596 1837 740 1874 ratione
760 1834 921 1872 inveniri
942 1841 1166 1885 potuerunt,
1189 1832 1343 1870 inventa
1361 1833 1462 1877 sunt,
1484 1833 1654 1884 Judices.
1695 1832 1912 1872 Manifestis

510 1904 550 1941 in
573 1902 683 1940 rebus
705 1899 908 1937 hominem
939 1898 1021 1949 jam
1043 1898 1162 1935 teneri
1183 1897 1376 1934 videbitis.
1409 1897 1515 1935 Nam
1534 1897 1640 1949 quod
1671 1898 1711 1935 in
1733 1898 1912 1950 publica-

510 1980 651 2006 norum
671 1965 802 2009 caufis,
833 1963 891 2001 vel
914 1963 1128 2015 plurimum
1149 1962 1266 2000 aetatis
1301 1975 1395 2000 meae
1420 1962 1557 2008 versor,
1590 1961 1913 2016 vehementerque

509 2033 623 2070 illum
646 2031 820 2068 ordinem
841 2029 1011 2072 observo,
1034 2027 1120 2065 satis
1151 2028 1358 2065 commode
1391 2027 1491 2066 mihi
1513 2028 1642 2066 videor
1660 2042 1793 2067 eorum
1814 2042 1910 2068 con-

510 2098 750 2137 suetudinem
771 2095 852 2139 usu,
879 2093 1149 2147 tractandoque
1169 2093 1359 2146 cognoffe.

564 2163 753 2203 LXXIV.
787 2163 934 2213 Itaque,
958 2170 1000 2198 ut
1020 2160 1095 2198 hoc
1115 2161 1301 2213 comperi,
1335 2170 1495 2199 remotas
1516 2161 1585 2199 effe
1606 2161 1731 2199 literas
1752 2162 1910 2201 societa-

511 2232 573 2276 tis,
594 2229 712 2268 habui
735 2229 922 2266 rationem
943 2240 1146 2270 annorum,
1169 2240 1237 2278 per
1257 2240 1352 2278 quos
1374 2227 1440 2264 iste
1460 2228 1499 2264 in
1522 2227 1649 2265 Sicilia
1667 2226 1818 2265 fuiffet:
1842 2228 1909 2266 de-

510 2297 600 2334 inde
621 2294 785 2348 quaesivi,
814 2292 919 2345 quod
939 2301 1015 2329 erat
1036 2291 1194 2328 inventu
1215 2290 1464 2335 facillimum,
1496 2292 1563 2343 qui
1583 2305 1649 2343 per
1668 2291 1819 2329 eosdem
1840 2307 1909 2330 an—

509 2377 577 2402 nos
596 2360 764 2415 magistri
781 2360 886 2398 istius
900 2358 1086 2396 societatis
1100 2355 1267 2394 fuiffent.
1286 2358 1459 2394 Sciebam
1475 2358 1579 2394 enim
1594 2356 1693 2395 hanc
1708 2359 1908 2410 magistro-

508 2444 611 2474 rum,
634 2430 702 2482 qui
724 2428 869 2466 tabulas
890 2425 1087 2470 haberent,
1119 2424 1437 2462 consuetudinem
1458 2424 1542 2469 effe,
1571 2434 1626 2470 ut,
1649 2439 1741 2463 cum
1762 2426 1908 2465 tabulas

508 2509 609 2534 novo
645 2494 823 2545 magistro
859 2492 1066 2535 traderent,
1111 2489 1286 2542 exempla
1320 2490 1516 2528 literarum
1554 2490 1617 2542 ipsi
1655 2489 1792 2529 habere
1831 2506 1909 2531 non

509 2561 672 2604 nollent.
738 2560 873 2612 Itaque
907 2559 953 2598 ad
986 2558 1035 2597 L.
1058 2556 1250 2602 Vibium,
1286 2557 1460 2610 equitem
1490 2556 1741 2603 Romanum,
1781 2557 1909 2596 virum
