2201 2792
459 134 999 175 ARGUMENTA
1065 135 1605 177 ORATIONUM.
1730 149 1783 178 20

397 258 558 311 Argum.
775 255 855 294 Pro
876 256 929 294 L.
953 253 1118 294 Cornelio
1138 254 1270 294 Balbo.
1623 269 1664 310 p.
1689 259 1782 299 126.

337 343 383 378 L.
403 342 630 378 Coauemus
649 341 777 377 Balbus
795 341 991 377 Gaditanus
1009 339 1090 376 fuit.
1134 340 1180 383 Is,
1206 351 1351 389 propter
1367 352 1509 390 operam
1529 340 1565 378 in
1584 353 1620 378 re
1638 343 1784 380 militari

285 391 474 439 praestitam
497 391 680 433 Romanis,
708 403 728 426 a
749 390 920 438 Pompeio
944 390 1094 425 donatus
1117 390 1166 425 est
1184 391 1324 426 civitate
1342 391 1503 426 Romana
1520 403 1564 426 ex
1582 392 1660 439 lege
1676 392 1784 428 Gellia

285 441 445 483 Cornelia,
465 452 536 488 qua
555 440 724 487 Pompeio
742 440 891 487 potestas
908 439 1067 487 permissa
1084 449 1169 480 erat,
1194 439 1394 486 singillatim
1413 440 1570 476 homines
1588 442 1632 476 de
1656 442 1786 478 consilii

285 490 451 526 sententia
474 490 617 524 civitate
639 489 806 531 donandi,
832 500 922 536 quos
943 488 1061 523 vellet.
1114 488 1170 524 Eo
1196 489 1344 535 praemio
1365 501 1448 524 cum
1474 490 1556 526 esset
1582 490 1785 538 aliquandiu

287 538 381 582 usus,
408 538 640 575 controversia
661 538 692 573 ei
717 548 814 573 mota
831 538 879 573 est
896 539 940 573 de
958 537 1098 572 civitate
1122 550 1142 573 a
1165 537 1341 573 Gaditano
1366 539 1533 586 quodam.
1586 538 1621 574 Is
1643 540 1786 576 duobus

285 588 502 635 argumentis
519 598 590 622 erat
609 587 700 630 usus,
718 588 846 635 primo,
865 587 961 634 quod
980 587 1133 634 populus
1151 587 1347 622 Gaditanus
1363 599 1432 623 non
1446 588 1528 623 esset
1536 587 1662 633 fundus
1672 589 1785 632 fabius

285 636 363 684 legis
392 637 518 673 Gelliae
546 636 733 680 Corneliae,
761 637 797 672 li.
819 649 851 672 e.
875 649 947 672 eam
976 648 1046 671 non
1070 635 1258 671 adscivisset
1284 646 1319 671 et
1343 638 1585 685 approbasset:
1617 638 1784 682 secundo,

288 687 386 733 quod
409 684 527 722 foedus
551 686 633 721 esset
653 698 734 721 cum
759 686 893 733 populo
917 685 1092 720 Gaditano
1119 684 1389 728 sacrosan6mm3
1417 687 1514 733 quod
1537 696 1657 722 autem
1675 687 1784 724 sacro-

286 736 442 772 sanc‘tum
465 736 560 778 effe-t,
587 734 660 779 ejus
685 736 780 770 nulla
798 746 876 782 pars
895 734 1017 770 violari
1035 744 1095 769 aut
1113 733 1240 769 auferri
1265 735 1387 782 posset,
1415 747 1529 782 neque
1552 737 1641 771 adeo
1663 736 1784 773 liceret

285 784 401 820 civem
419 784 600 820 Gaditanis
619 783 765 819 auferre.
806 782 1013 819 Defensores
1027 784 1146 818 nac‘tus
1164 783 1211 818 est
1229 785 1356 819 Balbus
1375 786 1546 827 Crassum,
1565 785 1785 832 Pompeium

286 833 412 881 ipsum,
439 844 473 869 et
494 834 714 876 Ciceronem,
742 846 760 868 a
778 845 850 880 quo
868 831 965 867 causa
983 832 1030 868 est
1049 842 1219 880 perorata,
1270 833 1393 868 Oratio
1416 833 1491 881 ejus
1516 835 1549 869 in
1570 835 1621 869 his
1639 835 1781 870 duobus

288 883 502 930 argumentis
526 883 747 918 dissolvendis
775 882 946 930 imprimis
970 882 1132 917 versatur.
1186 883 1280 917 Nam
1304 882 1419 930 primo
1442 884 1603 926 ostendit,
1629 883 1784 920 fundum

286 932 362 967 fieri
385 933 476 979 posse
501 932 673 979 populum
698 932 911 967 foederatum
931 940 992 966 aut
1015 932 1166 967 liberum
1184 943 1449 979 quemcunque,
1476 934 1703 980 permittente
1721 945 1785 981 po-

287 981 374 1027 pulo
398 982 574 1020 Romano,
602 982 723 1027 legum
746 991 883 1015 tantum
907 980 1076 1023 civilium,
1105 992 1174 1015 non
1197 991 1314 1016 autem
1338 993 1472 1024 earum,
1501 994 1582 1029 quae
1604 983 1646 1017 ad
1672 983 1787 1030 impe·

287 1030 378 1063 rium
397 1030 520 1076 populi
538 1030 703 1070 Romani,
730 1030 832 1070 bella,
862 1029 1032 1070 vietorias,
1060 1030 1269 1076 pertineant,
1286 1031 1398 1076 qualis
1416 1031 1529 1067 Gellia
1548 1032 1710 1067 Cornelia
1728 1032 1783 1070 fit.

287 1078 426 1113 Deinde
455 1090 524 1112 non
555 1079 661 1112 modo
689 1079 723 1113 in
751 1078 931 1125 rogatione
958 1078 1072 1113 Gellia
1098 1078 1258 1113 Cornelia
1285 1079 1383 1122 nihil,
1410 1081 1505 1126 quod
1532 1080 1783 1117 sacrosanetum

286 1127 381 1168 effer,
407 1138 599 1173 exceptum
626 1128 688 1162 effe
714 1128 828 1168 docet,
856 1127 911 1162 sed
938 1129 1044 1162 etiam
1072 1125 1192 1162 foedus
1219 1128 1304 1163 illud
1327 1139 1396 1163 non
1425 1130 1490 1164 esse
1518 1129 1781 1174 sacrosandhim,

287 1176 385 1222 quod
412 1187 483 1210 non
508 1187 526 1210 a
551 1176 683 1224 populo
709 1186 769 1211 aut
795 1176 898 1223 plebe
923 1176 1004 1210 efl'et
1026 1175 1209 1218 sancitum,
1238 1188 1353 1223 neque
1370 1178 1598 1214 obtestatione
1618 1180 1704 1226 legis
1722 1188 1783 1215 aut

285 1224 541 1260 consecratione
560 1225 681 1272 capitis
700 1225 879 1260 sacratum.
932 1224 1056 1271 Itaque
1075 1234 1109 1259 et
1129 1224 1280 1259 summos
1299 1226 1523 1273 imperatores
1543 1228 1743 1264 hominibus
1761 1240 1783 1264 e

284 1271 462 1309 foederatis
475 1274 614 1321 populis
628 1274 861 1310 civitatemim
879 1274 1040 1321 pertiiffe,
1059 1285 1208 1322 eamque
1227 1287 1300 1310 rem
1319 1274 1406 1323 saepe
1426 1277 1559 1312 senatus
1577 1277 1785 1313 auctoritate

284 1333 326 1357 ac
343 1321 505 1369 judicum
530 1323 717 1366 sententiis,
744 1323 866 1372 populi
890 1324 1042 1369 denique
1065 1323 1234 1370 suffragiis
1253 1325 1317 1359 effe
1336 1327 1612 1373 comprobatam.
1666 1326 1803 1361 Exor»

285 1371 386 1407 dium
413 1372 614 1419 magnificas
639 1373 795 1420 Pompeii
822 1372 940 1408 laudes
963 1373 1132 1414 continet,
1160 1384 1194 1408 et
1216 1374 1390 1409 conclusio
1415 1377 1580 1411 invidiam
1602 1374 1781 1411 familiari·

286 1420 366 1456 tatiS
383 1420 600 1469 deprecatur,
628 1434 710 1470 quae
728 1422 838 1459 Balbo
857 1433 939 1456 cum
959 1422 1090 1457 Caesare
1110 1423 1356 1458 intercedebat.

394 1519 553 1573 Argum.
739 1522 786 1560 In
806 1522 856 1561 L.
879 1520 1117 1574 Calpurnium
1138 1520 1314 1574 Pisonem.
1624 1536 1660 1575 p.
1688 1535 1731 1577 15
1744 1535 1776 1563 1.

335 1605 426 1641 Cum
456 1607 491 1642 in
516 1606 716 1642 sententiam
739 1619 759 1642 a
782 1607 950 1642 Cicerone
982 1607 1015 1642 in
1043 1607 1211 1642 Oratione
1237 1608 1281 1642 de
1311 1608 1502 1642 Provinciis
1533 1609 1786 1646 consularibus.

286 1652 429 1697 dietam,
454 1655 585 1691 fastum
600 1657 681 1691 effet
696 1656 830 1692 senatus
847 1655 1058 1698 consultum,
1085 1667 1158 1703 quo
1174 1656 1250 1691 Piso
1267 1667 1303 1691 et
1321 1657 1493 1691 Gabinius
1512 1659 1781 1702 revocabantur,

285 1713 323 1739 et
339 1703 395 1739 ille
413 1705 548 1740 rediffet
566 1716 584 1739 e
604 1705 838 1747 Macedonia3
866 1704 962 1740 ausus
982 1705 1041 1746 est,
1062 1705 1096 1740 in
1115 1707 1257 1748 Senatu,
1277 1706 1428 1752 graviter
1446 1707 1489 1741 de
1508 1707 1676 1741 Cicerone
1695 1720 1781 1743 con-

285 1754 399 1799 queri,
417 1763 451 1788 et
466 1754 634 1789 nonnulla
650 1754 684 1788 in
702 1766 784 1789 eum
803 1754 1048 1789 contumeliose
1066 1754 1189 1789 dicere.
1231 1756 1310 1789 Hac
1330 1753 1452 1801 injuria
1466 1754 1619 1790 incensus
1639 1757 1779 1800 Cicero,

285 1800 376 1837 hanc
406 1803 599 1838 orationem
623 1803 758 1845 habuit,
789 1815 859 1850 qua
888 1803 1059 1850 quicquid
1089 1804 1216 1838 doloris
1248 1814 1464 1851 conceperat,
1495 1805 1529 1839 in
1560 1817 1642 1840 eum
1670 1818 1779 1843 omne

285 1849 426 1887 effudit.
466 1852 648 1899 Praecipua
664 1853 802 1888 dicendi
820 1854 962 1888 materia
979 1852 1083 1888 ducta
1096 1852 1144 1887 est
1162 1864 1181 1887 a
1198 1854 1456 1899 comparatione
1476 1852 1523 1888 sui
1542 1865 1623 1889 cum
1642 1855 1777 1893 Pisone.

286 1898 477 1936 Contendit
506 1901 600 1937 enim
632 1901 846 1936 consulatum
874 1913 956 1936 curn
987 1901 1178 1942 consulatu,
1206 1902 1341 1936 exitum
1370 1915 1412 1937 ex
1442 1902 1527 1937 urbe
1552 1914 1632 1938 cum
1664 1916 1784 1948 exitu,

286 1948 437 1986 reditum
459 1950 499 1986 in
518 1951 642 1986 urbem
667 1963 749 1986 cum
776 1951 902 1992 reditu,
930 1961 967 1987 et
983 1951 1091 1986 vitam
1111 1951 1280 1985 urbanam
1301 1962 1405 1998 atque
1423 1952 1586 1986 affiduam
1605 1964 1686 1987 cum
1708 1955 1779 1990 vita

286 1998 428 2034 urbana.
483 2000 654 2035 Praeterea
676 2001 820 2035 crimina
839 2000 1076 2047 provincialia,
1103 2000 1358 2043 crudelitatem,
1385 2001 1576 2044 avaritiam,
1603 2003 1784 2051 intempe*

286 2047 431 2083 fantiam
447 2049 603 2092 striftim,
629 2050 684 2085 sed
702 2050 838 2091 acerbe,
865 2049 1077 2096 perstringit.

397 2148 557 2199 Argum.
802 2146 882 2185 Pro
902 2145 947 2185 T.
972 2146 1096 2186 Annio
1116 2146 1269 2186 Milone.
1610 2161 1649 2201 p.
1687 2148 1773 2201 189.

337 2232 437 2267 CuM
466 2232 614 2268 summas
640 2232 706 2268 diu»
725 2232 815 2268 inter
840 2232 872 2267 se
900 2231 1100 2268 inimicitias
1124 2233 1350 2268 exercuissent
1376 2233 1423 2269 T.
1449 2233 1590 2268 Annius
1615 2233 1711 2269 Milo
1737 2244 1774 2272 et

286 2280 433 2318 Publius
452 2281 610 2324 Clodius,
637 2292 673 2316 et
690 2281 779 2329 saepe
797 2281 885 2316 alter
903 2282 1000 2317 alteri
1019 2292 1169 2317 mortem
1189 2282 1339 2317 minatus
1358 2283 1451 2324 effer,
1469 2283 1606 2323 accidit,
1631 2294 1683 2324 ut,
1700 2296 1776 2331 quo

286 2341 378 2367 anno
394 2330 487 2366 Milo
505 2330 735 2374 consulatum,
754 2331 899 2366 Clodius
913 2340 1101 2378 praeturam
1120 2333 1275 2378 petebat,
1293 2330 1353 2365 sibi
1371 2331 1511 2365 obviam
1532 2331 1565 2365 in
1587 2332 1639 2366 via
1654 2333 1782 2380 Appia,

287 2389 369 2415 cum
392 2391 522 2427 magno
542 2380 718 2416 servorum
741 2382 907 2416 comitatu
924 2381 1060 2422 fierent,
1085 2379 1212 2415 Clodio
1230 2381 1383 2414 Romam
1402 2389 1608 2422 revertente,
1635 2381 1782 2418 Miione

286 2437 406 2464 autem
423 2429 626 2467 Lanuvium
644 2430 792 2468 flaminis
812 2429 985 2479 prodendi
1010 2428 1108 2466 causa
1132 2428 1377 2478 proficiscente.
1428 2428 1503 2464 Hic
1523 2439 1601 2466 orta
1618 2431 1781 2478 primum,
