<?xml version="1.0" encoding="UTF-8"?>
<!DOCTYPE html PUBLIC "-//W3C//DTD XHTML 1.0 Transitional//EN"
    "http://www.w3.org/TR/xhtml1/DTD/xhtml1-transitional.dtd">
<html xmlns="http://www.w3.org/1999/xhtml" xml:lang="en" lang="en">
 <head>
  <title>
</title>
<meta http-equiv="Content-Type" content="text/html;charset=utf-8" />
  <meta name='ocr-system' content='tesseract 3.04.00' />
  <meta name='ocr-capabilities' content='ocr_page ocr_carea ocr_par ocr_line ocrx_word'/>
</head>
<body>
  <div class='ocr_page' id='page_1' title='image "./operacumindicibu04ciceuoft_0044.png"; bbox 0 0 2201 2792; ppageno 0'>
   <div class='ocr_carea' id='block_1_1' title="bbox 371 151 1252 195">
    <p class='ocr_par' dir='ltr' id='par_1_1' title="bbox 371 151 1252 195">
     <span class='ocr_line' id='line_1_1' title="bbox 371 151 1252 195; baseline -0.007 0"><span class='ocrx_word' id='word_1_1' title='bbox 371 156 419 195; x_wconf 77' lang='lat'>28</span> <span class='ocrx_word' id='word_1_2' title='bbox 714 182 721 187; x_wconf 88' lang='lat'>-</span> <span class='ocrx_word' id='word_1_3' title='bbox 892 151 1252 191; x_wconf 89' lang='lat' dir='ltr'><strong>ORATIO</strong></span> 
     </span>
    </p>
   </div>
   <div class='ocr_carea' id='block_1_2' title="bbox 370 248 1826 2557">
    <p class='ocr_par' dir='ltr' id='par_1_2' title="bbox 370 248 1777 505">
     <span class='ocr_line' id='line_1_2' title="bbox 370 248 1777 307; baseline -0.004 -15"><span class='ocrx_word' id='word_1_4' title='bbox 370 267 494 307; x_wconf 78' lang='lat' dir='ltr'>praeco</span> <span class='ocrx_word' id='word_1_5' title='bbox 514 253 567 292; x_wconf 85' lang='lat' dir='ltr'>est</span> <span class='ocrx_word' id='word_1_6' title='bbox 587 265 758 306; x_wconf 87' lang='lat' dir='ltr'>unquam</span> <span class='ocrx_word' id='word_1_7' title='bbox 791 251 1044 290; x_wconf 78' lang='lat' dir='ltr'>existimatus.</span> <span class='ocrx_word' id='word_1_8' title='bbox 1087 249 1197 302; x_wconf 86' lang='lat' dir='ltr'>Qid</span> <span class='ocrx_word' id='word_1_9' title='bbox 1216 262 1306 302; x_wconf 87' lang='lat' dir='ltr'>ergo</span> <span class='ocrx_word' id='word_1_10' title='bbox 1325 248 1408 287; x_wconf 86' lang='lat' dir='ltr'>est?</span> <span class='ocrx_word' id='word_1_11' title='bbox 1442 250 1547 288; x_wconf 89' lang='lat' dir='ltr'>Cum</span> <span class='ocrx_word' id='word_1_12' title='bbox 1578 249 1613 287; x_wconf 91' lang='lat' dir='ltr'>ei</span> <span class='ocrx_word' id='word_1_13' title='bbox 1644 257 1777 287; x_wconf 82' lang='lat' dir='ltr'>natura</span> 
     </span>
     <span class='ocr_line' id='line_1_3' title="bbox 371 314 1775 372; baseline -0.004 -14"><span class='ocrx_word' id='word_1_14' title='bbox 371 319 472 358; x_wconf 87' lang='lat' dir='ltr'>nihil</span> <span class='ocrx_word' id='word_1_15' title='bbox 493 319 646 364; x_wconf 89' lang='lat' dir='ltr'>melius,</span> <span class='ocrx_word' id='word_1_16' title='bbox 669 332 788 372; x_wconf 87' lang='lat' dir='ltr'>quam</span> <span class='ocrx_word' id='word_1_17' title='bbox 805 330 958 363; x_wconf 83' lang='lat' dir='ltr'>vocem,</span> <span class='ocrx_word' id='word_1_18' title='bbox 990 316 1173 361; x_wconf 84' lang='lat' dir='ltr'>dediffet;</span> <span class='ocrx_word' id='word_1_19' title='bbox 1204 324 1311 368; x_wconf 85' lang='lat' dir='ltr'>pater</span> <span class='ocrx_word' id='word_1_20' title='bbox 1341 314 1455 362; x_wconf 88' lang='lat' dir='ltr'>nihil,</span> <span class='ocrx_word' id='word_1_21' title='bbox 1490 325 1624 369; x_wconf 82' lang='lat' dir='ltr'>praeter</span> <span class='ocrx_word' id='word_1_22' title='bbox 1656 315 1775 353; x_wconf 87' lang='lat' dir='ltr'>liber-</span> 
     </span>
     <span class='ocr_line' id='line_1_4' title="bbox 372 375 1777 438; baseline -0.004 -14"><span class='ocrx_word' id='word_1_23' title='bbox 372 395 506 432; x_wconf 87' lang='lat' dir='ltr'>tatem,</span> <span class='ocrx_word' id='word_1_24' title='bbox 538 384 760 438; x_wconf 78' lang='lat' dir='ltr'>reliquisset,</span> <span class='ocrx_word' id='word_1_25' title='bbox 791 397 927 423; x_wconf 87' lang='lat' dir='ltr'>vocem</span> <span class='ocrx_word' id='word_1_26' title='bbox 958 384 999 422; x_wconf 91' lang='lat' dir='ltr'>in</span> <span class='ocrx_word' id='word_1_27' title='bbox 1029 375 1219 437; x_wconf 75' lang='lat' dir='ltr'>quaestuni</span> <span class='ocrx_word' id='word_1_28' title='bbox 1245 382 1412 421; x_wconf 87' lang='lat' dir='ltr'>contulit</span> <span class='ocrx_word' id='word_1_29' title='bbox 1427 401 1439 428; x_wconf 69' lang='grc' dir='ltr'><strong><em>ς</em></strong></span> <span class='ocrx_word' id='word_1_30' title='bbox 1485 383 1660 421; x_wconf 84' lang='lat' dir='ltr'>libertate</span> <span class='ocrx_word' id='word_1_31' title='bbox 1690 380 1777 420; x_wconf 77' lang='lat' dir='ltr'>usus</span> 
     </span>
     <span class='ocr_line' id='line_1_5' title="bbox 372 441 1742 505; baseline -0.003 -14"><span class='ocrx_word' id='word_1_32' title='bbox 372 452 438 499; x_wconf 87' lang='lat' dir='ltr'>est,</span> <span class='ocrx_word' id='word_1_33' title='bbox 461 467 541 505; x_wconf 89' lang='lat' dir='ltr'>quo</span> <span class='ocrx_word' id='word_1_34' title='bbox 560 451 761 505; x_wconf 89' lang='lat' dir='ltr'>impunius</span> <span class='ocrx_word' id='word_1_35' title='bbox 782 451 892 489; x_wconf 86' lang='lat' dir='ltr'>dicax</span> <span class='ocrx_word' id='word_1_36' title='bbox 912 450 1014 489; x_wconf 85' lang='lat' dir='ltr'>effet.</span> <span class='ocrx_word' id='word_1_37' title='bbox 1737 441 1742 446; x_wconf 63' lang='grc'>’</span> 
     </span>
    </p>

    <p class='ocr_par' dir='ltr' id='par_1_3' title="bbox 374 514 1826 1746">
     <span class='ocr_line' id='line_1_6' title="bbox 379 514 1776 571; baseline -0.003 -14"><span class='ocrx_word' id='word_1_38' title='bbox 379 569 381 571; x_wconf 22' lang='lat'>¹</span> <span class='ocrx_word' id='word_1_39' title='bbox 430 521 577 571; x_wconf 85' lang='lat' dir='ltr'>Qare,</span> <span class='ocrx_word' id='word_1_40' title='bbox 613 518 719 571; x_wconf 90' lang='lat' dir='ltr'>quod</span> <span class='ocrx_word' id='word_1_41' title='bbox 750 517 897 556; x_wconf 89' lang='lat' dir='ltr'>socium</span> <span class='ocrx_word' id='word_1_42' title='bbox 927 517 1001 555; x_wconf 89' lang='lat' dir='ltr'>tibi</span> <span class='ocrx_word' id='word_1_43' title='bbox 1029 529 1120 555; x_wconf 88' lang='lat' dir='ltr'>eum</span> <span class='ocrx_word' id='word_1_44' title='bbox 1150 516 1266 556; x_wconf 90' lang='lat' dir='ltr'>velles</span> <span class='ocrx_word' id='word_1_45' title='bbox 1298 517 1523 570; x_wconf 82' lang='lat' dir='ltr'>adjungere,</span> <span class='ocrx_word' id='word_1_46' title='bbox 1555 514 1655 554; x_wconf 87' lang='lat' dir='ltr'>nihil</span> <span class='ocrx_word' id='word_1_47' title='bbox 1684 523 1776 559; x_wconf 87' lang='lat' dir='ltr'>erat,</span> 
     </span>
     <span class='ocr_line' id='line_1_7' title="bbox 374 581 1778 638; baseline -0.004 -14"><span class='ocrx_word' id='word_1_48' title='bbox 374 586 443 624; x_wconf 80' lang='lat' dir='ltr'>nisl</span> <span class='ocrx_word' id='word_1_49' title='bbox 465 595 508 624; x_wconf 91' lang='lat' dir='ltr'>ut</span> <span class='ocrx_word' id='word_1_50' title='bbox 528 586 567 623; x_wconf 92' lang='lat' dir='ltr'>in</span> <span class='ocrx_word' id='word_1_51' title='bbox 588 593 653 623; x_wconf 85' lang='lat' dir='ltr'>tua</span> <span class='ocrx_word' id='word_1_52' title='bbox 672 584 836 638; x_wconf 87' lang='lat' dir='ltr'>pecunia</span> <span class='ocrx_word' id='word_1_53' title='bbox 854 583 1101 628; x_wconf 79' lang='lat' dir='ltr'>eondisceret,</span> <span class='ocrx_word' id='word_1_54' title='bbox 1123 583 1192 635; x_wconf 90' lang='lat' dir='ltr'>qui</span> <span class='ocrx_word' id='word_1_55' title='bbox 1211 584 1383 637; x_wconf 85' lang='lat' dir='ltr'>pecuniae</span> <span class='ocrx_word' id='word_1_56' title='bbox 1403 581 1549 620; x_wconf 67' lang='lat' dir='ltr'>fruetus</span> <span class='ocrx_word' id='word_1_57' title='bbox 1570 581 1672 620; x_wconf 86' lang='lat' dir='ltr'>effet.</span> <span class='ocrx_word' id='word_1_58' title='bbox 1695 582 1778 619; x_wconf 81' lang='lat' dir='ltr'>Ta-</span> 
     </span>
     <span class='ocr_line' id='line_1_8' title="bbox 375 647 1783 701; baseline -0.004 -10"><span class='ocrx_word' id='word_1_59' title='bbox 375 667 467 692; x_wconf 85' lang='lat' dir='ltr'>men</span> <span class='ocrx_word' id='word_1_60' title='bbox 501 652 682 690; x_wconf 62' lang='lat' dir='ltr'>inductus</span> <span class='ocrx_word' id='word_1_61' title='bbox 713 650 1001 697; x_wconf 85' lang='lat' dir='ltr'>consuetudine,</span> <span class='ocrx_word' id='word_1_62' title='bbox 1032 664 1074 689; x_wconf 88' lang='lat' dir='ltr'>ac</span> <span class='ocrx_word' id='word_1_63' title='bbox 1105 649 1365 689; x_wconf 84' lang='lat' dir='ltr'>familiaritate</span> <span class='ocrx_word' id='word_1_64' title='bbox 1387 649 1575 701; x_wconf 81' lang='lat' dir='ltr'>Qintius</span> <span class='ocrx_word' id='word_1_65' title='bbox 1596 647 1704 693; x_wconf 84' lang='lat' dir='ltr'>fecit,</span> <span class='ocrx_word' id='word_1_66' title='bbox 1737 656 1783 686; x_wconf 81' lang='lat' dir='ltr'>ut</span> 
     </span>
     <span class='ocr_line' id='line_1_9' title="bbox 375 714 1780 770; baseline -0.003 -14"><span class='ocrx_word' id='word_1_67' title='bbox 375 719 471 764; x_wconf 81' lang='lat' dir='ltr'>dixi,</span> <span class='ocrx_word' id='word_1_68' title='bbox 504 718 723 757; x_wconf 84' lang='lat' dir='ltr'>societatem</span> <span class='ocrx_word' id='word_1_69' title='bbox 757 730 888 756; x_wconf 88' lang='lat' dir='ltr'>earum</span> <span class='ocrx_word' id='word_1_70' title='bbox 920 730 1062 762; x_wconf 89' lang='lat' dir='ltr'>rerum,</span> <span class='ocrx_word' id='word_1_71' title='bbox 1095 730 1180 770; x_wconf 88' lang='lat' dir='ltr'>quae</span> <span class='ocrx_word' id='word_1_72' title='bbox 1213 717 1255 755; x_wconf 89' lang='lat' dir='ltr'>in</span> <span class='ocrx_word' id='word_1_73' title='bbox 1286 716 1415 755; x_wconf 84' lang='lat' dir='ltr'>Gallia</span> <span class='ocrx_word' id='word_1_74' title='bbox 1444 714 1780 768; x_wconf 82' lang='lat' dir='ltr'>comparabantur.</span> 
     </span>
     <span class='ocr_line' id='line_1_10' title="bbox 377 779 1780 838; baseline -0.004 -15"><span class='ocrx_word' id='word_1_75' title='bbox 377 786 471 823; x_wconf 85' lang='lat' dir='ltr'>Erat</span> <span class='ocrx_word' id='word_1_76' title='bbox 491 785 525 823; x_wconf 92' lang='lat' dir='ltr'>ei</span> <span class='ocrx_word' id='word_1_77' title='bbox 556 784 732 838; x_wconf 87' lang='lat' dir='ltr'>pecuaria</span> <span class='ocrx_word' id='word_1_78' title='bbox 752 797 809 822; x_wconf 87' lang='lat' dir='ltr'>res</span> <span class='ocrx_word' id='word_1_79' title='bbox 830 783 970 837; x_wconf 86' lang='lat' dir='ltr'>ampla,</span> <span class='ocrx_word' id='word_1_80' title='bbox 1001 792 1040 821; x_wconf 90' lang='lat' dir='ltr'>et</span> <span class='ocrx_word' id='word_1_81' title='bbox 1075 783 1211 822; x_wconf 88' lang='lat' dir='ltr'>rustica</span> <span class='ocrx_word' id='word_1_82' title='bbox 1234 783 1318 822; x_wconf 82' lang='lat' dir='ltr'>sane</span> <span class='ocrx_word' id='word_1_83' title='bbox 1351 783 1449 822; x_wconf 92' lang='lat' dir='ltr'>bene</span> <span class='ocrx_word' id='word_1_84' title='bbox 1474 782 1579 820; x_wconf 86' lang='lat' dir='ltr'>culta</span> <span class='ocrx_word' id='word_1_85' title='bbox 1604 790 1643 819; x_wconf 90' lang='lat' dir='ltr'>et</span> <span class='ocrx_word' id='word_1_86' title='bbox 1671 779 1780 818; x_wconf 88' lang='lat' dir='ltr'>fruc-</span> 
     </span>
     <span class='ocr_line' id='line_1_11' title="bbox 377 846 1784 904; baseline -0.003 -15"><span class='ocrx_word' id='word_1_87' title='bbox 377 852 495 890; x_wconf 87' lang='lat' dir='ltr'>tuosa.</span> <span class='ocrx_word' id='word_1_88' title='bbox 543 850 719 890; x_wconf 87' lang='lat' dir='ltr'>Tollitur</span> <span class='ocrx_word' id='word_1_89' title='bbox 749 850 797 888; x_wconf 85' lang='lat' dir='ltr'>ab</span> <span class='ocrx_word' id='word_1_90' title='bbox 827 850 930 888; x_wconf 85' lang='lat' dir='ltr'>atriis</span> <span class='ocrx_word' id='word_1_91' title='bbox 957 850 1135 895; x_wconf 88' lang='lat' dir='ltr'>Liciniis,</span> <span class='ocrx_word' id='word_1_92' title='bbox 1166 859 1281 904; x_wconf 90' lang='lat' dir='ltr'>atque</span> <span class='ocrx_word' id='word_1_93' title='bbox 1311 864 1332 888; x_wconf 91' lang='lat' dir='ltr'>a</span> <span class='ocrx_word' id='word_1_94' title='bbox 1356 862 1579 903; x_wconf 86' lang='lat' dir='ltr'>praeconum</span> <span class='ocrx_word' id='word_1_95' title='bbox 1613 846 1784 886; x_wconf 75' lang='lat' dir='ltr'>consessu</span> 
     </span>
     <span class='ocr_line' id='line_1_12' title="bbox 376 915 1782 969; baseline -0.004 -13"><span class='ocrx_word' id='word_1_96' title='bbox 376 919 416 956; x_wconf 90' lang='lat' dir='ltr'>in</span> <span class='ocrx_word' id='word_1_97' title='bbox 449 917 619 956; x_wconf 85' lang='lat' dir='ltr'>Galliam</span> <span class='ocrx_word' id='word_1_98' title='bbox 640 916 814 961; x_wconf 85' lang='lat' dir='ltr'>Naevius‚</span> <span class='ocrx_word' id='word_1_99' title='bbox 845 925 883 954; x_wconf 91' lang='lat' dir='ltr'>et</span> <span class='ocrx_word' id='word_1_100' title='bbox 902 924 1003 955; x_wconf 87' lang='lat' dir='ltr'>trans</span> <span class='ocrx_word' id='word_1_101' title='bbox 1024 916 1144 969; x_wconf 86' lang='lat' dir='ltr'>Alpes</span> <span class='ocrx_word' id='word_1_102' title='bbox 1165 916 1283 969; x_wconf 87' lang='lat' dir='ltr'>usque</span> <span class='ocrx_word' id='word_1_103' title='bbox 1311 915 1551 954; x_wconf 85' lang='lat' dir='ltr'>transfertur.</span> <span class='ocrx_word' id='word_1_104' title='bbox 1584 915 1650 953; x_wconf 89' lang='lat' dir='ltr'>Fit</span> <span class='ocrx_word' id='word_1_105' title='bbox 1669 926 1782 966; x_wconf 86' lang='lat' dir='ltr'>mag-</span> 
     </span>
     <span class='ocr_line' id='line_1_13' title="bbox 376 979 1783 1034; baseline -0.004 -12"><span class='ocrx_word' id='word_1_106' title='bbox 376 997 424 1022; x_wconf 86' lang='lat' dir='ltr'>na</span> <span class='ocrx_word' id='word_1_107' title='bbox 445 983 611 1021; x_wconf 82' lang='lat' dir='ltr'>mutatio</span> <span class='ocrx_word' id='word_1_108' title='bbox 630 981 722 1027; x_wconf 89' lang='lat' dir='ltr'>loci,</span> <span class='ocrx_word' id='word_1_109' title='bbox 744 995 821 1020; x_wconf 89' lang='lat' dir='ltr'>non</span> <span class='ocrx_word' id='word_1_110' title='bbox 842 981 1003 1034; x_wconf 86' lang='lat' dir='ltr'>ingenii.</span> <span class='ocrx_word' id='word_1_111' title='bbox 1046 982 1167 1026; x_wconf 86' lang='lat' dir='ltr'>Nam,</span> <span class='ocrx_word' id='word_1_112' title='bbox 1190 982 1259 1033; x_wconf 91' lang='lat' dir='ltr'>qui</span> <span class='ocrx_word' id='word_1_113' title='bbox 1278 981 1325 1019; x_wconf 86' lang='lat' dir='ltr'>ab</span> <span class='ocrx_word' id='word_1_114' title='bbox 1346 979 1629 1018; x_wconf 85' lang='lat' dir='ltr'>adolescentulo</span> <span class='ocrx_word' id='word_1_115' title='bbox 1659 979 1783 1031; x_wconf 83' lang='lat' dir='ltr'>quaes-</span> 
     </span>
     <span class='ocr_line' id='line_1_14' title="bbox 377 1045 1784 1100; baseline -0.004 -12"><span class='ocrx_word' id='word_1_116' title='bbox 377 1059 464 1088; x_wconf 91' lang='lat' dir='ltr'>tum</span> <span class='ocrx_word' id='word_1_117' title='bbox 484 1048 554 1087; x_wconf 89' lang='lat' dir='ltr'>fibi</span> <span class='ocrx_word' id='word_1_118' title='bbox 580 1047 798 1087; x_wconf 75' lang='lat' dir='ltr'>instituisset</span> <span class='ocrx_word' id='word_1_119' title='bbox 818 1047 895 1085; x_wconf 87' lang='lat' dir='ltr'>fine</span> <span class='ocrx_word' id='word_1_120' title='bbox 921 1047 1135 1100; x_wconf 89' lang='lat' dir='ltr'>impendio,</span> <span class='ocrx_word' id='word_1_121' title='bbox 1166 1047 1412 1099; x_wconf 86' lang='lat' dir='ltr'>posteaquam</span> <span class='ocrx_word' id='word_1_122' title='bbox 1443 1045 1570 1084; x_wconf 86' lang='lat' dir='ltr'>nescio</span> <span class='ocrx_word' id='word_1_123' title='bbox 1591 1045 1685 1097; x_wconf 91' lang='lat' dir='ltr'>quid</span> <span class='ocrx_word' id='word_1_124' title='bbox 1704 1045 1784 1082; x_wconf 90' lang='lat' dir='ltr'>im-</span> 
     </span>
     <span class='ocr_line' id='line_1_15' title="bbox 377 1111 1786 1168; baseline -0.004 -16"><span class='ocrx_word' id='word_1_125' title='bbox 377 1115 533 1168; x_wconf 89' lang='lat' dir='ltr'>pendet,</span> <span class='ocrx_word' id='word_1_126' title='bbox 569 1122 606 1152; x_wconf 90' lang='lat' dir='ltr'>et</span> <span class='ocrx_word' id='word_1_127' title='bbox 640 1112 681 1151; x_wconf 90' lang='lat' dir='ltr'>in</span> <span class='ocrx_word' id='word_1_128' title='bbox 721 1125 933 1151; x_wconf 88' lang='lat' dir='ltr'>commune</span> <span class='ocrx_word' id='word_1_129' title='bbox 963 1112 1145 1157; x_wconf 89' lang='lat' dir='ltr'>contulit,</span> <span class='ocrx_word' id='word_1_130' title='bbox 1180 1112 1368 1150; x_wconf 89' lang='lat' dir='ltr'>mediocri</span> <span class='ocrx_word' id='word_1_131' title='bbox 1401 1111 1547 1163; x_wconf 86' lang='lat' dir='ltr'>quaestu</span> <span class='ocrx_word' id='word_1_132' title='bbox 1580 1118 1786 1148; x_wconf 85' lang='lat' dir='ltr'>contentus</span> 
     </span>
     <span class='ocr_line' id='line_1_16' title="bbox 376 1174 1784 1232; baseline -0.004 -13"><span class='ocrx_word' id='word_1_133' title='bbox 376 1181 447 1219; x_wconf 82' lang='lat' dir='ltr'>effe</span> <span class='ocrx_word' id='word_1_134' title='bbox 468 1194 546 1219; x_wconf 91' lang='lat' dir='ltr'>non</span> <span class='ocrx_word' id='word_1_135' title='bbox 566 1188 727 1232; x_wconf 87' lang='lat' dir='ltr'>poterat.</span> <span class='ocrx_word' id='word_1_136' title='bbox 759 1178 847 1216; x_wconf 88' lang='lat' dir='ltr'>Nec</span> <span class='ocrx_word' id='word_1_137' title='bbox 878 1178 1040 1223; x_wconf 89' lang='lat' dir='ltr'>mirum,</span> <span class='ocrx_word' id='word_1_138' title='bbox 1073 1177 1099 1215; x_wconf 89' lang='lat' dir='ltr'><strong>fi</strong></span> <span class='ocrx_word' id='word_1_139' title='bbox 1119 1178 1166 1222; x_wconf 85' lang='lat' dir='ltr'>is,</span> <span class='ocrx_word' id='word_1_140' title='bbox 1197 1177 1266 1229; x_wconf 88' lang='lat' dir='ltr'>qui</span> <span class='ocrx_word' id='word_1_141' title='bbox 1286 1189 1422 1216; x_wconf 90' lang='lat' dir='ltr'>vocem</span> <span class='ocrx_word' id='word_1_142' title='bbox 1442 1175 1615 1214; x_wconf 86' lang='lat' dir='ltr'>venalem</span> <span class='ocrx_word' id='word_1_143' title='bbox 1636 1174 1784 1213; x_wconf 86' lang='lat' dir='ltr'>habue-</span> 
     </span>
     <span class='ocr_line' id='line_1_17' title="bbox 378 1240 1787 1298; baseline -0.004 -14"><span class='ocrx_word' id='word_1_144' title='bbox 378 1255 448 1291; x_wconf 90' lang='lat' dir='ltr'>rat,</span> <span class='ocrx_word' id='word_1_145' title='bbox 477 1259 532 1291; x_wconf 86' lang='lat' dir='ltr'>ea,</span> <span class='ocrx_word' id='word_1_146' title='bbox 563 1258 649 1298; x_wconf 87' lang='lat' dir='ltr'>quae</span> <span class='ocrx_word' id='word_1_147' title='bbox 679 1256 773 1282; x_wconf 87' lang='lat' dir='ltr'>voce</span> <span class='ocrx_word' id='word_1_148' title='bbox 804 1243 1036 1295; x_wconf 82' lang='lat' dir='ltr'>quaefiverat,</span> <span class='ocrx_word' id='word_1_149' title='bbox 1065 1256 1208 1295; x_wconf 85' lang='lat' dir='ltr'>magno</span> <span class='ocrx_word' id='word_1_150' title='bbox 1228 1242 1298 1281; x_wconf 89' lang='lat' dir='ltr'>fibi</span> <span class='ocrx_word' id='word_1_151' title='bbox 1318 1242 1477 1296; x_wconf 80' lang='lat' dir='ltr'>quaestui</span> <span class='ocrx_word' id='word_1_152' title='bbox 1508 1240 1590 1280; x_wconf 89' lang='lat' dir='ltr'>fore</span> <span class='ocrx_word' id='word_1_153' title='bbox 1609 1241 1787 1295; x_wconf 61' lang='lat' dir='ltr'>putabat,</span> 
     </span>
     <span class='ocr_line' id='line_1_18' title="bbox 378 1307 1786 1365; baseline -0.004 -14"><span class='ocrx_word' id='word_1_154' title='bbox 378 1313 514 1365; x_wconf 87' lang='lat' dir='ltr'>Itaque</span> <span class='ocrx_word' id='word_1_155' title='bbox 543 1310 701 1349; x_wconf 84' lang='lat' dir='ltr'>hercule</span> <span class='ocrx_word' id='word_1_156' title='bbox 731 1308 834 1348; x_wconf 86' lang='lat' dir='ltr'>haud</span> <span class='ocrx_word' id='word_1_157' title='bbox 862 1309 1108 1347; x_wconf 86' lang='lat' dir='ltr'>mediocriter</span> <span class='ocrx_word' id='word_1_158' title='bbox 1138 1310 1183 1346; x_wconf 85' lang='lat' dir='ltr'>de</span> <span class='ocrx_word' id='word_1_159' title='bbox 1209 1309 1428 1354; x_wconf 87' lang='lat' dir='ltr'>communi,</span> <span class='ocrx_word' id='word_1_160' title='bbox 1458 1307 1652 1361; x_wconf 82' lang='lat' dir='ltr'>quidquid</span> <span class='ocrx_word' id='word_1_161' title='bbox 1672 1316 1786 1361; x_wconf 90' lang='lat' dir='ltr'>pote-</span> 
     </span>
     <span class='ocr_line' id='line_1_19' title="bbox 379 1374 1826 1429; baseline -0.003 -12"><span class='ocrx_word' id='word_1_162' title='bbox 379 1388 448 1423; x_wconf 82' lang='lat' dir='ltr'>rat,</span> <span class='ocrx_word' id='word_1_163' title='bbox 480 1379 526 1416; x_wconf 91' lang='lat' dir='ltr'>ad</span> <span class='ocrx_word' id='word_1_164' title='bbox 546 1378 581 1416; x_wconf 89' lang='lat' dir='ltr'>se</span> <span class='ocrx_word' id='word_1_165' title='bbox 612 1377 651 1415; x_wconf 86' lang='lat' dir='ltr'>in</span> <span class='ocrx_word' id='word_1_166' title='bbox 684 1377 870 1429; x_wconf 85' lang='lat' dir='ltr'>privatam</span> <span class='ocrx_word' id='word_1_167' title='bbox 892 1376 1055 1414; x_wconf 87' lang='lat' dir='ltr'>domum</span> <span class='ocrx_word' id='word_1_168' title='bbox 1077 1375 1274 1415; x_wconf 85' lang='lat' dir='ltr'>sevocabat</span> <span class='ocrx_word' id='word_1_169' title='bbox 1292 1391 1301 1414; x_wconf 88' lang='lat'><strong>:</strong></span> <span class='ocrx_word' id='word_1_170' title='bbox 1334 1390 1410 1429; x_wconf 87' lang='lat' dir='ltr'>qua</span> <span class='ocrx_word' id='word_1_171' title='bbox 1430 1377 1469 1413; x_wconf 89' lang='lat' dir='ltr'>in</span> <span class='ocrx_word' id='word_1_172' title='bbox 1491 1389 1530 1413; x_wconf 90' lang='lat' dir='ltr'>re</span> <span class='ocrx_word' id='word_1_173' title='bbox 1550 1375 1602 1413; x_wconf 90' lang='lat' dir='ltr'>ita</span> <span class='ocrx_word' id='word_1_174' title='bbox 1622 1374 1787 1427; x_wconf 86' lang='lat' dir='ltr'>diligens</span> <span class='ocrx_word' id='word_1_175' title='bbox 1821 1400 1826 1404; x_wconf 83' lang='lat'><em>-</em></span> 
     </span>
     <span class='ocr_line' id='line_1_20' title="bbox 379 1440 1787 1496; baseline -0.002 -15"><span class='ocrx_word' id='word_1_176' title='bbox 379 1454 471 1488; x_wconf 85' lang='lat' dir='ltr'>erat,</span> <span class='ocrx_word' id='word_1_177' title='bbox 503 1443 604 1496; x_wconf 78' lang='lat' dir='ltr'>quafi</span> <span class='ocrx_word' id='word_1_178' title='bbox 637 1443 679 1487; x_wconf 87' lang='lat' dir='ltr'>ii,</span> <span class='ocrx_word' id='word_1_179' title='bbox 722 1442 790 1494; x_wconf 84' lang='lat' dir='ltr'>qui</span> <span class='ocrx_word' id='word_1_180' title='bbox 825 1455 964 1494; x_wconf 82' lang='lat' dir='ltr'>magna</span> <span class='ocrx_word' id='word_1_181' title='bbox 997 1441 1072 1479; x_wconf 84' lang='lat' dir='ltr'>fide</span> <span class='ocrx_word' id='word_1_182' title='bbox 1102 1441 1321 1480; x_wconf 88' lang='lat' dir='ltr'>societatem</span> <span class='ocrx_word' id='word_1_183' title='bbox 1356 1450 1551 1494; x_wconf 83' lang='lat' dir='ltr'>gererent,</span> <span class='ocrx_word' id='word_1_184' title='bbox 1582 1440 1787 1478; x_wconf 86' lang='lat' dir='ltr'>arbitrium</span> 
     </span>
     <span class='ocr_line' id='line_1_21' title="bbox 381 1505 1788 1562; baseline -0.002 -15"><span class='ocrx_word' id='word_1_185' title='bbox 381 1523 450 1562; x_wconf 89' lang='lat' dir='ltr'>pro</span> <span class='ocrx_word' id='word_1_186' title='bbox 471 1509 572 1548; x_wconf 89' lang='lat' dir='ltr'>socio</span> <span class='ocrx_word' id='word_1_187' title='bbox 593 1508 841 1546; x_wconf 81' lang='lat' dir='ltr'>condemnari</span> <span class='ocrx_word' id='word_1_188' title='bbox 872 1508 1048 1546; x_wconf 85' lang='lat' dir='ltr'>solerent.</span> <span class='ocrx_word' id='word_1_189' title='bbox 1082 1509 1228 1546; x_wconf 86' lang='lat' dir='ltr'>Verum</span> <span class='ocrx_word' id='word_1_190' title='bbox 1250 1507 1311 1546; x_wconf 89' lang='lat' dir='ltr'>his</span> <span class='ocrx_word' id='word_1_191' title='bbox 1339 1508 1385 1545; x_wconf 87' lang='lat' dir='ltr'>de</span> <span class='ocrx_word' id='word_1_192' title='bbox 1406 1508 1518 1546; x_wconf 88' lang='lat' dir='ltr'>rebus</span> <span class='ocrx_word' id='word_1_193' title='bbox 1545 1520 1621 1545; x_wconf 83' lang='lat' dir='ltr'>non</span> <span class='ocrx_word' id='word_1_194' title='bbox 1643 1505 1788 1544; x_wconf 77' lang='lat' dir='ltr'>necefl‘e</span> 
     </span>
     <span class='ocr_line' id='line_1_22' title="bbox 381 1574 1785 1627; baseline -0.002 -14"><span class='ocrx_word' id='word_1_195' title='bbox 381 1576 504 1613; x_wconf 89' lang='lat' dir='ltr'>habeo</span> <span class='ocrx_word' id='word_1_196' title='bbox 531 1575 657 1613; x_wconf 87' lang='lat' dir='ltr'>dicere</span> <span class='ocrx_word' id='word_1_197' title='bbox 693 1588 761 1619; x_wconf 79' lang='lat' dir='ltr'>ea,</span> <span class='ocrx_word' id='word_1_198' title='bbox 807 1587 892 1626; x_wconf 86' lang='lat' dir='ltr'>quae</span> <span class='ocrx_word' id='word_1_199' title='bbox 924 1587 987 1612; x_wconf 86' lang='lat' dir='ltr'>me</span> <span class='ocrx_word' id='word_1_200' title='bbox 1022 1575 1067 1612; x_wconf 91' lang='grc' dir='ltr'>Ρ.</span> <span class='ocrx_word' id='word_1_201' title='bbox 1091 1574 1278 1624; x_wconf 84' lang='lat' dir='ltr'>Qintius</span> <span class='ocrx_word' id='word_1_202' title='bbox 1310 1574 1418 1627; x_wconf 90' lang='lat' dir='ltr'>cupit</span> <span class='ocrx_word' id='word_1_203' title='bbox 1451 1585 1785 1611; x_wconf 82' lang='lat' dir='ltr'>commemorare:</span> 
     </span>
     <span class='ocr_line' id='line_1_23' title="bbox 383 1639 1789 1693; baseline -0.001 -14"><span class='ocrx_word' id='word_1_204' title='bbox 383 1642 530 1679; x_wconf 73' lang='lat' dir='ltr'>tametsi</span> <span class='ocrx_word' id='word_1_205' title='bbox 562 1641 670 1679; x_wconf 89' lang='lat' dir='ltr'>causa</span> <span class='ocrx_word' id='word_1_206' title='bbox 688 1640 865 1693; x_wconf 82' lang='lat' dir='ltr'>postulat,</span> <span class='ocrx_word' id='word_1_207' title='bbox 898 1650 1040 1685; x_wconf 81' lang='lat' dir='ltr'>tamen,</span> <span class='ocrx_word' id='word_1_208' title='bbox 1072 1641 1162 1692; x_wconf 83' lang='lat' dir='ltr'>quia</span> <span class='ocrx_word' id='word_1_209' title='bbox 1182 1640 1359 1693; x_wconf 86' lang='lat' dir='ltr'>postulat,</span> <span class='ocrx_word' id='word_1_210' title='bbox 1391 1653 1469 1678; x_wconf 88' lang='lat' dir='ltr'>non</span> <span class='ocrx_word' id='word_1_211' title='bbox 1501 1639 1659 1692; x_wconf 80' lang='lat' dir='ltr'>flagitat,</span> <span class='ocrx_word' id='word_1_212' title='bbox 1690 1653 1789 1692; x_wconf 68' lang='lat' dir='ltr'>prze—</span> 
     </span>
     <span class='ocr_line' id='line_1_24' title="bbox 382 1709 1164 1746; baseline -0.004 0"><span class='ocrx_word' id='word_1_213' title='bbox 382 1709 518 1746; x_wconf 88' lang='lat' dir='ltr'>teribo.</span> <span class='ocrx_word' id='word_1_214' title='bbox 1160 1714 1164 1718; x_wconf 91' lang='grc'><em>“</em></span> 
     </span>
    </p>

    <p class='ocr_par' dir='ltr' id='par_1_4' title="bbox 383 1771 1795 2557">
     <span class='ocr_line' id='line_1_25' title="bbox 439 1771 1791 1825; baseline -0.002 -13"><span class='ocrx_word' id='word_1_215' title='bbox 439 1774 508 1812; x_wconf 85' lang='lat' dir='ltr'>IV.</span> <span class='ocrx_word' id='word_1_216' title='bbox 542 1774 646 1811; x_wconf 89' lang='lat' dir='ltr'>Cum</span> <span class='ocrx_word' id='word_1_217' title='bbox 679 1786 796 1810; x_wconf 82' lang='lat' dir='ltr'>annos</span> <span class='ocrx_word' id='word_1_218' title='bbox 823 1773 905 1824; x_wconf 84' lang='lat' dir='ltr'>jam</span> <span class='ocrx_word' id='word_1_219' title='bbox 937 1772 1157 1825; x_wconf 84' lang='lat' dir='ltr'>complures</span> <span class='ocrx_word' id='word_1_220' title='bbox 1189 1772 1343 1811; x_wconf 77' lang='lat' dir='ltr'>societas</span> <span class='ocrx_word' id='word_1_221' title='bbox 1377 1771 1481 1818; x_wconf 84' lang='lat' dir='ltr'>effet,</span> <span class='ocrx_word' id='word_1_222' title='bbox 1511 1781 1549 1810; x_wconf 89' lang='lat' dir='ltr'>et</span> <span class='ocrx_word' id='word_1_223' title='bbox 1583 1786 1675 1811; x_wconf 87' lang='lat' dir='ltr'>curn</span> <span class='ocrx_word' id='word_1_224' title='bbox 1697 1771 1791 1824; x_wconf 79' lang='lat' dir='ltr'>saepe</span> 
     </span>
     <span class='ocr_line' id='line_1_26' title="bbox 383 1837 1791 1892; baseline -0.002 -14"><span class='ocrx_word' id='word_1_225' title='bbox 383 1840 572 1892; x_wconf 56' lang='lat' dir='ltr'>suspeftue</span> <span class='ocrx_word' id='word_1_226' title='bbox 595 1840 762 1891; x_wconf 86' lang='lat' dir='ltr'>Qintio</span> <span class='ocrx_word' id='word_1_227' title='bbox 782 1838 941 1876; x_wconf 79' lang='lat' dir='ltr'>Naevius</span> <span class='ocrx_word' id='word_1_228' title='bbox 962 1838 1102 1883; x_wconf 78' lang='lat' dir='ltr'>fuisset,</span> <span class='ocrx_word' id='word_1_229' title='bbox 1135 1853 1261 1890; x_wconf 86' lang='lat' dir='ltr'>neque</span> <span class='ocrx_word' id='word_1_230' title='bbox 1281 1840 1333 1877; x_wconf 87' lang='lat' dir='ltr'>ita</span> <span class='ocrx_word' id='word_1_231' title='bbox 1353 1839 1560 1876; x_wconf 86' lang='lat' dir='ltr'>commode</span> <span class='ocrx_word' id='word_1_232' title='bbox 1580 1837 1700 1891; x_wconf 83' lang='lat' dir='ltr'>poffet</span> <span class='ocrx_word' id='word_1_233' title='bbox 1730 1851 1791 1875; x_wconf 83' lang='lat' dir='ltr'>ra-</span> 
     </span>
     <span class='ocr_line' id='line_1_27' title="bbox 384 1903 1791 1957; baseline -0.003 -12"><span class='ocrx_word' id='word_1_234' title='bbox 384 1908 530 1945; x_wconf 72' lang='lat' dir='ltr'>tionem</span> <span class='ocrx_word' id='word_1_235' title='bbox 552 1906 705 1943; x_wconf 87' lang='lat' dir='ltr'>reddere</span> <span class='ocrx_word' id='word_1_236' title='bbox 737 1918 867 1942; x_wconf 84' lang='lat' dir='ltr'>earum</span> <span class='ocrx_word' id='word_1_237' title='bbox 890 1917 1032 1950; x_wconf 87' lang='lat' dir='ltr'>rerum,</span> <span class='ocrx_word' id='word_1_238' title='bbox 1055 1918 1147 1957; x_wconf 84' lang='lat' dir='ltr'>quas</span> <span class='ocrx_word' id='word_1_239' title='bbox 1169 1905 1346 1950; x_wconf 87' lang='lat' dir='ltr'>libidine,</span> <span class='ocrx_word' id='word_1_240' title='bbox 1379 1918 1457 1943; x_wconf 89' lang='lat' dir='ltr'>non</span> <span class='ocrx_word' id='word_1_241' title='bbox 1489 1905 1647 1949; x_wconf 84' lang='lat' dir='ltr'>ratione,</span> <span class='ocrx_word' id='word_1_242' title='bbox 1669 1903 1791 1956; x_wconf 75' lang='lat' dir='ltr'>gesse-</span> 
     </span>
     <span class='ocr_line' id='line_1_28' title="bbox 385 1970 1795 2021; baseline -0.002 -11"><span class='ocrx_word' id='word_1_243' title='bbox 385 1982 464 2017; x_wconf 83' lang='lat' dir='ltr'>rat;</span> <span class='ocrx_word' id='word_1_244' title='bbox 488 1972 653 2010; x_wconf 84' lang='lat' dir='ltr'>moritur</span> <span class='ocrx_word' id='word_1_245' title='bbox 674 1972 713 2008; x_wconf 89' lang='lat' dir='ltr'>in</span> <span class='ocrx_word' id='word_1_246' title='bbox 735 1970 863 2008; x_wconf 84' lang='lat' dir='ltr'>Gallia</span> <span class='ocrx_word' id='word_1_247' title='bbox 884 1971 1088 2021; x_wconf 83' lang='lat' dir='ltr'>Qintius,</span> <span class='ocrx_word' id='word_1_248' title='bbox 1105 1984 1197 2009; x_wconf 89' lang='lat' dir='ltr'>cum</span> <span class='ocrx_word' id='word_1_249' title='bbox 1218 1971 1352 2009; x_wconf 83' lang='lat' dir='ltr'>adeffet</span> <span class='ocrx_word' id='word_1_250' title='bbox 1373 1971 1553 2016; x_wconf 70' lang='lat' dir='ltr'>Naevius,</span> <span class='ocrx_word' id='word_1_251' title='bbox 1576 1980 1613 2009; x_wconf 87' lang='lat' dir='ltr'>et</span> <span class='ocrx_word' id='word_1_252' title='bbox 1629 1970 1795 2009; x_wconf 81' lang='lat' dir='ltr'>moritur</span> 
     </span>
     <span class='ocr_line' id='line_1_29' title="bbox 386 2035 1792 2091; baseline -0.001 -15"><span class='ocrx_word' id='word_1_253' title='bbox 386 2038 598 2091; x_wconf 73' lang='lat' dir='ltr'>repentino.</span> <span class='ocrx_word' id='word_1_254' title='bbox 632 2036 828 2075; x_wconf 85' lang='lat' dir='ltr'>Heredem</span> <span class='ocrx_word' id='word_1_255' title='bbox 848 2036 1074 2074; x_wconf 85' lang='lat' dir='ltr'>testamento</span> <span class='ocrx_word' id='word_1_256' title='bbox 1092 2037 1250 2089; x_wconf 88' lang='lat' dir='ltr'>reliquit</span> <span class='ocrx_word' id='word_1_257' title='bbox 1270 2035 1376 2074; x_wconf 89' lang='lat' dir='ltr'>hunc</span> <span class='ocrx_word' id='word_1_258' title='bbox 1398 2037 1442 2074; x_wconf 89' lang='lat' dir='ltr'>P.</span> <span class='ocrx_word' id='word_1_259' title='bbox 1462 2037 1700 2088; x_wconf 78' lang='lat' dir='ltr'>Qintium3</span> <span class='ocrx_word' id='word_1_260' title='bbox 1734 2046 1792 2082; x_wconf 87' lang='lat' dir='ltr'>ut,</span> 
     </span>
     <span class='ocr_line' id='line_1_30' title="bbox 386 2103 1793 2157; baseline -0.001 -15"><span class='ocrx_word' id='word_1_261' title='bbox 386 2105 430 2142; x_wconf 82' lang='lat' dir='ltr'>ad</span> <span class='ocrx_word' id='word_1_262' title='bbox 451 2118 569 2157; x_wconf 86' lang='lat' dir='ltr'>quem</span> <span class='ocrx_word' id='word_1_263' title='bbox 590 2103 763 2141; x_wconf 85' lang='lat' dir='ltr'>summus</span> <span class='ocrx_word' id='word_1_264' title='bbox 795 2116 937 2141; x_wconf 87' lang='lat' dir='ltr'>moeror</span> <span class='ocrx_word' id='word_1_265' title='bbox 969 2112 1093 2141; x_wconf 90' lang='lat' dir='ltr'>morte</span> <span class='ocrx_word' id='word_1_266' title='bbox 1120 2103 1183 2141; x_wconf 88' lang='lat' dir='ltr'>sua</span> <span class='ocrx_word' id='word_1_267' title='bbox 1211 2104 1401 2149; x_wconf 86' lang='lat' dir='ltr'>veniebat,</span> <span class='ocrx_word' id='word_1_268' title='bbox 1433 2103 1477 2140; x_wconf 86' lang='lat' dir='ltr'>ad</span> <span class='ocrx_word' id='word_1_269' title='bbox 1499 2103 1664 2141; x_wconf 83' lang='lat' dir='ltr'>eundem</span> <span class='ocrx_word' id='word_1_270' title='bbox 1685 2103 1793 2141; x_wconf 87' lang='lat' dir='ltr'>sum-</span> 
     </span>
     <span class='ocr_line' id='line_1_31' title="bbox 388 2170 1794 2223; baseline -0.001 -14"><span class='ocrx_word' id='word_1_271' title='bbox 388 2185 474 2209; x_wconf 82' lang='lat' dir='ltr'>mus</span> <span class='ocrx_word' id='word_1_272' title='bbox 495 2170 617 2209; x_wconf 83' lang='lat' dir='ltr'>honos</span> <span class='ocrx_word' id='word_1_273' title='bbox 639 2184 795 2223; x_wconf 86' lang='lat' dir='ltr'>quoque</span> <span class='ocrx_word' id='word_1_274' title='bbox 814 2170 1042 2223; x_wconf 86' lang='lat' dir='ltr'>perveniret.</span> <span class='ocrx_word' id='word_1_275' title='bbox 1076 2171 1168 2223; x_wconf 84' lang='lat' dir='ltr'>Qo</span> <span class='ocrx_word' id='word_1_276' title='bbox 1189 2180 1358 2216; x_wconf 87' lang='lat' dir='ltr'>mortuo,</span> <span class='ocrx_word' id='word_1_277' title='bbox 1395 2184 1465 2208; x_wconf 88' lang='lat' dir='ltr'>nec</span> <span class='ocrx_word' id='word_1_278' title='bbox 1493 2171 1544 2207; x_wconf 84' lang='lat' dir='ltr'>ita</span> <span class='ocrx_word' id='word_1_279' title='bbox 1564 2170 1691 2208; x_wconf 88' lang='lat' dir='ltr'>multo</span> <span class='ocrx_word' id='word_1_280' title='bbox 1711 2170 1794 2222; x_wconf 89' lang='lat' dir='ltr'>post</span> 
     </span>
     <span class='ocr_line' id='line_1_32' title="bbox 388 2236 1792 2290; baseline -0.001 -16"><span class='ocrx_word' id='word_1_281' title='bbox 388 2239 426 2275; x_wconf 85' lang='lat' dir='ltr'>in</span> <span class='ocrx_word' id='word_1_282' title='bbox 449 2238 619 2276; x_wconf 79' lang='lat' dir='ltr'>Galliam</span> <span class='ocrx_word' id='word_1_283' title='bbox 642 2237 895 2290; x_wconf 82' lang='lat' dir='ltr'>proficiscitur</span> <span class='ocrx_word' id='word_1_284' title='bbox 927 2237 1130 2289; x_wconf 83' lang='lat' dir='ltr'>Qintius.</span> <span class='ocrx_word' id='word_1_285' title='bbox 1163 2238 1224 2276; x_wconf 88' lang='lat' dir='ltr'>Ibi</span> <span class='ocrx_word' id='word_1_286' title='bbox 1246 2251 1337 2275; x_wconf 91' lang='lat' dir='ltr'>cum</span> <span class='ocrx_word' id='word_1_287' title='bbox 1370 2237 1439 2275; x_wconf 88' lang='lat' dir='ltr'>isto</span> <span class='ocrx_word' id='word_1_288' title='bbox 1460 2237 1598 2275; x_wconf 79' lang='lat' dir='ltr'>Naevio</span> <span class='ocrx_word' id='word_1_289' title='bbox 1624 2236 1792 2275; x_wconf 86' lang='lat' dir='ltr'>familia-</span> 
     </span>
     <span class='ocr_line' id='line_1_33' title="bbox 389 2302 1794 2349; baseline -0.001 -8"><span class='ocrx_word' id='word_1_290' title='bbox 389 2305 477 2342; x_wconf 79' lang='lat' dir='ltr'>riter</span> <span class='ocrx_word' id='word_1_291' title='bbox 496 2304 604 2342; x_wconf 87' lang='lat' dir='ltr'>vivit.</span> <span class='ocrx_word' id='word_1_292' title='bbox 636 2306 801 2343; x_wconf 82' lang='lat' dir='ltr'>Annum</span> <span class='ocrx_word' id='word_1_293' title='bbox 831 2303 909 2341; x_wconf 85' lang='lat' dir='ltr'>fere</span> <span class='ocrx_word' id='word_1_294' title='bbox 936 2312 1011 2342; x_wconf 83' lang='lat' dir='ltr'>una</span> <span class='ocrx_word' id='word_1_295' title='bbox 1031 2304 1131 2349; x_wconf 87' lang='lat' dir='ltr'>sunt,</span> <span class='ocrx_word' id='word_1_296' title='bbox 1164 2318 1256 2342; x_wconf 87' lang='lat' dir='ltr'>cum</span> <span class='ocrx_word' id='word_1_297' title='bbox 1287 2313 1325 2342; x_wconf 89' lang='lat' dir='ltr'>et</span> <span class='ocrx_word' id='word_1_298' title='bbox 1358 2304 1403 2342; x_wconf 89' lang='lat' dir='ltr'>de</span> <span class='ocrx_word' id='word_1_299' title='bbox 1430 2303 1607 2341; x_wconf 79' lang='lat' dir='ltr'>societate</span> <span class='ocrx_word' id='word_1_300' title='bbox 1629 2303 1727 2340; x_wconf 88' lang='lat' dir='ltr'>inter</span> <span class='ocrx_word' id='word_1_301' title='bbox 1758 2302 1794 2340; x_wconf 91' lang='lat' dir='ltr'>se</span> 
     </span>
     <span class='ocr_line' id='line_1_34' title="bbox 389 2369 1792 2422; baseline -0.001 -16"><span class='ocrx_word' id='word_1_302' title='bbox 389 2370 513 2407; x_wconf 85' lang='lat' dir='ltr'>multa</span> <span class='ocrx_word' id='word_1_303' title='bbox 532 2371 880 2415; x_wconf 82' lang='lat' dir='ltr'>communicarent,</span> <span class='ocrx_word' id='word_1_304' title='bbox 894 2378 931 2407; x_wconf 88' lang='lat' dir='ltr'>et</span> <span class='ocrx_word' id='word_1_305' title='bbox 953 2370 998 2408; x_wconf 82' lang='lat' dir='ltr'>de</span> <span class='ocrx_word' id='word_1_306' title='bbox 1020 2378 1098 2408; x_wconf 88' lang='lat' dir='ltr'>tota</span> <span class='ocrx_word' id='word_1_307' title='bbox 1118 2370 1184 2408; x_wconf 87' lang='lat' dir='ltr'>illa</span> <span class='ocrx_word' id='word_1_308' title='bbox 1200 2370 1356 2415; x_wconf 82' lang='lat' dir='ltr'>ratione,</span> <span class='ocrx_word' id='word_1_309' title='bbox 1371 2377 1485 2422; x_wconf 86' lang='lat' dir='ltr'>atque</span> <span class='ocrx_word' id='word_1_310' title='bbox 1507 2382 1545 2406; x_wconf 86' lang='lat' dir='ltr'>re</span> <span class='ocrx_word' id='word_1_311' title='bbox 1566 2369 1792 2413; x_wconf 76' lang='lat' dir='ltr'>Gallicana;</span> 
     </span>
     <span class='ocr_line' id='line_1_35' title="bbox 390 2434 1795 2489; baseline -0.001 -17"><span class='ocrx_word' id='word_1_312' title='bbox 390 2449 513 2487; x_wconf 85' lang='lat' dir='ltr'>neque</span> <span class='ocrx_word' id='word_1_313' title='bbox 534 2437 674 2474; x_wconf 81' lang='lat' dir='ltr'>interea</span> <span class='ocrx_word' id='word_1_314' title='bbox 704 2437 866 2475; x_wconf 86' lang='lat' dir='ltr'>verbum</span> <span class='ocrx_word' id='word_1_315' title='bbox 888 2436 1014 2474; x_wconf 84' lang='lat' dir='ltr'>ullum</span> <span class='ocrx_word' id='word_1_316' title='bbox 1035 2436 1264 2489; x_wconf 86' lang='lat' dir='ltr'>interposuit</span> <span class='ocrx_word' id='word_1_317' title='bbox 1284 2436 1547 2479; x_wconf 83' lang='lat' dir='ltr'>Naevius‚-aut</span> <span class='ocrx_word' id='word_1_318' title='bbox 1576 2434 1795 2473; x_wconf 86' lang='lat' dir='ltr'>societatem</span> 
     </span>
     <span class='ocr_line' id='line_1_36' title="bbox 390 2500 1795 2557; baseline 0 -18"><span class='ocrx_word' id='word_1_319' title='bbox 390 2501 457 2540; x_wconf 84' lang='lat' dir='ltr'>fibi</span> <span class='ocrx_word' id='word_1_320' title='bbox 478 2502 679 2555; x_wconf 82' lang='lat' dir='ltr'>quidpiam</span> <span class='ocrx_word' id='word_1_321' title='bbox 700 2503 849 2550; x_wconf 86' lang='lat' dir='ltr'>debere,</span> <span class='ocrx_word' id='word_1_322' title='bbox 868 2512 932 2542; x_wconf 82' lang='lat' dir='ltr'>aut</span> <span class='ocrx_word' id='word_1_323' title='bbox 952 2503 1133 2557; x_wconf 82' lang='lat' dir='ltr'>privatim</span> <span class='ocrx_word' id='word_1_324' title='bbox 1150 2502 1363 2556; x_wconf 77' lang='lat' dir='ltr'>QintIum</span> <span class='ocrx_word' id='word_1_325' title='bbox 1382 2500 1564 2541; x_wconf 69' lang='lat' dir='ltr'>debuisse.</span> <span class='ocrx_word' id='word_1_326' title='bbox 1589 2503 1693 2541; x_wconf 90' lang='lat' dir='ltr'>Cum</span> <span class='ocrx_word' id='word_1_327' title='bbox 1714 2501 1795 2540; x_wconf 74' lang='lat' dir='ltr'>:cris</span> 
     </span>
    </p>
   </div>
  </div>
 </body>
</html>
