2201 2792
470 177 548 219 250
899 163 990 203 IN
1059 165 1441 204 VERREM

524 263 634 302 LIX.
665 264 725 301 Ac
746 262 792 301 de
811 264 1011 302 avertenda
1030 266 1206 316 pecunia,
1237 278 1367 316 quaero
1386 264 1451 302 abs
1472 272 1523 309 te,
1557 271 1687 302 utrum
1707 260 1794 315 ipsae
1811 262 1871 300 ci-

468 330 603 368 vitates
624 328 740 367 solitae
760 329 832 368 fint
851 330 986 368 statuas
1017 330 1090 367 tibi
1111 329 1301 368 faciendas
1323 330 1446 367 locare
1466 330 1514 374 ei,
1546 329 1609 367 cui
1635 328 1781 381 poffent
1798 341 1870 380 op-

470 396 567 433 tima
578 396 800 433 conditione
815 396 952 440 locare,
967 409 1013 433 an
1029 395 1198 447 aliquem
1213 405 1425 433 curatorem
1439 396 1641 448 praeficere‚
1658 394 1726 446 qui
1743 393 1871 432 statuis

469 460 655 500 faciendis
687 461 866 514 praeefl‘et‚
907 475 954 499 an
990 462 1075 506 tibi,
1106 475 1152 499 an
1186 463 1249 499 cui
1278 471 1321 499 tu
1351 461 1579 514 imperaffes,
1624 461 1873 499 adnumerare

470 528 709 581 pecuniam?
741 528 847 565 Nam
879 528 904 565 fi
939 541 1006 580 per
1038 541 1100 565 eos
1132 527 1260 565 statuae
1292 527 1448 572 fiebant,
1480 541 1500 565 a
1529 527 1670 579 quibus
1702 526 1775 564 tibi
1805 525 1873 564 iste

470 592 594 632 honos
615 593 827 632 habebatur
843 613 854 639 5
877 595 989 632 audio
1011 609 1020 632 ε
1060 593 1113 631 sin
1132 592 1379 632 Timarchidi
1399 594 1562 645 pecunia
1581 592 1872 636 numerabatur,

470 661 610 706 desine,
642 660 786 713 quaeso,
817 660 1006 705 simulare,
1038 669 1094 704 te,
1124 673 1217 698 cum
1252 660 1293 698 in
1325 658 1527 698 manifesto
1562 658 1668 697 furto
1702 667 1872 702 teneare,

469 726 601 778 gloriae
621 726 846 770 studiosum,
869 739 910 763 ac
931 735 1279 764 monumentorum
1300 725 1421 764 fuiffe.
1446 724 1554 777 Qid
1569 724 1684 763 vero?
1708 724 1874 762 modum

469 791 678 830 statuarum
707 790 839 829 haberi
869 791 1022 830 nullum
1055 791 1211 844 placet?
1256 792 1382 844 Atqui
1415 790 1600 829 habeatur
1632 789 1776 828 necesse
1805 789 1872 827 est.

470 858 634 896 Etenim
665 858 714 896 fic
744 857 986 896 considerate.
1033 858 1257 909 Syracusana
1275 859 1408 896 civitas
1442 858 1503 909 (ut
1528 870 1612 896 eam
1631 856 1874 909 potiffimum

469 925 692 975 nominem)
723 924 827 962 dedit
857 924 926 977 ipfi
956 925 1144 964 statuam:
1177 925 1228 963 est
1259 924 1398 963 honos.
1431 925 1483 962 Et
1515 924 1638 976 patri:
1672 922 1772 961 bella
1791 921 1874 960 haec

468 991 635 1043 pietatis,
657 1000 695 1029 et
715 991 921 1043 quaestuosa
939 990 1144 1029 simulatio.
1177 992 1230 1029 Et
1250 991 1358 1029 filio:
1390 989 1482 1028 ferri
1501 989 1576 1028 hoc
1597 988 1719 1041 potest
1731 1007 1743 1034 ς
1766 987 1874 1027 hunc

469 1057 575 1094 enim
596 1070 759 1110 puerum
790 1069 867 1094 non
902 1056 1070 1095 oderant.
1102 1057 1252 1094 Verum
1273 1056 1439 1108 quoties,
1469 1064 1507 1093 et
1532 1063 1629 1108 quot
1647 1054 1874 1093 nominibus

469 1135 491 1160 a
510 1123 745 1174 Syracusanis
766 1122 902 1160 statuas
928 1122 1103 1161 auferes?
1135 1124 1193 1161 Ut
1223 1123 1263 1161 in
1293 1122 1379 1161 foro
1410 1122 1627 1166 statuerent,
1657 1120 1869 1160 abstulisti:

470 1198 514 1227 ut
543 1190 583 1228 in
617 1190 735 1234 curia,
767 1189 953 1241 coegisti:
997 1198 1040 1227 ut
1070 1189 1276 1241 pecuniam
1305 1188 1524 1226 conferrent
1557 1188 1597 1225 in
1629 1200 1687 1224 eas
1718 1187 1870 1231 statuas,

469 1270 555 1308 quae
589 1256 726 1294 Romae
759 1263 1006 1307 ponerentur,
1036 1255 1257 1307 imperasti:
1302 1263 1344 1292 ut
1378 1253 1496 1292 iidem
1527 1253 1659 1291 darent
1691 1251 1872 1290 homines

470 1332 662 1361 aratorum
693 1322 853 1360 nomine
869 1340 880 1366 3
912 1321 1125 1359 dederunt:
1160 1330 1201 1359 ut
1231 1321 1350 1360 iidem
1371 1334 1440 1373 pro
1471 1330 1576 1374 parte
1601 1320 1641 1357 in
1661 1332 1874 1358 commune

470 1388 609 1427 Siciliae
640 1386 887 1432 conferrent,
919 1387 1035 1424 etiam
1066 1387 1106 1424 id
1126 1388 1389 1425 contulerunt,
1423 1388 1512 1424 Una
1541 1386 1674 1424 civitas
1695 1398 1787 1423 cum
1815 1393 1873 1422 tot

469 1455 695 1494 nominibus
727 1454 932 1507 pecuniam
962 1453 1182 1498 contulerit,
1213 1453 1395 1505 idemque
1423 1452 1499 1491 hoc
1530 1453 1700 1491 civitates
1731 1460 1873 1489 caeterae

468 1522 659 1569 fecerint,
692 1534 770 1558 non
791 1533 846 1558 res
868 1519 945 1572 ipsa
965 1532 1030 1556 vos
1051 1520 1246 1564 admonet,
1278 1528 1320 1556 ut
1340 1520 1498 1571 putetis,
1520 1520 1683 1557 modum
1703 1518 1874 1569 aliquem

468 1588 562 1627 huic
583 1586 787 1639 cupiditati
818 1585 999 1623 constitui
1027 1586 1229 1638 oportere?
1263 1585 1382 1637 Qod
1415 1585 1442 1622 fi
1475 1584 1551 1623 hoc
1583 1584 1778 1623 voluntate
1810 1583 1874 1622 sua

468 1654 576 1692 nulla
595 1653 727 1690 civitas
760 1650 875 1695 fecit3
907 1650 933 1688 fi
965 1663 1099 1688 omnes
1121 1651 1299 1703 imperio,
1330 1658 1453 1696 metu,
1474 1650 1527 1695 vi,
1559 1649 1662 1688 malo
1687 1649 1872 1694 addanae,

470 1721 542 1759 tibi
563 1719 770 1774 pecuniam·
788 1718 994 1756 statuarum
1016 1718 1174 1755 nomine
1192 1706 1441 1755 contulerunt
1457 1735 1469 1762 3
1494 1731 1560 1770 per
1581 1718 1686 1755 Deos
1706 1717 1872 1754 immor-

469 1786 580 1825 tales!
608 1799 706 1831 num
727 1784 790 1822 cui
811 1784 977 1822 dubium
998 1783 1069 1821 effe
1089 1784 1244 1836 poterit,
1267 1783 1378 1835 quin,
1399 1783 1514 1821 etiam
1536 1783 1562 1821 fi
1583 1782 1668 1835 quis
1688 1782 1871 1827 statuerit,

469 1854 640 1905 accipere
660 1851 706 1889 ad
725 1850 860 1889 statuas
881 1850 1010 1894 licere,
1041 1849 1145 1887 idem
1166 1858 1295 1888 tamen
1321 1848 1470 1894 statuat,
1501 1849 1645 1901 eripere
1663 1857 1766 1886 certe
1793 1860 1873 1886 non

470 1919 583 1957 licere
602 1919 614 1955 ?

527 1983 704 2021 Primum
727 1981 846 2033 igitur
876 1980 915 2018 in
950 1979 1048 2018 hanc
1079 1993 1160 2018 rem
1194 1980 1328 2018 testem
1360 1987 1483 2018 totam
1514 1979 1684 2018 Siciliam
1715 1978 1842 2017 citabo
1858 1996 1871 2024 3

471 2063 557 2102 quae
578 2047 678 2086 mihi
712 2046 788 2085 una
818 2060 910 2085 voce
941 2046 1148 2085 statuarum
1185 2046 1341 2085 nomine
1362 2059 1540 2098 magnam
1572 2045 1777 2098 pecuniam
1806 2058 1873 2098 per

470 2118 552 2154 vim
572 2117 741 2154 coactam
761 2113 832 2151 effe
848 2114 1092 2152 demonstrat.
1117 2114 1221 2152 Nam
1239 2113 1446 2165 legationes
1467 2113 1648 2150 omnium
1668 2112 1873 2151 civitatum

471 2184 511 2221 in
532 2181 728 2236 postulatis
750 2181 1041 2225 communibus,
1073 2195 1158 2232 quae
1177 2179 1255 2218 fere
1275 2180 1407 2217 omnia
1436 2193 1483 2217 ex
1505 2179 1580 2218 tuis
1611 2178 1761 2230 injuriis
1787 2186 1874 2216 nata

470 2251 571 2295 sunt,
592 2249 707 2287 etiam
726 2245 801 2285 hoc
822 2246 1036 2292 ediderunt,
1061 2247 1263 2299 Utstatzms
1282 2261 1325 2285 ne
1343 2246 1414 2291 cui,
1434 2246 1497 2284 niz
1515 2260 1594 2285 cum
1613 2245 1643 2283 is
1661 2243 1701 2282 de
1712 2244 1872 2297 provin-

470 2317 526 2355 cia
545 2314 730 2368 deceffifflt,
746 2313 1012 2367 pollicerentur.

527 2384 616 2421 LX.
648 2384 729 2420 Tot
762 2382 942 2419 Praetores
975 2380 1014 2417 in
1046 2379 1175 2417 Sicilia
1208 2378 1388 2424 fuerunt;
1432 2377 1543 2416 toties
1575 2376 1675 2430 apud
1710 2377 1871 2428 majores

472 2449 616 2487 nostros
637 2448 757 2486 Siculi
777 2448 948 2485 senatum
968 2446 1156 2491 adierunt,
1179 2445 1291 2484 toties
1311 2444 1383 2482 hac
1402 2443 1616 2488 memoria,
1649 2452 1775 2481 tamen
1794 2442 1872 2481 hu-

466 2516 572 2568 jusce
593 2514 681 2554 novi
704 2514 883 2567 postulati
914 2526 1034 2567 genus
1055 2521 1169 2564 atque
1190 2511 1428 2565 principium
1450 2519 1515 2549 tua
1533 2519 1695 2563 praetura
1726 2509 1870 2549 attulit.
