2201 2792
535 177 615 217 394
960 163 1051 204 IN
1126 161 1506 204 VERREM

532 265 690 318 losoque
710 266 925 319 disjuncta3
959 267 1000 304 in
1023 281 1098 318 qua
1117 267 1169 304 est
1189 267 1324 305 eodem
1346 266 1505 304 nomine
1525 263 1730 318 oppidum,
1764 276 1843 316 quo
1863 262 1930 301 iste

534 347 736 386 nunquam
757 333 932 378 acceffit3
965 334 1069 385 quod
1090 343 1219 371 tamen
1239 334 1298 371 isti
1319 333 1532 371 textrinum
1563 346 1631 385 per
1650 332 1864 371 triennium
1883 330 1931 368 ad

534 400 767 438 muliebrem
789 400 928 437 vestem
950 400 1232 437 conficiendam
1251 399 1341 437 fuit.
1387 399 1452 437 Ab
1472 412 1517 436 eo
1537 399 1680 452 oppido
1700 411 1777 436 non
1798 398 1928 449 longe,

534 466 573 503 in
595 466 875 519 promontorio,
908 464 1045 503 fa‘num
1065 465 1118 503 est
1137 465 1302 516 Junonis
1323 465 1558 516 antiquum3
1590 464 1696 516 quod
1717 472 1818 502 tanta
1838 463 1930 501 reli-

533 533 649 584 gione
668 532 816 584 semper
835 530 925 576 fuit,
962 539 1004 569 ut
1025 544 1101 568 non
1123 531 1241 569 modo
1261 531 1338 568 illis
1361 531 1518 569 Punicis
1539 530 1665 575 bellis,
1696 543 1781 582 quae
1807 530 1847 567 in
1868 528 1928 566 his

533 597 612 636 fere
632 598 727 636 locis
749 597 871 636 navali
889 597 1001 650 copia
1020 597 1133 649 gesta,
1163 607 1278 650 atque
1298 597 1436 635 versata
1455 596 1556 641 sunt,
1578 596 1640 634 sed
1661 596 1778 634 etiam
1797 595 1838 632 in
1858 594 1930 633 hac

533 665 758 716 praedonum
780 663 1048 708 multitudine,
1081 663 1228 716 semper
1261 663 1505 707 inviolatum,
1528 662 1777 714 faustumque
1797 660 1928 700 fuerit.

534 730 642 779 Qin
661 731 777 769 etiam
799 729 874 767 hoc
896 730 1092 767 memoriae
1109 730 1307 782 proditum
1328 729 1394 774 est,
1409 729 1518 767 clafl'e
1535 728 1731 781 quondam
1749 727 1928 766 Masinis-

534 796 579 834 sae
600 796 696 848 regis
717 796 762 833 ad
783 809 873 832 eum
893 796 1025 832 locum
1047 794 1214 847 appulsa,
1247 793 1469 847 praefetstum
1489 795 1640 846 regium
1661 794 1793 832 dentes
1813 793 1928 830 ebur-

533 876 639 907 neos,
661 861 880 899 incredibili
913 862 1194 913 magnitudine,
1226 875 1245 898 e
1267 861 1356 898 fano
1387 861 1582 905 sustulisse,
1615 870 1652 898 et
1672 873 1735 897 eos
1756 860 1795 897 in
1818 858 1927 897 Afri-

533 942 617 966 cam
640 928 812 981 portasse,
845 928 1126 980 Masmiffaeque
1146 927 1306 965 donasse.
1340 928 1490 980 Regem
1523 928 1682 979 quidem
1713 927 1840 979 primo
1861 926 1928 963 de-

533 995 718 1032 lec‘tatum
743 994 812 1031 effe
848 1007 1006 1031 munere
1024 1009 1032 1031 z
1066 994 1161 1047 post,
1196 994 1262 1032 ubi
1294 994 1463 1038 audiiset,
1505 994 1605 1031 unde
1636 993 1765 1038 effent,
1801 992 1928 1030 statim

533 1071 655 1099 certos
676 1060 855 1098 homines
877 1060 915 1097 in
948 1060 1220 1112 quinqueremi
1243 1059 1391 1104 mififfe,
1425 1060 1493 1112 qui
1514 1073 1577 1097 eos
1598 1059 1729 1097 dentes
1757 1067 1928 1112 reporta-

529 1137 631 1166 ⁴rent.
665 1128 798 1179 Itaque
820 1126 858 1164 in
879 1125 940 1164 his
962 1126 1188 1179 inscriptum
1210 1127 1330 1164 literis
1353 1127 1510 1164 Punicis
1532 1125 1634 1164 fuit:
1658 1127 1788 1178 Regem
1808 1126 1928 1177 M‘fi’

529 1193 652 1246 nqffi'zm
672 1192 927 1246 imprudentem
946 1193 1105 1246 accepssb
1120 1211 1131 1238 3
1163 1208 1203 1231 re
1221 1193 1376 1245 cognita,
1398 1192 1620 1245 reponendos,
1641 1191 1929 1245 rfssitztendqsque

533 1259 677 1313 curcssb.
711 1261 804 1297 Erat
835 1270 1013 1312 praeterea
1042 1272 1182 1312 magna
1211 1260 1267 1297 vis
1288 1259 1429 1304 eboris,
1463 1259 1588 1297 multa
1618 1267 1854 1302 ornamenta,
1886 1259 1927 1295 in

533 1326 675 1378 quibus
696 1325 872 1362 eburneae
892 1324 1088 1369 Victoriae,
1109 1325 1270 1376 antiquo
1289 1337 1415 1376 opere,
1445 1337 1488 1361 ac
1509 1323 1660 1362 summa
1679 1332 1756 1361 arte
1775 1322 1926 1376 perfec-

529 1401 593 1430 ·tae.
627 1391 723 1429 Haec
745 1390 811 1428 iste
830 1390 975 1435 omnia,
1009 1403 1056 1427 ne
1075 1391 1211 1428 multis
1233 1403 1371 1435 morer,
1406 1403 1484 1428 uno
1509 1390 1674 1443 impetu,
1705 1399 1819 1442 atque
1848 1404 1926 1428 uno

530 1458 671 1496 -nuntio
692 1470 759 1510 per
779 1456 900 1494 servos
919 1457 1121 1502 Venerios,
1138 1470 1235 1509 quos
1256 1457 1337 1509 ejus
1358 1457 1410 1494 rei
1431 1456 1537 1495 causa
1557 1456 1720 1501 miserat,
1743 1456 1924 1500 tollenda,

531 1533 646 1576 atque
666 1522 886 1576 asportanda
905 1523 1065 1561 curavit.

587 1590 759 1628 XLVII.
794 1591 868 1628 Pro
900 1590 969 1628 Dii
989 1589 1251 1628 immortales!
1284 1604 1402 1643 quem
1428 1604 1502 1644 ego
1533 1589 1737 1629 hominem
1757 1590 1923 1630 accuso?

527 1670 651 1709 quem
668 1656 832 1708 legibu8‚
851 1669 893 1694 ac
909 1656 1086 1708 judiciali
1101 1657 1187 1708 jure
1208 1657 1432 1710 persequor?
1456 1657 1501 1695 de
1517 1671 1595 1710 quo
1616 1671 1681 1695 vos
1698 1656 1926 1696 sententiam

532 1736 599 1775 per
618 1722 799 1760 tabellam
831 1721 990 1760 feretis?
1024 1722 1176 1760 Dicunt
1207 1716 1321 1775 legati
1343 1723 1566 1761 Melitenses
1587 1723 1756 1776 publice,
1788 1723 1925 1775 spolia-

533 1799 619 1827 tum
641 1788 835 1841 templum
869 1787 940 1826 effe
960 1788 1153 1839 Junoni83
1185 1788 1285 1826 nihil
1321 1789 1436 1827 istum
1467 1789 1507 1827 in
1541 1789 1816 1841 religiofiffimo
1835 1788 1925 1827 fano

533 1843 746 1907 reliquiffe:
779 1868 897 1906 quem
918 1855 958 1892 in
979 1855 1111 1892 locum
1132 1854 1257 1893 claffes
1278 1854 1447 1893 hostium
1469 1855 1562 1907 faepe
1581 1855 1824 1899 accefferint3
1858 1856 1925 1893 ubi

532 1922 660 1972 piratae
682 1919 758 1957 fere
778 1920 984 1971 quotannis
1005 1919 1175 1957 hiemare
1195 1920 1362 1965 soleant;
1385 1921 1490 1972 quod
1512 1933 1636 1972 neque
1655 1921 1782 1973 praedo
1803 1921 1923 1959 viola-

532 1988 582 2024 rit
602 1996 723 2030 antea,
745 1999 869 2037 neque
889 1984 1006 2023 hostis
1027 1986 1209 2038 attigerit,
1232 1986 1270 2024 id
1291 1987 1337 2024 ab
1360 2000 1436 2024 uno
1457 1987 1527 2025 isto
1547 1987 1597 2025 fic
1612 1987 1818 2040 spoliatum
1838 1987 1924 2032 effe,

534 2062 576 2090 ut
597 2051 694 2090 nihil
716 2053 877 2089 omnino
910 2052 954 2089 fit
975 2052 1167 2091 relictum.
1200 2053 1281 2090 Hic
1316 2066 1419 2090 nunc
1439 2062 1504 2091 aut
1533 2053 1600 2091 iste
1627 2067 1726 2098 reus,
1755 2063 1821 2092 aut
1853 2068 1925 2107 ego

533 2118 737 2162 accusator,
759 2128 824 2154 aut
845 2116 918 2155 hoc
935 2118 1129 2169 judicium
1150 2119 1432 2171 appellabitur?
1466 2120 1707 2158 Criminibus
1728 2120 1833 2158 enim
1854 2134 1923 2158 co-

532 2184 718 2236 arguitur,
732 2182 834 2221 haud
851 2183 1128 2236 suspicionibus
1146 2185 1185 2223 in
1199 2185 1397 2237 judicium
1413 2195 1586 2224 vocatur:
1610 2186 1679 2224 Dii
1695 2186 1823 2231 ablati,
1838 2186 1925 2224 fana

532 2259 678 2294 vexata,
700 2249 849 2287 nudatae
871 2250 982 2286 urbes
1004 2251 1258 2302 reperiuntur.
1292 2252 1438 2289 Earum
1466 2260 1593 2289 autem
1625 2265 1751 2289 rerum
1774 2251 1922 2289 nullam

532 2316 601 2354 fibi
621 2315 701 2360 iste,
724 2329 847 2368 neque
867 2314 1063 2353 inficiandi
1084 2316 1286 2361 rationem,
1304 2330 1430 2368 neque
1443 2316 1670 2354 defendendi
1684 2315 1921 2361 facultatem,

532 2382 713 2434 reliquit:
736 2381 920 2420 omnibus
940 2381 980 2419 in
1002 2381 1113 2420 rebus
1134 2382 1355 2434 coarguitur
1374 2395 1394 2419 a
1415 2396 1491 2427 me,
1514 2382 1757 2420 convincitur
1777 2396 1797 2420 a
1817 2383 1922 2420 testi*-

533 2449 619 2492 bus,
643 2457 798 2500 urgetur
818 2447 1046 2486 confeffione
1067 2448 1143 2493 sua,
1166 2446 1377 2486 manifestis
1397 2448 1437 2486 in
1459 2447 1658 2486 maleficiiS
1680 2457 1852 2495 tenetur,
1885 2459 1922 2487 et

532 2525 661 2554 manet
681 2516 811 2562 etiam,
834 2528 875 2554 ac
897 2515 1034 2554 tacitus
1054 2514 1151 2554 faita
1170 2528 1327 2554 mecum
1349 2514 1412 2554 sua
1432 2515 1682 2569 recognoscit.
