2201 2792
322 147 349 185 7
498 136 1030 176 ARGUMENTA
1096 136 1631 177 ORATIONUM.

727 257 774 295 In
802 255 842 293 C.
872 254 1020 294 Verrem
1049 256 1139 295 Λέῗ.
1162 257 1218 295 II.
1277 255 1360 295 Lib.
1384 270 1422 310 3.

441 309 598 363 Argum.
916 311 980 350 De
1008 311 1217 350 Frumento.
1645 324 1682 365 p.
1715 310 1808 366 267.

382 395 476 431 Con
488 409 510 431 T
523 408 598 432 iul-2
612 408 636 431 ‘r
661 396 716 432 hic
743 396 828 432 liber
844 396 936 432 furta
950 397 1066 432 Verris
1086 396 1118 432 in
1138 397 1233 432 omni
1251 396 1420 433 frumenti
1437 409 1577 445 genere.
1629 398 1813 434 Frumenti

333 454 465 488 autem,
492 446 588 492 quod
614 455 741 492 praetor
764 446 901 481 Siculus
924 446 967 481 ab
987 447 1176 481 aratoribus
1194 447 1334 494 exigere
1351 457 1485 494 poterat
1502 456 1537 483 et
1554 446 1716 489 debebat,
1742 457 1814 483 erat

333 494 448 542 primo
466 493 678 536 decumanum,
705 495 800 543 quod
823 505 971 530 aratores
993 507 1057 542 pro
1081 495 1171 542 agris
1199 496 1260 530 fibi
1284 496 1461 531 attributis
1486 496 1638 538 dabant;
1665 496 1813 532 alterum

334 552 408 578 erat
433 551 580 588 emptum,
606 545 701 591 quod
728 544 763 579 vi
791 544 878 591 legis
905 544 1057 591 Rupiliae
1085 544 1292 580 tenebantur
1320 546 1440 592 populi
1471 545 1596 580 Siciliae
1625 545 1815 593 vectigales

334 593 468 639 populo
497 594 600 627 Rom.
635 604 729 628 certo
760 595 872 640 pretio
898 593 1058 630 vendere.
1110 593 1151 628 Id
1177 603 1249 628 erat
1275 595 1330 629 vel
1356 593 1555 629 decumanum
1584 594 1730 636 alterum,
1756 594 1813 630 cui

335 642 488 687 pretium
505 651 578 676 erat
595 654 614 676 a
631 641 744 677 senatu
764 644 870 677 Rom.
887 642 1111 677 constitutum
1131 643 1164 677 in
1185 643 1318 678 modios
1333 643 1483 691 singulos
1500 644 1604 678 H-S.
1623 644 1731 684 terni3
1757 643 1814 679 vel

334 691 529 735 imperatum,
565 690 619 725 cui
651 692 742 726 H-S
773 691 930 738 quaterni
965 691 1139 726 constituti
1173 702 1281 726 erant.
1335 692 1620 727 Constituebatur
1646 703 1762 728 autem
1795 704 1815 728 a

334 737 451 774 senatu
470 739 504 773 in
522 751 629 774 annos
648 740 800 786 singulos
814 753 831 775 e
845 741 922 786 lege
941 741 1108 776 Terentia
1125 750 1159 775 et
1177 741 1286 776 Caffia
1303 739 1541 784 frumentaria,
1560 751 1691 788 quanta
1707 752 1816 789 pecu-

336 789 404 822 niae
428 788 561 823 summa
581 789 614 823 in
630 799 818 836 utrumque
836 791 931 834 empti
949 801 1059 836 genus
1078 801 1119 825 ex
1138 790 1257 825 aerario
1274 790 1552 837 impenderetur:
1584 790 1725 825 tertium
1744 799 1818 825 erat

334 837 529 881 aestimatum‚
557 837 626 872 five
643 841 676 872 in
694 837 813 881 cellam,
831 838 927 884 quod
946 850 990 873 ex
1008 839 1042 873 S.
1062 840 1102 873 C.
1120 849 1154 873 et
1172 840 1310 886 legibus
1329 840 1467 886 praetori
1487 840 1520 874 in
1539 840 1659 875 cellam
1676 839 1718 875 ad
1736 839 1818 874 usu&

335 885 410 920 suos
429 886 671 932 imperabatur.
714 887 829 922 Dabat
847 889 992 922 Senatus
1011 888 1172 935 quaestori
1190 889 1346 935 praetoris
1363 899 1492 923 certam
1512 901 1554 923 ex
1572 888 1691 924 aerario
1707 900 1814 935 pecu-

335 934 441 977 niam,
460 936 551 970 unde
569 936 612 970 ab
630 936 820 970 aratoribus
836 945 979 978 emeret,
997 946 1033 971 et
1049 937 1190 983 quidem
1208 938 1362 972 modium
1379 938 1478 973 tritici
1499 938 1590 972 H-S.
1605 938 1665 973 IV.
1692 936 1814 972 hordei

336 993 454 1018 autem
472 984 547 1018 HS.
559 984 601 1018 ΙΙ.
626 984 722 1019 Illam
735 985 918 1031 pecuniam
933 986 1122 1020 aratoribus
1141 986 1403 1027 adnumerabat,
1415 997 1449 1021 et
1463 987 1587 1021 deinde
1599 986 1816 1021 frumentum

335 1032 542 1074 vehebatur,
578 1034 740 1079 quorsum
770 1034 919 1070 volebat.
978 1034 1127 1069 Licebat
1151 1045 1269 1069 autem
1299 1036 1436 1080 praetori
1463 1045 1592 1069 certam
1618 1035 1816 1079 pecuniam,

334 1090 500 1127 quantam
520 1081 645 1116 scilicet
664 1093 805 1128 aequum
827 1092 911 1124 erat,
929 1082 973 1117 ab
991 1083 1179 1118 aratoribus
1200 1096 1260 1129 pro
1279 1083 1454 1119 frumento
1473 1095 1507 1119 et
1526 1085 1664 1118 vectura
1682 1082 1816 1130 pacisci.

335 1129 414 1174 Jam
442 1129 595 1175 primum
625 1142 643 1164 a
670 1142 698 1165 c.
721 1131 752 1165 6.
783 1131 824 1165 ad
852 1143 896 1178 70
914 1130 1050 1166 fraudes
1069 1141 1104 1166 et
1121 1131 1212 1166 furta
1230 1132 1348 1167 Verris
1373 1133 1404 1167 in
1429 1134 1636 1175 decumano,
1664 1145 1684 1167 a
1706 1144 1735 1168 c.
1757 1142 1816 1178 70.

336 1179 377 1213 ad
402 1179 442 1213 81
466 1178 499 1213 in
518 1188 650 1226 emptO,
674 1189 709 1214 et
727 1180 851 1214 deinde
871 1182 903 1214 in
923 1181 1091 1215 aestimato
1108 1181 1266 1216 ostendit.

724 1278 770 1316 In
801 1279 846 1316 C.
875 1277 1023 1317 Verrem
1050 1279 1137 1318 Aa.
1169 1279 1221 1316 II.
1278 1278 1365 1318 Lib.
1388 1292 1426 1330 4.

445 1332 609 1383 Argum.
958 1333 1022 1372 De
1050 1334 1184 1386 Signis.
1654 1346 1690 1386 p.
1722 1344 1814 1387 353.

385 1415 523 1451 FURTA
550 1417 603 1452 hic
628 1417 661 1451 in
687 1416 788 1463 signis
807 1428 841 1452 et
860 1417 998 1465 reliquis
1016 1420 1224 1454 ornamentis
1243 1419 1368 1454 Siciliae
1386 1431 1466 1454 cum
1484 1418 1633 1466 publicis
1652 1428 1686 1453 et
1704 1418 1818 1462 sacris,

337 1473 413 1500 tum
433 1466 571 1511 privatis
590 1476 623 1500 et
643 1467 806 1512 profanis,
835 1477 886 1509 ut,
914 1469 1054 1514 picturis
1074 1470 1107 1503 in
1126 1469 1244 1503 tabula
1261 1480 1295 1503 et
1317 1469 1425 1503 textili
1446 1468 1498 1513 (h.
1516 1481 1544 1502 e.
1566 1468 1716 1502 vestibus
1735 1468 1816 1504 stra-

336 1515 443 1560 gulis)
471 1516 552 1550 vafis
583 1515 704 1556 aureis,
728 1517 912 1562 argentei5‚
935 1517 1138 1559 Corinthiis,
1156 1518 1318 1559 Deliacis,
1339 1518 1490 1564 gemmis
1509 1518 1575 1552 &c.
1594 1517 1818 1559 demonstrat,

335 1562 522 1610 falsamque
540 1564 603 1598 esse
618 1564 791 1599 Hortensii
810 1563 1056 1608 defensionem,
1076 1568 1135 1614 qui
1156 1579 1195 1601 ea
1212 1578 1329 1613 empta
1347 1567 1411 1601 effe
1431 1579 1450 1601 a
1465 1567 1584 1605 Verre,
1605 1578 1673 1600 non
1693 1566 1820 1608 ablata,

336 1611 437 1646 dicat.
491 1612 584 1647 Nam
614 1625 727 1660 neque
757 1626 818 1660 per
849 1615 942 1660 leges
973 1615 1074 1651 licere
1107 1616 1361 1663 magistratibus
1393 1616 1426 1649 in
1458 1615 1642 1662 provinciis
1676 1616 1818 1650 mercari

337 1660 537 1706 quicquam,
566 1674 678 1708 neque
698 1663 776 1696 talia
793 1663 856 1697 effe
878 1664 996 1708 pretia,
1027 1674 1064 1699 ut
1083 1677 1150 1699 non
1179 1665 1292 1699 ablata
1317 1665 1510 1700 videantur.
1564 1663 1767 1698 inscribitur
1783 1663 1821 1698 de

326 1708 440 1762 fignis,
459 1712 560 1793 squod
586 1712 676 1746 furta
703 1712 735 1746 in
761 1712 811 1746 his
838 1713 1013 1748 commiffa
1036 1714 1079 1749 ad
1104 1714 1307 1761 religionem
1336 1713 1523 1761 pertinent,
1551 1713 1708 1759 adeoque
1731 1724 1823 1760 prae·

340 1768 441 1805 cipua
474 1770 546 1795 unt.

595 1850 597 1853 .
731 1821 776 1858 In
806 1819 847 1858 C.
877 1819 1026 1860 Verrem
1054 1823 1140 1861 Aa.
1170 1824 1222 1862 II.
1281 1822 1363 1861 Lib.
1390 1836 1426 1876 5.

447 1872 605 1925 Argum.
920 1877 987 1915 De
1015 1877 1216 1930 Suppliciis.
1660 1888 1696 1928 P·
1725 1886 1819 1926 4¹3·

389 1957 496 1992 HAEc
519 1959 628 1993 oratio
650 1958 686 1994 de
707 1959 873 2005 Suppliciis
898 1961 1112 1998 inscribitur:
1150 1963 1204 1998 sed
1227 1963 1270 1997 de
1301 1962 1351 1997 his
1379 1962 1501 1997 ultima
1529 1970 1679 2001 tantum,
1709 1972 1824 2007 neque

339 2006 516 2053 praecipua
535 2020 610 2053 pars
629 2009 712 2054 agit.
763 2010 852 2044 Tres
871 2021 983 2057 partes
1002 2012 1116 2047 habet.
1169 2011 1286 2047 Prima
1310 2011 1357 2046 est
1375 2012 1418 2046 de
1439 2011 1530 2045 bello
1550 2009 1784 2056 fugitivorum
1803 2021 1823 2044 e

343 2055 422 2089 belli
441 2056 623 2101 Spartacici
643 2057 792 2103 reliquiis
812 2070 903 2101 nato,
932 2073 950 2094 a
969 2072 997 2095 c.
1018 2073 1036 2096 2
1057 2061 1098 2095 ad
1122 2061 1190 2102 16·‚
1223 2060 1328 2095 altera
1346 2061 1389 2095 de
1411 2060 1585 2094 maritimo
1605 2058 1708 2100 bello,
1728 2058 1823 2105 quod

342 2113 460 2138 contta
486 2105 664 2150 prsedones
693 2115 727 2140 et
752 2107 873 2152 piratas
895 2110 1094 2155 gerebatur,
1119 2111 1180 2156 qui
1204 2119 1280 2144 tum
1305 2110 1460 2144 Siculum
1486 2120 1578 2143 mare
1604 2106 1824 2149 infestabant,

341 2152 385 2187 ad
403 2164 432 2187 c.
450 2164 492 2196 52
511 2170 519 2193 ;
549 2165 582 2188 et
603 2155 699 2189 tertia
717 2155 859 2191 demum
879 2158 921 2192 de
941 2157 1070 2205 injustis
1089 2170 1208 2194 contra
1225 2159 1320 2206 leges
1340 2159 1445 2194 Rom.
1465 2169 1483 2192 a
1501 2157 1635 2192 civibus
1654 2156 1823 2192 Romanis

343 2200 484 2249 sumptis
508 2202 692 2249 suppliciis,

451 2290 608 2343 Argum.
896 2294 975 2334 Pro
1005 2297 1065 2333 M
1095 2297 1258 2336 Fonteio.
1656 2307 1696 2347 P·
1727 2305 1825 2346 479·

391 2375 447 2410 M.
462 2376 658 2412 Foxraius
679 2378 810 2413 Praetor
824 2380 973 2416 Galliam
988 2382 1187 2418 obtinuerat
1200 2395 1261 2429 per
1278 2381 1478 2417 triennium.
1497 2382 1649 2416 Romam
1669 2379 1822 2416 reversus

342 2425 610 2472 repetundarum
629 2438 705 2462 reus
729 2427 838 2465 factus
856 2430 918 2474 est,
945 2431 1182 2468 accusantibus
1200 2432 1312 2469 Gallis
1338 2429 1562 2480 inprimisque
1582 2430 1827 2467 Indutiomaro
