2201 2792
530 208 604 248 ‘182
956 205 1044 244 IN
1119 205 1499 244 VERREM

524 309 571 347 ab
605 307 766 347 homine
797 321 883 359 quae
917 306 1054 352 voluit,
1090 307 1131 344 in
1152 306 1398 345 Dolabellam
1429 306 1610 345 abstulit:
1642 306 1759 345 istum
1793 305 1928 346 testem

523 375 731 429 produxit:
764 373 862 411 dixit
883 373 962 418 iste,
985 387 1070 425 quae
1090 372 1188 410 velle
1208 373 1463 412 accusatorem
1483 373 1646 426 putavit.
1679 374 1772 425 Qo
1791 387 1838 412 ex
1858 387 1927 426 ge-

524 455 612 481 nere
642 439 742 479 mihi
776 439 944 484 testium,
980 440 1048 492 qui
1079 453 1172 477 cum
1203 439 1273 478 isto
1293 438 1409 478 furati
1429 439 1529 484 sunt,
1566 440 1592 477 fi
1624 440 1682 477 uti
1708 439 1926 484 voluiffem,

524 522 663 560 magna
693 508 804 559 copia
834 505 987 550 fuiffet3
1024 507 1107 558 qui,
1139 515 1182 544 ut
1212 505 1247 543 se
1276 506 1448 558 periculo
1477 506 1624 551 litium,
1655 506 1928 558 conjunctione

523 576 735 613 criminum
755 573 973 618 liberarent,
1002 586 1080 625 quo
1100 585 1171 625 ego
1192 572 1345 617 vellem,
1370 572 1609 610 descensuros
1630 572 1927 624 pollicebantur.

523 643 674 679 Eorum
705 653 776 692 ego
796 639 1033 677 voluntatem
1059 639 1241 676 omnium
1272 638 1482 691 repudiavi.
1515 638 1610 676 Non
1642 638 1760 676 modo
1793 638 1926 690 prodi-

523 707 612 752 tori,
645 706 706 744 sed
728 719 774 744 ne
796 704 964 758 perfugae
985 705 1145 757 quidem
1167 705 1273 742 locus
1295 705 1335 742 in
1356 704 1451 742 meis
1472 704 1599 742 castris
1620 704 1804 756 cuiquam
1834 702 1925 741 fuit.

523 774 695 812 Forsitan
728 772 903 810 meliores
936 772 995 810 illi
1025 771 1256 810 accusatores
1286 770 1452 809 habendi
1472 771 1573 816 sunt,
1606 770 1674 824 qui
1694 769 1776 808 haec
1797 769 1928 808 omnia

521 839 695 878 fecerunt
714 855 722 877 ι
756 838 818 876 sed
838 851 910 890 ego
930 837 1165 876 defensorem
1185 839 1224 876 in
1247 851 1332 876 mea
1350 838 1520 890 persona,
1553 852 1631 875 non
1652 836 1924 880 accusatorem,

521 907 693 944 maxime
728 906 872 943 laudari
907 905 1008 943 volo.
1055 905 1239 943 Rationes
1275 905 1320 942 ad
1354 906 1542 950 aerarium,
1574 913 1780 956 antequam
1802 903 1926 942 Dola-

522 973 621 1011 bella
640 973 918 1010 condemnatus
940 971 1007 1016 est,
1038 985 1116 1009 non
1137 972 1250 1009 audet
1270 970 1423 1009 referre.
1462 972 1647 1023 Impetrat
1667 983 1687 1006 a
1706 969 1851 1014 senatu,
1883 977 1928 1007 ut

520 1039 600 1077 dies
627 1039 697 1077 fibi
727 1046 1006 1091 prorogaretur,
1035 1037 1140 1088 quod
1161 1036 1309 1074 tabulas
1329 1036 1410 1074 suas
1431 1036 1478 1074 ab
1498 1035 1780 1074 accusatoribus
1801 1034 1926 1074 Dola:-

517 1104 630 1142 bellae
663 1104 876 1156 obsignatas
908 1103 1077 1140 diceret:
1109 1102 1266 1154 perinde
1299 1101 1401 1154 quafi
1432 1101 1671 1140 exscribendi
1700 1100 1927 1154 potestatem

518 1185 597 1209 non
617 1169 788 1208 haberet.
835 1169 944 1207 Solus
975 1168 1028 1206 est
1058 1167 1138 1212 hic,
1173 1169 1243 1220 qui
1273 1181 1474 1219 nunquam
1495 1169 1658 1205 rationes
1686 1167 1733 1205 ad
1752 1168 1926 1206 aerarium

519 1236 669 1275 referat.

572 1302 767 1340 XXXIX.
800 1298 971 1338 Audistis
992 1298 1232 1351 qucestoriam
1253 1299 1439 1337 rationem
1462 1299 1584 1337 tribus
1606 1297 1797 1337 verficulis
1826 1298 1924 1337 rela-

517 1377 598 1407 tam
616 1382 625 1406 t
658 1365 858 1419 legationis
879 1379 971 1410 non,
994 1365 1062 1403 nisi
1082 1365 1340 1403 condemnato
1360 1374 1398 1403 et
1417 1366 1536 1417 ejecto
1556 1379 1614 1410 eo,
1637 1365 1706 1417 qui
1724 1364 1843 1418 poffet
1863 1378 1924 1403 re-

517 1433 778 1488 prehendere:
812 1444 915 1470 nunc
946 1431 1113 1483 denique
1145 1440 1330 1484 praeturae‚
1363 1445 1481 1483 quam
1509 1445 1555 1469 ex
1576 1430 1926 1469 senatus-consulto

517 1501 644 1539 statim
666 1499 802 1538 referre
822 1498 968 1542 debuit,
991 1498 1110 1550 usque
1130 1498 1176 1535 ad
1196 1497 1272 1536 hoc
1293 1507 1446 1550 tempus
1468 1511 1545 1536 non
1567 1497 1712 1536 retulit.
1745 1497 1923 1548 Qaesto-

517 1580 600 1605 rem
622 1567 657 1605 se
678 1567 717 1604 in
738 1566 868 1604 senatu
889 1566 1086 1616 expeof'care
1106 1564 1205 1601 dixit
1224 1579 1232 1601 :
1265 1564 1422 1616 perinde
1442 1564 1544 1616 quafi
1566 1577 1658 1608 non,
1690 1571 1734 1600 ut
1750 1562 1926 1613 Qaestor

517 1634 594 1672 fine
615 1634 778 1671 Praetore
798 1630 916 1683 poffet
937 1630 1124 1667 rationem
1147 1629 1297 1674 referre,
1323 1630 1384 1681 (ut
1405 1639 1462 1674 tu,
1486 1629 1683 1674 Hortenfi,
1705 1637 1748 1666 ut
1767 1629 1923 1681 omnes)

515 1699 653 1738 eodem
685 1697 817 1742 m0d0‚
849 1696 925 1734 fine
955 1695 1151 1747 Qaestore
1183 1696 1340 1733 Praetor.
1383 1695 1512 1741 Dixit,
1545 1695 1651 1733 idem
1678 1693 1926 1733 Dolabellam

517 1764 747 1818 impetraffe.
783 1764 915 1801 Omen
935 1762 1057 1814 magis
1077 1762 1249 1814 patribus
1269 1761 1508 1815 conscriptis,
1541 1774 1660 1814 quam
1685 1761 1807 1806 causa,
1839 1760 1923 1813 pla-

515 1832 599 1870 cuit
609 1832 625 1870 ἐ
658 1830 929 1884 probaverunt.
962 1829 1111 1866 Verum
1131 1828 1345 1878 Qaestores
1366 1841 1523 1880 quoque
1537 1827 1774 1879 jampridem
1809 1839 1923 1863 vene-

516 1907 620 1935 runt.
655 1898 736 1934 Cur
752 1908 831 1932 non
852 1893 1041 1931 retulisti?
1071 1893 1230 1930 Illarum
1251 1894 1446 1930 rationum
1467 1906 1513 1930 ex
1533 1906 1575 1930 ea
1594 1892 1686 1930 faece
1705 1891 1922 1944 legationis,

516 1962 801 2015 quaestoriaeque
822 1969 896 1997 tuae
921 1959 1200 2012 procurationis
1222 1959 1287 1996 illa
1307 1958 1394 1997 sunt
1414 1959 1585 2003 nomina,
1604 1972 1689 2011 quae
1710 1957 1924 1996 Dolabella>

516 2028 719 2067 neceffario
741 2026 827 2064 sunt
848 2025 1040 2064 aestimata.
1074 2026 1137 2063 Ex
1164 2038 1348 2063 Ll'rlssus
1374 2038 1651 2063 AEST1MA'rls
1675 2025 1922 2063 DOLABEL-

519 2108 587 2133 LAE
614 2106 765 2132 PRAET.
799 2093 843 2130 P.
867 2093 918 2129 R.
945 2104 1154 2130 PECUNlAE
1181 2103 1432 2130 REDAcTAE.

571 2160 691 2213 Qod
723 2159 852 2197 minus
872 2158 1076 2196 Dolabella
1095 2159 1206 2196 Verri
1238 2166 1441 2211 acceptum
1473 2157 1616 2202 retulit,
1649 2170 1766 2210 quam
1784 2156 1922 2195 Verres

514 2227 575 2266 illi
595 2225 804 2279 expensum
827 2224 971 2269 tulerit,
1004 2225 1095 2262 H-S
1131 2225 1343 2277 quingenta
1377 2225 1540 2276 trigenta
1566 2224 1741 2275 quinque
1767 2221 1919 2259 millia:

515 2304 553 2332 et
573 2293 677 2346 quod
697 2292 783 2346 plus
804 2290 897 2329 fecit
919 2291 1122 2329 Dolabella
1145 2292 1303 2329 Verrem
1322 2290 1517 2344 accepiffe,
1549 2302 1666 2341 quam
1686 2288 1753 2326 iste
1783 2287 1824 2325 in
1845 2287 1920 2326 suis

515 2360 656 2398 tabulis
678 2358 827 2403 habuit,
859 2358 951 2396 H-S
973 2358 1138 2395 ducenta
1159 2357 1323 2409 trigenta
1353 2357 1431 2395 duo
1451 2355 1600 2394 millia:
1631 2363 1670 2393 et
1699 2353 1804 2407 quod
1830 2354 1918 2407 plus

514 2426 701 2464 frumenti
733 2424 826 2463 fecit
860 2424 1056 2478 accepisse,
1088 2437 1207 2475 quam
1244 2432 1285 2461 tu
1311 2422 1433 2461 homo
1453 2421 1675 2461 castissimus
1707 2422 1747 2459 in
1778 2421 1920 2459 tabulis

515 2491 694 2537 habebas,
727 2493 818 2529 H-S
851 2491 974 2530 decies
1009 2500 1046 2529 et
1077 2491 1296 2543 octingenta
1326 2489 1462 2528 millia.
1506 2490 1615 2528 Hinc
1646 2488 1722 2527 illae
1748 2495 1919 2527 extraor-

515 2559 667 2598 dinariae
700 2559 885 2611 pecuniae,
917 2572 1009 2612 quas
1046 2557 1154 2596 nullo
1186 2557 1296 2604 duce,
1333 2566 1464 2597 tamen
1492 2556 1621 2609 aliqua
1653 2568 1700 2595 ex
1731 2554 1919 2608 particula
