2201 2792
563 118 910 159 ACTIONIS
951 117 1006 157 ΙΙ.
1064 117 1277 158 LIBER
1307 120 1381 160 III.
1590 135 1671 179 277

262 219 470 274 praesertim
486 232 580 257 cum
605 218 646 257 id
666 231 745 257 non
766 217 891 256 solum
912 217 989 256 fine
1015 218 1185 263 avaritia,
1215 217 1276 256 sed
1302 219 1419 258 etiam
1441 219 1516 258 fine
1535 220 1669 275 impu-

262 286 405 332 dentia,
425 286 598 338 accipere
617 285 802 339 potuerit.
824 284 994 330 Multos,
1011 284 1155 322 necesse
1175 285 1242 323 est.
1263 287 1320 323 At
1336 299 1407 338 ego
1426 301 1560 325 omnes
1581 289 1670 328 dico

262 354 365 406 plus,
387 367 429 392 ac
449 353 576 391 multo
595 353 698 405 plus,
710 365 839 405 -quam
856 352 1052 397 decumas,
1069 351 1272 390 abstuliffe.
1303 352 1411 392 Cedo
1427 352 1528 391 mihi
1543 368 1669 395 unum

261 432 308 458 ex
328 420 494 458 triennio
513 429 686 472 praeturae
707 428 796 463 tuae,
829 419 898 471 qui
919 419 1068 472 octupli
1098 419 1301 457 damnatus
1323 419 1381 458 fit.
1419 421 1635 460 Damnatus
1655 422 1668 459 ?

260 485 388 525 immo
406 499 496 524 vero
515 486 557 523 in
577 499 694 538 quem
719 485 915 538 judicium
936 499 984 524 ex
1003 485 1128 523 edicto
1148 494 1216 523 tuo
1235 485 1471 538 postulatum
1490 486 1549 525 fit.
1581 488 1669 526 Ne-

260 564 329 589 mo
348 560 425 590 erat
446 550 624 590 videlicet
642 560 848 597 aratorum,
865 551 934 604 qui
949 551 1132 603 injuriam
1154 551 1222 589 fibi
1238 550 1378 589 factam
1399 552 1508 604 queri
1528 552 1666 605 poffet:

260 630 378 656 nemo
398 617 715 662 decumanorum,
748 618 817 670 qui
847 631 966 670 grano
997 617 1165 670 amplius
1185 617 1268 662 fibi,
1304 632 1421 669 quam
1453 618 1667 665 deberetur,

260 683 390 722 deberi
409 684 593 737 professus
613 683 714 723 effet.
748 685 880 722 Immo
898 697 987 723 vero
1007 693 1154 729 contra,
1177 684 1361 737 rapiebat,
1383 694 1420 723 et
1439 685 1667 738 asportabat,

259 759 451 803 quantum
485 766 505 790 a
540 765 696 804 quoque
729 751 896 797 volebat,
931 752 1155 805 Apronius:
1194 753 1377 790 omnibus
1407 762 1538 791 autem
1572 753 1667 792 locis

259 826 419 857 aratores
439 818 605 871 spoliati,
633 832 675 857 ac
695 819 821 857 vexati
842 819 1100 871 querebantur
1117 834 1126 858 ε
1161 832 1285 871 neque
1305 828 1434 857 tamen
1456 819 1582 858 ullum
1596 821 1666 872 ju-

259 883 409 922 dicium
425 885 642 937 reperietur.

316 950 426 1002 Qid
445 950 498 988 est
517 949 592 988 hoc
613 951 625 987 ?
658 959 716 989 tot
735 951 807 989 viri
827 950 960 996 fortes,
992 950 1156 996 honesti,
1177 951 1341 1004 gratiosi,
1373 960 1431 989 tot
1452 951 1585 997 Siculi,
1608 961 1667 991 tot

259 1016 408 1067 equites
429 1017 599 1054 Romani
630 1017 677 1055 ab
698 1030 775 1055 uno
796 1016 956 1056 homine
976 1018 1221 1069 nequiffimo,
1254 1032 1296 1056 ac
1328 1017 1546 1071 turpiffimo
1575 1018 1664 1064 laefi,

258 1096 414 1135 poenam
436 1084 584 1136 octupli
615 1084 690 1121 fine
712 1084 789 1121 ulla
809 1084 1050 1122 dubitatione
1069 1084 1325 1130 commissam,
1358 1098 1435 1122 non
1461 1085 1665 1138 perseque-

259 1149 425 1187 bantur?
457 1151 556 1201 Qae
586 1150 723 1188 causa?
754 1164 839 1203 quse
873 1151 968 1188 ratio
999 1151 1079 1188 est?
1112 1152 1200 1188 Una
1231 1151 1310 1196 illa,
1338 1151 1509 1202 Judices,
1545 1165 1665 1204 quam

258 1214 395 1252 videtis
416 1229 425 1252 ε
457 1215 561 1266 quod
584 1216 686 1253 ultro
706 1216 822 1253 etiam
844 1216 972 1254 illusos
993 1216 1042 1259 se,
1075 1225 1113 1253 et
1138 1216 1262 1254 irrisos
1293 1217 1339 1254 ab
1355 1217 1505 1268 judicio
1525 1216 1663 1256 disces-

257 1279 360 1318 suros
380 1280 574 1319 videbant.
607 1282 766 1320 Etenim
788 1282 894 1334 quod
913 1281 1003 1319 effet
1016 1283 1229 1333 judicium,
1266 1297 1358 1320 cum
1379 1296 1399 1320 e
1418 1283 1546 1321 Verris
1579 1292 1663 1322 tur—

254 1347 424 1400 piffimo,
447 1347 809 1401 flagitiosiflimoque
839 1349 1027 1387 comitatu
1059 1358 1133 1387 tres
1164 1359 1474 1402 recuperatorum
1505 1350 1666 1389 nomine

256 1412 477 1459 affediffent,
498 1414 639 1453 affeclae
658 1415 778 1461 istius,
814 1429 892 1453 non
912 1429 932 1453 a
951 1425 1056 1469 patre
1076 1416 1109 1454 ei
1131 1416 1271 1461 traditi,
1294 1416 1355 1454 sed
1382 1431 1401 1454 a
1421 1416 1664 1454 meretricula

255 1480 518 1518 commendati
537 1480 549 1516 ?

310 1547 455 1599 Ageret
475 1547 654 1585 videlicet
675 1548 825 1586 causam
846 1557 993 1586 arator:
1027 1546 1125 1586 nihil
1156 1548 1223 1586 fibi
1244 1548 1432 1587 frumenti
1463 1549 1510 1587 ab
1531 1551 1662 1602 Apro-

257 1613 323 1650 nio
343 1612 534 1657 relid‘tum,
558 1614 659 1651 bona
679 1614 741 1651 sua
761 1614 878 1652 etiam
899 1615 1072 1666 direpta3
1106 1614 1141 1651 se
1160 1615 1369 1667 pulsatum,
1396 1615 1661 1654 verberatum-

257 1691 333 1729 que
353 1678 509 1716 diceret.
556 1678 787 1717 Conferrent
818 1680 887 1716 viri
920 1680 1012 1717 boni
1043 1679 1196 1732 capita:
1229 1680 1275 1718 de
1305 1681 1567 1719 comiffatione
1599 1682 1660 1719 lo-

257 1753 465 1794 querentur
486 1744 584 1782 inter
604 1745 652 1789 se,
685 1758 726 1782 ac
748 1745 794 1782 de
815 1745 1068 1790 mulierculis,
1094 1745 1120 1783 fi
1141 1759 1234 1798 quas
1255 1759 1275 1783 a
1297 1747 1458 1784 Praetore
1479 1747 1661 1784 abeuntes

255 1809 401 1862 poffent
435 1809 727 1863 deprehendere.
761 1812 837 1849 Res
870 1812 930 1863 agi
962 1812 1164 1850 videretur.
1197 1813 1416 1851 Surrexiffet
1445 1813 1659 1865 Apronius,

255 1887 354 1913 nova
386 1875 548 1928 dignitas
570 1876 781 1928 publicani,
815 1891 906 1922 non,
944 1886 986 1914 ut
1006 1877 1257 1923 decumanus,
1290 1878 1472 1930 squaloris
1506 1879 1658 1930 plenus,

255 1954 298 1978 ac
329 1941 525 1994 pulveris;
558 1942 619 1980 sed
641 1944 847 1995 unguentis
879 1943 1038 1988 oblitus,
1061 1944 1165 1989 vino,
1200 1944 1418 1997 vigiliisque
1439 1945 1658 1997 languidus.

257 2008 404 2045 Omnia
424 2009 551 2060 primo
572 2019 696 2054 motu,
711 2024 753 2048 ac
774 2011 908 2063 spiritu
925 2011 1005 2056 suo,
1020 2011 1113 2055 vini,
1133 2012 1335 2064 unguenti,
1358 2012 1526 2063 corporis
1543 2012 1659 2049 odore

255 2073 490 2125 complefl'et.
524 2074 690 2113 Dixiffet
720 2074 815 2120 hac,
838 2090 922 2127 qua:
943 2076 1060 2128 vulgo
1091 2076 1214 2114 dicere
1235 2076 1390 2122 solebat,
1422 2091 1499 2115 non
1521 2077 1556 2115 se
1590 2078 1658 2114 de-

253 2153 386 2177 cumas
418 2139 561 2185 emifl‘e,
593 2141 653 2178 sed
686 2141 799 2187 bona,
832 2142 1079 2195 fortunufi1ue
1111 2151 1328 2188 aratorum5
1362 2158 1439 2181 non
1471 2144 1506 2180 se
1537 2144 1656 2181 decu-

254 2218 416 2243 manum
437 2206 507 2243 esse
529 2208 764 2258 Apronium,
792 2208 853 2245 sed
873 2209 1032 2246 Verrem
1053 2209 1232 2254 alterum,
1255 2210 1460 2248 dominum
1482 2210 1654 2253 illorum,

253 2285 296 2309 ac
318 2282 538 2323 tyrannum.
562 2274 660 2324 Qu:
678 2288 769 2311 cum
790 2274 954 2320 dixiffet,
973 2276 1030 2313 illi
1052 2276 1122 2313 viri
1143 2277 1298 2329 optimi,
1315 2277 1360 2313 de
1377 2275 1534 2313 cohorte
1551 2276 1654 2313 istius

255 2348 547 2391 recuperatores,
572 2353 647 2377 non
670 2340 715 2377 de
734 2340 961 2378 absolvendo
982 2342 1157 2394 Apronio
1180 2342 1444 2384 deliberarent,
1467 2340 1526 2377 sed
1548 2354 1654 2391 quas-

254 2413 393 2450 retent,
425 2418 548 2457 ecquo
578 2407 694 2445 modo
715 2407 921 2459 petitorem
952 2407 1078 2460 ipsum
1099 2407 1274 2461 Apronio
1293 2406 1547 2445 condemnare
1566 2405 1654 2458 pos-

255 2467 348 2509 sent.
