2201 2792
577 184 922 224 ACTIONIS
966 185 1017 223 11.
1079 186 1279 224 LIBER
1310 187 1381 225 Ν.
1593 190 1668 242 337

277 284 497 330 mandafl'et,
519 285 763 338 populusque
783 286 983 324 Romanus
998 284 1157 337 juffiffet
1174 304 1185 330 3
1218 286 1270 323 ita
1289 285 1489 330 continuo,
1518 285 1670 338 signum

277 360 321 388 ut
341 352 631 397 demolirentur,
662 362 700 390 et
721 351 933 390 Messanam
955 352 1210 404 deportarent,
1233 352 1448 404 imperavit.

333 418 453 469 Qod
473 418 678 462 cumillis,
707 419 776 470 qui
796 418 962 462 aderant,
993 418 1229 471 indignum3
1261 419 1330 470 qui
1357 417 1576 461 audiebant,
1608 416 1671 453 in-

276 483 462 522 credibile
482 485 672 522 videretur
687 504 699 530 5
722 498 800 522 non
820 485 871 523 est
891 485 938 522 ab
958 484 1042 529 isto,
1063 485 1192 537 primo
1210 484 1280 522 illo
1299 485 1478 528 adventu,
1500 483 1672 536 perseve-

277 557 419 587 ratum.
443 549 651 588 Discedens
673 550 828 588 mandat
847 563 1034 602 proagoro
1052 551 1223 601 Sopatro,
1241 550 1350 601 cujus
1370 549 1484 587 verba
1503 547 1672 591 audistis,

229 632 239 637 ⁸
278 623 323 653 ut
335 615 577 654 demoliatur.
611 618 716 654 Cum
738 616 934 660 recusaret,
952 615 1200 653 vehementer
1219 616 1416 653 minatur:
1448 616 1502 652 ita
1521 624 1607 652 tum
1628 627 1674 651 ex

278 680 348 720 illo
367 682 511 734 oppido
530 681 799 734 proficiscitur.
831 682 1045 734 Proagorus
1065 680 1180 719 refert
1200 695 1281 719 rem
1303 681 1348 719 ad
1372 681 1547 719 senatum
1566 695 1574 718 ;
1607 693 1675 716 ve-

277 746 479 786 hementer
498 747 670 800 undique
691 748 931 786 reclamatur.
964 748 1029 786 Ne
1049 748 1174 786 multa
1195 763 1205 786 2
1227 749 1371 786 iterum
1391 748 1458 786 iste
1478 748 1677 799 aliquanto

278 813 362 867 post
381 813 427 852 ad
450 814 538 852 illos
569 814 675 852 venit
692 832 703 858 ;
736 815 872 868 quaerit
902 815 1090 853 continuo
1120 815 1166 852 de
1196 814 1315 866 signo.
1349 813 1615 866 Respondetur
1641 812 1677 850 ei

278 880 452 918 senatum
472 894 549 919 non
569 882 815 934 permittere:
848 895 1004 934 poenam
1036 881 1173 934 capitis
1193 881 1456 925 constitutam,
1490 881 1516 918 s1
1536 878 1677 931 injussu

282 946 428 985 senatus
449 947 652 999 quisquam
673 947 851 999 attigisset
869 962 877 985 ε
901 947 1013 985 simul
1035 948 1168 1000 religio
1190 955 1531 985 commemoratur.
1566 947 1677 983 Tum

283 1012 361 1058 iste,
385 1013 516 1064 Qam
537 1011 637 1050 mihi
659 1013 885 1065 religionem
908 1014 1060 1050 narras?
1084 1026 1201 1065 quam
1221 1026 1377 1065 poenam
1395 1013 1408 1050 ?
1431 1025 1549 1064 quem
1569 1010 1677 1049 sena—

282 1088 367 1117 tum
387 1080 399 1116 ?
423 1080 553 1116 vivum
575 1087 611 1116 te
632 1091 710 1115 non
731 1078 948 1130 relinquam
971 1093 979 1116 :
1003 1080 1165 1116 moriere
1185 1079 1316 1131 virgis,
1337 1078 1406 1116 nisi
1426 1079 1579 1130 signum
1600 1086 1676 1114 tra-

282 1145 398 1183 ditur.
428 1145 584 1198 Sopater
603 1144 745 1182 iterum
764 1144 856 1182 flens
877 1144 923 1182 ad
945 1144 1118 1183 senatum
1139 1143 1261 1182 defert
1280 1145 1386 1182 istius
1408 1143 1677 1196 cupiditatem,

281 1211 478 1263 minasque
505 1210 749 1249 demonstrat.
783 1213 940 1248 Senatus
972 1213 1130 1264 Sopatro
1161 1210 1381 1263 responsum
1413 1210 1567 1247 nullum
1599 1209 1676 1253 dat.

282 1278 345 1316 sed
363 1286 600 1321 commotu8‚
634 1277 952 1329 perturbatusque
983 1277 1156 1314 discedit.
1190 1276 1260 1314 Ille
1287 1276 1462 1314 Praetoris
1489 1275 1678 1313 arcessitus

283 1344 436 1390 nuntio,
458 1357 540 1381 rem
561 1342 792 1380 demonstrat
810 1361 821 1387 ς
854 1352 966 1395 negat
986 1342 1068 1380 ullo
1085 1342 1202 1380 modo
1223 1341 1304 1379 fieri
1324 1342 1439 1394 poffe.

334 1411 428 1449 XL.
460 1411 593 1462 Atque
611 1408 693 1447 haec
727 1407 846 1461 (nihil
877 1409 983 1446 enim
1004 1408 1378 1461 praetermittendum
1398 1407 1443 1445 de
1474 1406 1580 1445 istius
1600 1406 1678 1444 im-

281 1476 466 1530 pudentia
495 1475 661 1526 videtur)
695 1475 903 1528 agebantur
924 1475 963 1512 in
984 1484 1176 1513 conventu
1197 1474 1337 1527 palam,
1369 1474 1415 1511 de
1434 1473 1536 1518 sella,
1561 1487 1603 1511 ac
1633 1473 1680 1510 de

278 1543 367 1582 loco
387 1543 589 1596 superiore.
622 1543 715 1579 Erat
734 1540 861 1579 hiems
882 1541 1060 1585 summa,
1092 1540 1311 1593 tempestaS,
1345 1550 1388 1578 ut
1408 1539 1534 1592 ipsum
1557 1540 1675 1592 Sopa-

283 1618 391 1647 trum
411 1610 537 1647 dicere
558 1608 725 1652 audistis,
747 1607 980 1660 perfrigida,
1014 1607 1138 1645 imber
1159 1607 1376 1651 maximus,
1400 1620 1490 1644 cum
1513 1606 1580 1643 iste
1600 1607 1680 1644 im-

281 1684 387 1728 perat
407 1673 641 1717 Lictoribus,
675 1682 718 1710 ut
738 1674 940 1725 Sopatrum
962 1673 1007 1710 de
1027 1673 1193 1724 porticu,
1222 1673 1262 1709 in
1294 1685 1370 1723 qua
1401 1672 1478 1724 ipse
1512 1671 1678 1716 sedebat,

283 1741 521 1794 praecipitem
542 1740 581 1777 in
598 1738 729 1778 forum
750 1739 944 1791 dejiciant,
976 1739 1203 1790 nudumque
1224 1738 1470 1776 constituant.
1504 1737 1583 1775 Vix
1603 1745 1681 1775 erat

282 1806 359 1846 hoc
378 1807 490 1860 plane
510 1806 627 1844 etiam
648 1806 895 1858 imperatum,
928 1819 1019 1843 cum
1039 1805 1154 1843 illum
1175 1804 1396 1857 spoliatum,
1418 1804 1682 1856 stipatumque

281 1873 503 1912 Listoribus
525 1872 683 1910 videres.
717 1873 867 1910 Omnes
884 1871 971 1909 ideo
991 1872 1193 1924 putabant,
1216 1880 1259 1908 ut
1279 1870 1406 1915 miser,
1429 1880 1542 1922 atque
1563 1870 1679 1908 inno-

282 1953 371 1978 cens
392 1939 508 1992 virgis
529 1938 761 1978 caederetur:
795 1937 936 1976 fefellit
965 1936 1047 1976 haec
1073 1937 1252 1976 homines
1273 1937 1420 1990 opinio.
1455 1936 1583 1989 Virgis
1613 1936 1681 1975 iste

285 2005 443 2043 caederet
464 2005 540 2042 fine
560 2004 668 2042 causa
687 2003 835 2043 socium
856 2004 991 2057 populi
1014 2004 1200 2048 Romani,
1233 2012 1347 2055 atque
1367 2003 1538 2041 amicum
1557 2003 1569 2039 ?
1601 2016 1681 2041 non

284 2071 403 2124 usque
423 2084 467 2108 eo
487 2071 688 2123 improbus
708 2086 716 2108 :
749 2085 826 2109 non
846 2071 978 2108 omnia
998 2070 1084 2108 sunt
1104 2070 1144 2108 in
1165 2083 1209 2107 eo
1229 2083 1307 2108 uno
1327 2071 1419 2107 vitia
1436 2085 1444 2107 :
1478 2082 1680 2121 nunquam

283 2136 360 2176 fuit
379 2136 544 2174 crudelis
561 2151 568 2173 :
593 2136 729 2173 leniter
748 2135 967 2180 hominem,
985 2136 1271 2186 clementerque
1291 2135 1451 2187 accepit.
1478 2134 1680 2186 Equestres

285 2202 373 2241 sunt
395 2202 523 2240 medio
544 2201 583 2238 in
605 2200 688 2239 foro
702 2201 980 2239 Marcellorum
1001 2201 1141 2246 statuae,
1161 2201 1269 2238 ficuti
1289 2200 1368 2238 fere
1388 2201 1530 2238 caetcris
1553 2200 1591 2236 in
1608 2213 1679 2250 op·

286 2268 388 2321 pidis
410 2267 573 2306 Siciliae:
605 2281 652 2305 ex
674 2268 814 2319 quibus
835 2266 901 2304 iste
923 2268 970 2305 C.
994 2267 1174 2305 Marcelli
1193 2267 1353 2304 statuam
1376 2266 1541 2317 delegit;
1571 2266 1680 2315 cujus

287 2335 414 2372 officia
444 2335 483 2372 In
512 2334 577 2372 illa
597 2334 763 2379 civitate,
800 2343 955 2386 totaque
991 2334 1188 2386 provincia
1221 2332 1474 2370 recentiffima
1495 2340 1613 2373 crant,
1645 2338 1680 2366 ct

289 2401 471 2438 maxima.
506 2401 550 2438 ln
582 2414 621 2438 ea
654 2402 872 2453 Sopatrum,
908 2399 1111 2438 hominem
1133 2410 1218 2437 tum
1250 2398 1357 2435 domi
1377 2397 1563 2441 nobilem,
1595 2405 1680 2434 tum

289 2466 442 2504 summo
463 2466 681 2519 magistratu
703 2467 924 2519 praeditum,
947 2465 1159 2511 divaricari,
1181 2477 1223 2502 ac
1245 2463 1400 2515 deligari
1416 2464 1542 2514 jubet.

1198 2530 1230 2567 C
1252 2542 1272 2566 c
1293 2542 1313 2566 c
1346 2541 1365 2566 2
