2201 2792
538 131 613 185 313
962 132 1053 170 IN
1128 132 1510 172 VERREM

589 232 737 270 Verum
758 232 847 270 esto.
900 232 1106 271 Manifesta
1139 247 1196 272 res
1230 234 1296 279 est,
1327 248 1419 273 cum
1452 248 1567 273 nemo
1601 234 1701 280 effet,
1733 234 1828 287 quin
1860 233 1938 272 hoc

533 299 569 337 se
603 299 742 337 audiffe
776 299 927 351 liquido
962 300 1118 344 diceret,
1160 300 1479 352 locupletissimus
1513 301 1677 353 quisque
1710 300 1937 338 certissimus

534 366 637 404 testis
672 365 785 404 effet:
820 379 935 403 nemo
969 375 1047 403 erat
1082 366 1210 404 Sicilia
1243 375 1336 412 tota,
1367 367 1434 419 qui
1467 368 1626 405 nesciret
1661 367 1839 405 decumas
1867 365 1938 403 effe

534 432 709 470 Praetoris
727 450 737 476 5
770 445 901 476 nemo,
923 432 991 483 qui
1012 445 1090 469 non
1110 431 1266 469 audiffet
1286 433 1339 470 ita
1356 434 1576 484 Apronium
1597 433 1778 471 dictitaffe
1797 448 1807 471 ;
1838 445 1937 484 prae-
1982 476 1984 478 v

534 506 634 536 terea
663 506 874 536 conventus
906 495 1085 535 honestus
1120 498 1320 548 Syracufis,
1342 498 1460 536 multi
1492 499 1640 550 equites
1661 498 1845 542 Romani,
1867 497 1938 534 viri

533 565 720 617 primarii,
751 577 798 601 ex
829 577 904 615 qua
934 563 1044 615 copia
1075 573 1352 616 recuperatores
1374 564 1481 616 rejici
1513 573 1719 617 oporteret,
1740 564 1808 616 qui
1830 563 1940 600 aliter

526 632 698 682 judicare
719 630 827 668 nullo
849 630 966 667 modo
986 629 1145 682 poffent.
1184 631 1301 668 Instat
1331 631 1544 668 Scandilius
1567 630 1717 683 poscere
1738 642 1936 682 recupera-

532 706 644 734 tores.
677 698 787 733 Tum
819 695 885 732 iste
919 694 1041 732 homo
1071 695 1270 741 innocens,
1302 696 1369 748 qui
1395 696 1504 733 illam
1525 696 1780 749 suspicionem
1799 695 1935 739 levare,

532 773 646 815 atque
665 764 712 800 ab
733 762 768 800 se
799 774 992 799 removere
1014 772 1182 814 cuperet,
1213 772 1492 815 recuperatores
1513 763 1607 801 dicit
1638 763 1674 801 se
1705 763 1751 800 de
1778 760 1938 800 cohorte

531 830 594 867 sua
615 830 808 867 daturum.

586 896 674 933 LX.
708 896 782 933 Pro
814 895 944 932 Deum
980 894 1267 948 hominumque
1288 895 1432 934 fidem!
1466 910 1583 948 quem
1610 910 1680 948 ego
1700 894 1864 933 accuso?
1896 895 1936 932 in

477 986 479 988 -
529 975 608 1014 quo
640 975 766 999 meam
800 960 1023 998 industriam
1056 975 1098 998 ac
1132 961 1376 1013 diligentiam
1407 962 1563 1014 spectari
1594 962 1712 1000 volo?
1745 961 1839 1014 quid
1867 960 1934 1005 est,

529 1027 634 1080 quod
655 1041 726 1079 ego
747 1027 923 1071 dicendo,
955 1036 1020 1064 aut
1054 1027 1262 1079 cogitando
1295 1028 1459 1073 efficere,
1489 1037 1554 1066 aut
1579 1027 1719 1081 affequi
1740 1028 1899 1065 debeam
1921 1027 1933 1062 ?

529 1095 677 1138 Teneo,
702 1102 826 1137 teneo,
861 1093 1034 1144 inquam,
1068 1094 1107 1130 in
1140 1093 1276 1130 mediis
1306 1094 1556 1146 vectigalibus
1588 1094 1723 1146 populi
1749 1092 1933 1138 Romani,

529 1161 569 1198 in
602 1160 688 1212 ipsis
720 1159 909 1197 fructibus
932 1159 1138 1211 provincia}
1160 1159 1297 1197 Siciliae
1317 1159 1444 1197 furem
1467 1160 1668 1198 manifesto
1699 1168 1934 1197 avertentem

528 1240 611 1264 rem
632 1225 923 1263 frumentariam
943 1238 1116 1268 omnem,
1137 1225 1340 1276 pecuniam
1358 1226 1589 1263 maximam:
1614 1220 1931 1276 teneo,'inquam‚

529 1295 595 1338 ita,
618 1303 661 1331 ut
681 1306 818 1345 negare
838 1305 914 1329 non
935 1292 1060 1344 poffit.
1094 1292 1197 1330 Nam
1222 1292 1316 1343 quid
1337 1291 1401 1330 hic
1422 1293 1523 1330 dicet
1542 1293 1554 1329 ?
1587 1292 1743 1345 Sponfio
1764 1291 1861 1329 fasta
1880 1291 1934 1329 est

528 1373 621 1397 cum
642 1359 838 1411 cognitore
860 1367 926 1395 tuo
947 1357 1122 1410 Apronio
1143 1358 1189 1395 de
1209 1357 1375 1395 fortunis
1398 1359 1472 1396 tuis
1493 1359 1691 1402 omnibus,
1724 1358 1764 1395 ni
1784 1357 1932 1396 socium

528 1426 563 1464 se
583 1426 654 1464 tibi
675 1426 715 1463 in
736 1425 911 1463 decumis
931 1424 1001 1462 esse
1022 1425 1223 1462 dictitaret.
1256 1424 1488 1478 Exspeffitant
1508 1438 1656 1470 omnes,
1687 1434 1838 1477 quanta:
1859 1424 1932 1462 tibi

527 1506 569 1530 ea
590 1506 646 1530 res
668 1506 767 1530 curae
793 1492 850 1536 fit,
882 1491 1214 1544 quemadmodum
1236 1489 1446 1529 hominum
1467 1491 1739 1530 existimationi
1760 1501 1797 1529 te
1817 1500 1932 1543 atque

528 1559 790 1597 innocentiam
822 1567 928 1595 tuam
959 1558 1111 1611 probari
1142 1557 1250 1595 velis.
1282 1558 1363 1595 Hic
1385 1566 1426 1595 tu
1448 1558 1660 1602 medicum,
1692 1566 1730 1595 et
1754 1556 1930 1610 haruspi-

527 1639 626 1670 cem,
658 1634 695 1663 et
716 1638 931 1678 praeconem
962 1633 1090 1669 tuum,
1122 1633 1401 1676 recuperatores
1426 1624 1546 1669 dabis,
1577 1633 1641 1662 aut
1668 1624 1785 1662 etiam
1816 1623 1932 1661 illum

525 1691 667 1744 ipsum,
701 1704 819 1743 quem
842 1700 883 1727 tu
913 1691 953 1728 in
985 1689 1144 1728 cohorte
1165 1699 1230 1728 tua
1251 1690 1468 1728 Caffianum
1496 1690 1670 1742 judicem
1692 1689 1873 1734 habebas,
1905 1690 1931 1727 s1

527 1773 602 1810 qua
623 1773 678 1797 res
702 1760 824 1811 major
854 1757 956 1802 effet‚
992 1758 1188 1810 Papirium
1210 1759 1482 1803 Potamonem,
1513 1757 1716 1796 hominem
1743 1758 1928 1802 severum,

526 1839 573 1862 ex
593 1823 716 1862 vetere
737 1825 803 1862 illa
822 1824 983 1876 equestri
1005 1825 1205 1877 disciplina
1223 1825 1235 1860 ?
1259 1825 1470 1863 Scandilius
1486 1824 1674 1876 postulare
1694 1824 1739 1861 de
1760 1837 1929 1861 conven-

528 1900 570 1928 tu
591 1900 885 1942 recuperatoreS.
930 1891 1041 1927 Tum
1076 1889 1143 1926 iste
1176 1899 1288 1941 negat
1309 1890 1343 1927 se
1374 1890 1420 1927 de
1440 1889 1719 1927 existimatione
1751 1888 1813 1926 sua
1843 1889 1929 1926 cui-

526 1970 659 2008 quam,
693 1957 760 1994 nisi
794 1956 882 1999 suis,
914 1955 1223 1993 commissurum,
1257 1955 1523 2007 Negotiatores
1556 1964 1692 2008 putant
1712 1955 1781 1993 effe
1803 1965 1928 2007 turpe,

526 2023 565 2060 id
586 2022 714 2060 forum
737 2022 803 2060 s1bi
824 2022 1005 2073 iniquum
1027 2023 1185 2074 ejurare,
1218 2022 1285 2060 ubi
1306 2023 1573 2075 negotientur:
1608 2023 1750 2060 Praetor
1771 2023 1928 2074 provin-

526 2089 626 2127 ciam
649 2089 752 2126 suam
775 2097 894 2125 totam
919 2088 985 2125 fibi
1007 2089 1180 2140 iniquam
1202 2089 1336 2140 ejurat.

583 2156 620 2191 O
642 2153 924 2205 impudentiam
947 2153 1201 2205 singularem!
1235 2155 1316 2192 Hic
1347 2154 1511 2207 postulat
1542 2154 1576 2192 se
1603 2155 1740 2192 Romae
1771 2153 1926 2198 absolvi,

526 2220 593 2273 qui
627 2221 666 2257 in
698 2219 760 2257 sua
795 2220 990 2271 provincia
1018 2220 1207 2270 judicavit
1241 2220 1276 2257 se
1321 2220 1462 2258 absolvi
1496 2220 1604 2258 nullo
1640 2220 1758 2257 modo
1791 2219 1926 2271 pofi‘e?

526 2286 594 2337 qui
618 2286 702 2337 plus
723 2284 913 2322 existimet
948 2285 1049 2337 apud
1085 2285 1303 2323 leetiffimos
1339 2285 1522 2323 senatores
1559 2285 1777 2336 pecuniam,
1810 2298 1927 2335 quam

527 2352 626 2404 apud
656 2361 727 2389 tres
762 2351 1014 2403 negotiatores
1047 2360 1213 2395 metum,
1249 2350 1400 2388 valere?
1448 2350 1661 2388 Scandilius
1694 2363 1782 2387 vero
1816 2360 1929 2402 negat

527 2417 600 2456 sese
631 2418 732 2470 apud
753 2417 1044 2455 Artemidorum
1072 2426 1375 2469 recuperatorem
1405 2416 1566 2454 verbum
1601 2415 1671 2453 effe
1704 2415 1925 2461 facturum3

525 2492 714 2521 ettamen
750 2493 874 2536 auget,
906 2493 1021 2537 atque
1053 2491 1190 2522 onerat'
1217 2492 1252 2522 te
1287 2483 1396 2521 bonis
1417 2482 1719 2528 conditionibus,
1751 2482 1776 2521 s1
1799 2492 1839 2521 tu
1871 2482 1928 2520 uti
