<?xml version="1.0" encoding="UTF-8"?>
<!DOCTYPE html PUBLIC "-//W3C//DTD XHTML 1.0 Transitional//EN"
    "http://www.w3.org/TR/xhtml1/DTD/xhtml1-transitional.dtd">
<html xmlns="http://www.w3.org/1999/xhtml" xml:lang="en" lang="en">
 <head>
  <title>
</title>
<meta http-equiv="Content-Type" content="text/html;charset=utf-8" />
  <meta name='ocr-system' content='tesseract 3.04.00' />
  <meta name='ocr-capabilities' content='ocr_page ocr_carea ocr_par ocr_line ocrx_word'/>
</head>
<body>
  <div class='ocr_page' id='page_1' title='image "./operacumindicibu04ciceuoft_0329.png"; bbox 0 0 2201 2792; ppageno 0'>
   <div class='ocr_carea' id='block_1_1' title="bbox 596 115 1695 170">
    <p class='ocr_par' dir='ltr' id='par_1_1' title="bbox 596 115 1695 170">
     <span class='ocr_line' id='line_1_1' title="bbox 596 115 1695 170; baseline -0.001 -12"><span class='ocrx_word' id='word_1_1' title='bbox 596 117 944 159; x_wconf 89' lang='lat' dir='ltr'>ACTIONIS</span> <span class='ocrx_word' id='word_1_2' title='bbox 985 115 1039 154; x_wconf 91' lang='grc' dir='ltr'>ΙΙ.</span> <span class='ocrx_word' id='word_1_3' title='bbox 1100 115 1310 154; x_wconf 88' lang='lat' dir='ltr'>LIBER</span> <span class='ocrx_word' id='word_1_4' title='bbox 1342 117 1415 155; x_wconf 89' lang='lat' dir='ltr'>III.</span> <span class='ocrx_word' id='word_1_5' title='bbox 1623 132 1695 170; x_wconf 83' lang='lat'>311</span> 
     </span>
    </p>
   </div>
   <div class='ocr_carea' id='block_1_2' title="bbox 274 212 1721 2536">
    <p class='ocr_par' dir='ltr' id='par_1_2' title="bbox 274 212 1718 1808">
     <span class='ocr_line' id='line_1_2' title="bbox 349 212 1703 271; baseline -0.006 -10"><span class='ocrx_word' id='word_1_6' title='bbox 349 222 421 261; x_wconf 93' lang='lat' dir='ltr'>LI.</span> <span class='ocrx_word' id='word_1_7' title='bbox 455 219 570 259; x_wconf 88' lang='lat' dir='ltr'><strong>Unde</strong></span> <span class='ocrx_word' id='word_1_8' title='bbox 590 232 680 271; x_wconf 82' lang='lat' dir='ltr'>ergo</span> <span class='ocrx_word' id='word_1_9' title='bbox 700 216 777 256; x_wconf 91' lang='lat' dir='ltr'>hoc</span> <span class='ocrx_word' id='word_1_10' title='bbox 810 215 978 268; x_wconf 86' lang='lat' dir='ltr'>intelligi</span> <span class='ocrx_word' id='word_1_11' title='bbox 1011 212 1164 268; x_wconf 91' lang='lat' dir='ltr'>potest?</span> <span class='ocrx_word' id='word_1_12' title='bbox 1197 227 1244 252; x_wconf 86' lang='lat' dir='ltr'>ex</span> <span class='ocrx_word' id='word_1_13' title='bbox 1276 212 1354 252; x_wconf 92' lang='lat' dir='ltr'>hoc</span> <span class='ocrx_word' id='word_1_14' title='bbox 1376 215 1561 260; x_wconf 84' lang='lat' dir='ltr'>maxime,</span> <span class='ocrx_word' id='word_1_15' title='bbox 1598 217 1703 267; x_wconf 86' lang='lat' dir='ltr'>quod</span> 
     </span>
     <span class='ocr_line' id='line_1_3' title="bbox 295 279 1704 341; baseline -0.006 -14"><span class='ocrx_word' id='word_1_16' title='bbox 295 302 381 341; x_wconf 87' lang='lat' dir='ltr'>ager</span> <span class='ocrx_word' id='word_1_17' title='bbox 401 288 634 326; x_wconf 88' lang='lat' dir='ltr'>decumanus</span> <span class='ocrx_word' id='word_1_18' title='bbox 656 283 862 338; x_wconf 81' lang='lat' dir='ltr'>provinciae</span> <span class='ocrx_word' id='word_1_19' title='bbox 894 281 1033 320; x_wconf 82' lang='lat' dir='ltr'>Siciliae</span> <span class='ocrx_word' id='word_1_20' title='bbox 1052 288 1208 334; x_wconf 89' lang='lat' dir='ltr'>propter</span> <span class='ocrx_word' id='word_1_21' title='bbox 1228 279 1333 318; x_wconf 87' lang='lat' dir='ltr'>istius</span> <span class='ocrx_word' id='word_1_22' title='bbox 1360 281 1556 319; x_wconf 87' lang='lat' dir='ltr'>avaritiam</span> <span class='ocrx_word' id='word_1_23' title='bbox 1577 282 1704 320; x_wconf 89' lang='lat' dir='ltr'>deser-</span> 
     </span>
     <span class='ocr_line' id='line_1_4' title="bbox 295 347 1704 405; baseline -0.006 -11"><span class='ocrx_word' id='word_1_24' title='bbox 295 364 357 395; x_wconf 87' lang='lat' dir='ltr'>tus</span> <span class='ocrx_word' id='word_1_25' title='bbox 377 354 442 392; x_wconf 89' lang='lat' dir='ltr'>est.</span> <span class='ocrx_word' id='word_1_26' title='bbox 475 354 617 405; x_wconf 86' lang='lat' dir='ltr'><strong>Neque</strong></span> <span class='ocrx_word' id='word_1_27' title='bbox 636 351 676 390; x_wconf 92' lang='lat' dir='ltr'>id</span> <span class='ocrx_word' id='word_1_28' title='bbox 697 350 822 389; x_wconf 86' lang='lat' dir='ltr'>solum</span> <span class='ocrx_word' id='word_1_29' title='bbox 842 349 999 394; x_wconf 90' lang='lat' dir='ltr'>accidit,</span> <span class='ocrx_word' id='word_1_30' title='bbox 1031 348 1089 386; x_wconf 91' lang='lat' dir='ltr'>uti</span> <span class='ocrx_word' id='word_1_31' title='bbox 1110 347 1241 385; x_wconf 84' lang='lat' dir='ltr'>minus</span> <span class='ocrx_word' id='word_1_32' title='bbox 1262 347 1398 385; x_wconf 88' lang='lat' dir='ltr'>multis</span> <span class='ocrx_word' id='word_1_33' title='bbox 1414 348 1522 399; x_wconf 86' lang='lat' dir='ltr'>jugis</span> <span class='ocrx_word' id='word_1_34' title='bbox 1543 358 1704 393; x_wconf 87' lang='lat' dir='ltr'>ararent,</span> 
     </span>
     <span class='ocr_line' id='line_1_5' title="bbox 295 413 1705 474; baseline -0.006 -14"><span class='ocrx_word' id='word_1_35' title='bbox 295 421 322 461; x_wconf 86' lang='lat' dir='ltr'>fi</span> <span class='ocrx_word' id='word_1_36' title='bbox 353 421 422 474; x_wconf 90' lang='lat' dir='ltr'>qui</span> <span class='ocrx_word' id='word_1_37' title='bbox 452 420 493 459; x_wconf 91' lang='lat' dir='ltr'>in</span> <span class='ocrx_word' id='word_1_38' title='bbox 527 420 625 472; x_wconf 84' lang='lat' dir='ltr'>agris</span> <span class='ocrx_word' id='word_1_39' title='bbox 646 417 923 462; x_wconf 87' lang='lat' dir='ltr'>remanserunt,</span> <span class='ocrx_word' id='word_1_40' title='bbox 954 415 1017 454; x_wconf 91' lang='lat' dir='ltr'>sed</span> <span class='ocrx_word' id='word_1_41' title='bbox 1050 415 1182 459; x_wconf 85' lang='lat' dir='ltr'>etiam,</span> <span class='ocrx_word' id='word_1_42' title='bbox 1216 424 1258 451; x_wconf 91' lang='lat' dir='ltr'>ut</span> <span class='ocrx_word' id='word_1_43' title='bbox 1287 414 1471 466; x_wconf 87' lang='lat' dir='ltr'>permulti</span> <span class='ocrx_word' id='word_1_44' title='bbox 1492 413 1705 466; x_wconf 81' lang='lat' dir='ltr'>locupletes</span> 
     </span>
     <span class='ocr_line' id='line_1_6' title="bbox 295 479 1706 538; baseline -0.007 -11"><span class='ocrx_word' id='word_1_45' title='bbox 295 488 490 533; x_wconf 90' lang='lat' dir='ltr'>homines,</span> <span class='ocrx_word' id='word_1_46' title='bbox 532 486 666 538; x_wconf 86' lang='lat' dir='ltr'>magni</span> <span class='ocrx_word' id='word_1_47' title='bbox 699 493 737 522; x_wconf 91' lang='lat' dir='ltr'>et</span> <span class='ocrx_word' id='word_1_48' title='bbox 765 483 854 522; x_wconf 88' lang='lat' dir='ltr'>navi</span> <span class='ocrx_word' id='word_1_49' title='bbox 883 493 1060 527; x_wconf 86' lang='lat' dir='ltr'>aratores,</span> <span class='ocrx_word' id='word_1_50' title='bbox 1095 494 1204 534; x_wconf 86' lang='lat' dir='ltr'>agros</span> <span class='ocrx_word' id='word_1_51' title='bbox 1241 480 1347 518; x_wconf 83' lang='lat' dir='ltr'>laetos</span> <span class='ocrx_word' id='word_1_52' title='bbox 1378 494 1420 519; x_wconf 92' lang='lat' dir='ltr'>ac</span> <span class='ocrx_word' id='word_1_53' title='bbox 1459 479 1604 519; x_wconf 84' lang='lat' dir='ltr'>fertiles</span> <span class='ocrx_word' id='word_1_54' title='bbox 1638 481 1706 518; x_wconf 88' lang='lat' dir='ltr'>de-</span> 
     </span>
     <span class='ocr_line' id='line_1_7' title="bbox 296 545 1707 604; baseline -0.008 -10"><span class='ocrx_word' id='word_1_55' title='bbox 296 555 472 599; x_wconf 86' lang='lat' dir='ltr'>sererent,</span> <span class='ocrx_word' id='word_1_56' title='bbox 504 552 677 604; x_wconf 87' lang='lat' dir='ltr'>totasque</span> <span class='ocrx_word' id='word_1_57' title='bbox 703 551 887 589; x_wconf 88' lang='lat' dir='ltr'>arationes</span> <span class='ocrx_word' id='word_1_58' title='bbox 923 549 1246 600; x_wconf 87' lang='lat' dir='ltr'>derelinquerent.</span> <span class='ocrx_word' id='word_1_59' title='bbox 1281 547 1325 585; x_wconf 93' lang='lat' dir='ltr'>Id</span> <span class='ocrx_word' id='word_1_60' title='bbox 1352 547 1445 585; x_wconf 90' lang='lat' dir='ltr'>adeo</span> <span class='ocrx_word' id='word_1_61' title='bbox 1476 546 1563 585; x_wconf 90' lang='lat' dir='ltr'>sciri</span> <span class='ocrx_word' id='word_1_62' title='bbox 1593 545 1707 585; x_wconf 88' lang='lat' dir='ltr'>facil-</span> 
     </span>
     <span class='ocr_line' id='line_1_8' title="bbox 296 613 1709 674; baseline -0.008 -13"><span class='ocrx_word' id='word_1_63' title='bbox 296 622 392 660; x_wconf 86' lang='lat' dir='ltr'>lime</span> <span class='ocrx_word' id='word_1_64' title='bbox 421 620 544 674; x_wconf 88' lang='lat' dir='ltr'>potest</span> <span class='ocrx_word' id='word_1_65' title='bbox 574 633 621 657; x_wconf 82' lang='lat' dir='ltr'>ex</span> <span class='ocrx_word' id='word_1_66' title='bbox 652 618 772 656; x_wconf 87' lang='lat' dir='ltr'>literis</span> <span class='ocrx_word' id='word_1_67' title='bbox 802 616 972 670; x_wconf 86' lang='lat' dir='ltr'>publicis</span> <span class='ocrx_word' id='word_1_68' title='bbox 1003 616 1224 659; x_wconf 90' lang='lat' dir='ltr'>civitatum,</span> <span class='ocrx_word' id='word_1_69' title='bbox 1265 624 1462 667; x_wconf 88' lang='lat' dir='ltr'>propterea</span> <span class='ocrx_word' id='word_1_70' title='bbox 1492 613 1596 666; x_wconf 90' lang='lat' dir='ltr'>quod</span> <span class='ocrx_word' id='word_1_71' title='bbox 1623 613 1709 666; x_wconf 83' lang='lat' dir='ltr'>lege</span> 
     </span>
     <span class='ocr_line' id='line_1_9' title="bbox 296 680 1709 736; baseline -0.007 -9"><span class='ocrx_word' id='word_1_72' title='bbox 296 689 509 736; x_wconf 86' lang='lat' dir='ltr'>Hieronica</span> <span class='ocrx_word' id='word_1_73' title='bbox 542 699 726 724; x_wconf 88' lang='lat' dir='ltr'>numerus</span> <span class='ocrx_word' id='word_1_74' title='bbox 756 694 950 722; x_wconf 88' lang='lat' dir='ltr'>aratorum</span> <span class='ocrx_word' id='word_1_75' title='bbox 971 682 1178 736; x_wconf 83' lang='lat' dir='ltr'>quotannis</span> <span class='ocrx_word' id='word_1_76' title='bbox 1210 681 1311 734; x_wconf 90' lang='lat' dir='ltr'>apud</span> <span class='ocrx_word' id='word_1_77' title='bbox 1331 680 1573 734; x_wconf 86' lang='lat' dir='ltr'>magistratus</span> <span class='ocrx_word' id='word_1_78' title='bbox 1604 682 1709 734; x_wconf 84' lang='lat' dir='ltr'>pub—</span> 
     </span>
     <span class='ocr_line' id='line_1_10' title="bbox 297 749 1709 802; baseline -0.007 -7"><span class='ocrx_word' id='word_1_79' title='bbox 297 756 372 795; x_wconf 90' lang='lat' dir='ltr'>lice</span> <span class='ocrx_word' id='word_1_80' title='bbox 406 754 670 794; x_wconf 84' lang='lat' dir='ltr'>subscribitur.</span> <span class='ocrx_word' id='word_1_81' title='bbox 709 752 847 791; x_wconf 89' lang='lat' dir='ltr'>Recita</span> <span class='ocrx_word' id='word_1_82' title='bbox 881 750 1051 795; x_wconf 89' lang='lat' dir='ltr'>tandem,</span> <span class='ocrx_word' id='word_1_83' title='bbox 1089 759 1186 802; x_wconf 85' lang='lat' dir='ltr'>quot</span> <span class='ocrx_word' id='word_1_84' title='bbox 1216 749 1407 802; x_wconf 88' lang='lat' dir='ltr'>acceperit</span> <span class='ocrx_word' id='word_1_85' title='bbox 1437 758 1599 786; x_wconf 87' lang='lat' dir='ltr'>aratores</span> <span class='ocrx_word' id='word_1_86' title='bbox 1629 749 1709 800; x_wconf 86' lang='lat' dir='ltr'>agri</span> 
     </span>
     <span class='ocr_line' id='line_1_11' title="bbox 298 813 1710 866; baseline -0.007 -6"><span class='ocrx_word' id='word_1_87' title='bbox 298 821 486 860; x_wconf 89' lang='lat' dir='ltr'>Leontini</span> <span class='ocrx_word' id='word_1_88' title='bbox 506 820 658 858; x_wconf 84' lang='lat' dir='ltr'>Verres.</span> <span class='ocrx_word' id='word_1_89' title='bbox 692 818 983 856; x_wconf 88' lang='lat' dir='ltr'>OCTOGINTA</span> <span class='ocrx_word' id='word_1_90' title='bbox 1007 828 1139 854; x_wconf 82' lang='lat' dir='ltr'>TRES.</span> <span class='ocrx_word' id='word_1_91' title='bbox 1169 816 1279 866; x_wconf 83' lang='lat' dir='ltr'>Qot</span> <span class='ocrx_word' id='word_1_92' title='bbox 1299 828 1400 852; x_wconf 88' lang='lat' dir='ltr'>anno</span> <span class='ocrx_word' id='word_1_93' title='bbox 1419 814 1533 851; x_wconf 89' lang='lat' dir='ltr'>tertio</span> <span class='ocrx_word' id='word_1_94' title='bbox 1548 813 1710 866; x_wconf 88' lang='lat' dir='ltr'>profite-</span> 
     </span>
     <span class='ocr_line' id='line_1_12' title="bbox 297 881 1710 935; baseline -0.008 -7"><span class='ocrx_word' id='word_1_95' title='bbox 297 898 423 929; x_wconf 83' lang='lat' dir='ltr'>antur.</span> <span class='ocrx_word' id='word_1_96' title='bbox 455 889 709 926; x_wconf 76' lang='lat' dir='ltr'>TRIGINTA</span> <span class='ocrx_word' id='word_1_97' title='bbox 733 898 834 923; x_wconf 81' lang='lat' dir='ltr'>Duo.</span> <span class='ocrx_word' id='word_1_98' title='bbox 875 885 1015 922; x_wconf 88' lang='lat' dir='ltr'>Unum</span> <span class='ocrx_word' id='word_1_99' title='bbox 1035 892 1073 920; x_wconf 89' lang='lat' dir='ltr'>et</span> <span class='ocrx_word' id='word_1_100' title='bbox 1093 882 1377 935; x_wconf 87' lang='lat' dir='ltr'>quinquaginta</span> <span class='ocrx_word' id='word_1_101' title='bbox 1396 890 1558 918; x_wconf 87' lang='lat' dir='ltr'>aratores</span> <span class='ocrx_word' id='word_1_102' title='bbox 1577 881 1630 918; x_wconf 88' lang='lat' dir='ltr'>ita</span> <span class='ocrx_word' id='word_1_103' title='bbox 1650 881 1710 919; x_wconf 91' lang='lat' dir='ltr'>vi-</span> 
     </span>
     <span class='ocr_line' id='line_1_13' title="bbox 298 948 1709 1008; baseline -0.007 -14"><span class='ocrx_word' id='word_1_104' title='bbox 298 956 370 994; x_wconf 93' lang='lat' dir='ltr'>deo</span> <span class='ocrx_word' id='word_1_105' title='bbox 390 956 569 1008; x_wconf 66' lang='lat' dir='ltr'>dejedtos‚</span> <span class='ocrx_word' id='word_1_106' title='bbox 584 963 627 991; x_wconf 92' lang='lat' dir='ltr'>ut</span> <span class='ocrx_word' id='word_1_107' title='bbox 646 951 707 990; x_wconf 89' lang='lat' dir='ltr'>his</span> <span class='ocrx_word' id='word_1_108' title='bbox 729 965 776 989; x_wconf 92' lang='lat' dir='ltr'>ne</span> <span class='ocrx_word' id='word_1_109' title='bbox 798 951 928 989; x_wconf 88' lang='lat' dir='ltr'>vicarii</span> <span class='ocrx_word' id='word_1_110' title='bbox 948 950 1108 1002; x_wconf 89' lang='lat' dir='ltr'>quidem</span> <span class='ocrx_word' id='word_1_111' title='bbox 1124 948 1378 986; x_wconf 78' lang='lat' dir='ltr'>successerint.</span> <span class='ocrx_word' id='word_1_112' title='bbox 1403 948 1512 998; x_wconf 85' lang='lat' dir='ltr'>Qot</span> <span class='ocrx_word' id='word_1_113' title='bbox 1531 957 1709 992; x_wconf 84' lang='lat' dir='ltr'>aratores,</span> 
     </span>
     <span class='ocr_line' id='line_1_14' title="bbox 299 1014 1710 1070; baseline -0.009 -8"><span class='ocrx_word' id='word_1_114' title='bbox 299 1023 525 1062; x_wconf 89' lang='lat' dir='ltr'>adveniente</span> <span class='ocrx_word' id='word_1_115' title='bbox 546 1030 597 1065; x_wconf 90' lang='lat' dir='ltr'>te,</span> <span class='ocrx_word' id='word_1_116' title='bbox 613 1019 772 1057; x_wconf 88' lang='lat' dir='ltr'>fuerunt</span> <span class='ocrx_word' id='word_1_117' title='bbox 791 1017 872 1070; x_wconf 87' lang='lat' dir='ltr'>agri</span> <span class='ocrx_word' id='word_1_118' title='bbox 892 1016 1133 1068; x_wconf 84' lang='lat' dir='ltr'>Mutycensis</span> <span class='ocrx_word' id='word_1_119' title='bbox 1150 1015 1162 1052; x_wconf 91' lang='lat'>?</span> <span class='ocrx_word' id='word_1_120' title='bbox 1184 1015 1382 1053; x_wconf 83' lang='lat' dir='ltr'>videamus</span> <span class='ocrx_word' id='word_1_121' title='bbox 1397 1028 1443 1052; x_wconf 82' lang='lat' dir='ltr'>ex</span> <span class='ocrx_word' id='word_1_122' title='bbox 1463 1014 1583 1052; x_wconf 89' lang='lat' dir='ltr'>literis</span> <span class='ocrx_word' id='word_1_123' title='bbox 1606 1015 1710 1066; x_wconf 93' lang='lat' dir='ltr'>pub-</span> 
     </span>
     <span class='ocr_line' id='line_1_15' title="bbox 299 1080 1711 1132; baseline -0.008 -4"><span class='ocrx_word' id='word_1_124' title='bbox 299 1090 399 1128; x_wconf 85' lang='lat' dir='ltr'>licis.</span> <span class='ocrx_word' id='word_1_125' title='bbox 432 1089 638 1126; x_wconf 79' lang='lat' dir='ltr'><strong>CENTUM</strong></span> <span class='ocrx_word' id='word_1_126' title='bbox 660 1095 933 1123; x_wconf 78' lang='lat' dir='ltr'>OCTOGINTA</span> <span class='ocrx_word' id='word_1_127' title='bbox 956 1095 1084 1120; x_wconf 68' lang='lat' dir='ltr'>ocro.</span> <span class='ocrx_word' id='word_1_128' title='bbox 1122 1080 1259 1132; x_wconf 83' lang='lat' dir='ltr'>Qid?</span> <span class='ocrx_word' id='word_1_129' title='bbox 1293 1094 1393 1118; x_wconf 86' lang='lat' dir='ltr'>anno</span> <span class='ocrx_word' id='word_1_130' title='bbox 1415 1080 1556 1118; x_wconf 84' lang='lat' dir='ltr'>tertio?</span> <span class='ocrx_word' id='word_1_131' title='bbox 1591 1080 1711 1117; x_wconf 69' lang='lat' dir='ltr'>CEN-</span> 
     </span>
     <span class='ocr_line' id='line_1_16' title="bbox 303 1146 1711 1202; baseline -0.009 -7"><span class='ocrx_word' id='word_1_132' title='bbox 303 1168 409 1194; x_wconf 80' lang='lat' dir='ltr'>TUM</span> <span class='ocrx_word' id='word_1_133' title='bbox 435 1167 494 1193; x_wconf 86' lang='lat' dir='ltr'>ET</span> <span class='ocrx_word' id='word_1_134' title='bbox 521 1166 652 1192; x_wconf 82' lang='lat' dir='ltr'><strong>UNUS.</strong></span> <span class='ocrx_word' id='word_1_135' title='bbox 678 1150 890 1202; x_wconf 70' lang='lat' dir='ltr'>Octoginta</span> <span class='ocrx_word' id='word_1_136' title='bbox 909 1148 1055 1201; x_wconf 88' lang='lat' dir='ltr'>septem</span> <span class='ocrx_word' id='word_1_137' title='bbox 1075 1156 1235 1185; x_wconf 88' lang='lat' dir='ltr'>aratores</span> <span class='ocrx_word' id='word_1_138' title='bbox 1258 1161 1355 1185; x_wconf 87' lang='lat' dir='ltr'>unus</span> <span class='ocrx_word' id='word_1_139' title='bbox 1372 1161 1458 1199; x_wconf 85' lang='lat' dir='ltr'>ager</span> <span class='ocrx_word' id='word_1_140' title='bbox 1478 1146 1585 1184; x_wconf 84' lang='lat' dir='ltr'>istius</span> <span class='ocrx_word' id='word_1_141' title='bbox 1606 1147 1711 1198; x_wconf 81' lang='lat' dir='ltr'>inju-</span> 
     </span>
     <span class='ocr_line' id='line_1_17' title="bbox 303 1211 1714 1270; baseline -0.009 -9"><span class='ocrx_word' id='word_1_142' title='bbox 303 1222 359 1260; x_wconf 65' lang='lat' dir='ltr'>ria</span> <span class='ocrx_word' id='word_1_143' title='bbox 379 1221 583 1260; x_wconf 89' lang='lat' dir='ltr'>defiderat:</span> <span class='ocrx_word' id='word_1_144' title='bbox 616 1227 730 1270; x_wconf 89' lang='lat' dir='ltr'>atque</span> <span class='ocrx_word' id='word_1_145' title='bbox 750 1216 844 1254; x_wconf 86' lang='lat' dir='ltr'>adeo</span> <span class='ocrx_word' id='word_1_146' title='bbox 873 1215 997 1253; x_wconf 90' lang='lat' dir='ltr'>nostra</span> <span class='ocrx_word' id='word_1_147' title='bbox 1027 1213 1255 1267; x_wconf 86' lang='lat' dir='ltr'>respublica,</span> <span class='ocrx_word' id='word_1_148' title='bbox 1284 1214 1468 1266; x_wconf 86' lang='lat' dir='ltr'>quoniam</span> <span class='ocrx_word' id='word_1_149' title='bbox 1489 1213 1556 1250; x_wconf 91' lang='lat' dir='ltr'>illa</span> <span class='ocrx_word' id='word_1_150' title='bbox 1575 1211 1714 1265; x_wconf 87' lang='lat' dir='ltr'>populi</span> 
     </span>
     <span class='ocr_line' id='line_1_18' title="bbox 303 1279 1713 1337; baseline -0.009 -9"><span class='ocrx_word' id='word_1_151' title='bbox 303 1288 475 1328; x_wconf 87' lang='lat' dir='ltr'>Romani</span> <span class='ocrx_word' id='word_1_152' title='bbox 510 1284 710 1337; x_wconf 70' lang='lat' dir='ltr'>vectigalia</span> <span class='ocrx_word' id='word_1_153' title='bbox 740 1283 841 1328; x_wconf 92' lang='lat' dir='ltr'>sunt,</span> <span class='ocrx_word' id='word_1_154' title='bbox 890 1281 996 1320; x_wconf 88' lang='lat' dir='ltr'>hunc</span> <span class='ocrx_word' id='word_1_155' title='bbox 1030 1290 1086 1319; x_wconf 93' lang='lat' dir='ltr'>tot</span> <span class='ocrx_word' id='word_1_156' title='bbox 1120 1279 1467 1333; x_wconf 85' lang='lat' dir='ltr'>patrum—familias</span> <span class='ocrx_word' id='word_1_157' title='bbox 1502 1292 1713 1317; x_wconf 87' lang='lat' dir='ltr'>numerum</span> 
     </span>
     <span class='ocr_line' id='line_1_19' title="bbox 274 1345 1713 1412; baseline -0.009 -17"><span class='ocrx_word' id='word_1_158' title='bbox 274 1409 279 1412; x_wconf 88' lang='lat'>.</span> <span class='ocrx_word' id='word_1_159' title='bbox 303 1355 499 1400; x_wconf 71' lang='lat' dir='ltr'>desiderat,</span> <span class='ocrx_word' id='word_1_160' title='bbox 535 1362 571 1391; x_wconf 91' lang='lat' dir='ltr'>et</span> <span class='ocrx_word' id='word_1_161' title='bbox 592 1351 768 1405; x_wconf 87' lang='lat' dir='ltr'>reposcit.</span> <span class='ocrx_word' id='word_1_162' title='bbox 810 1351 917 1402; x_wconf 85' lang='lat' dir='ltr'>Ager</span> <span class='ocrx_word' id='word_1_163' title='bbox 936 1348 1176 1388; x_wconf 73' lang='lat' dir='ltr'>Herbitensis</span> <span class='ocrx_word' id='word_1_164' title='bbox 1198 1348 1325 1400; x_wconf 89' lang='lat' dir='ltr'>primo</span> <span class='ocrx_word' id='word_1_165' title='bbox 1354 1360 1453 1384; x_wconf 89' lang='lat' dir='ltr'>anno</span> <span class='ocrx_word' id='word_1_166' title='bbox 1474 1345 1611 1384; x_wconf 80' lang='lat' dir='ltr'>habuit</span> <span class='ocrx_word' id='word_1_167' title='bbox 1631 1359 1713 1383; x_wconf 89' lang='lat' dir='ltr'>ara-</span> 
     </span>
     <span class='ocr_line' id='line_1_20' title="bbox 298 1412 1715 1471; baseline -0.008 -10"><span class='ocrx_word' id='word_1_168' title='bbox 298 1433 403 1462; x_wconf 76' lang='lat' dir='ltr'>tores</span> <span class='ocrx_word' id='word_1_169' title='bbox 423 1422 610 1460; x_wconf 85' lang='lat' dir='ltr'>ducentos</span> <span class='ocrx_word' id='word_1_170' title='bbox 627 1417 909 1471; x_wconf 83' lang='lat' dir='ltr'>quinquaginta</span> <span class='ocrx_word' id='word_1_171' title='bbox 924 1415 1085 1469; x_wconf 88' lang='lat' dir='ltr'>septem,</span> <span class='ocrx_word' id='word_1_172' title='bbox 1109 1414 1221 1452; x_wconf 82' lang='lat' dir='ltr'>tertio</span> <span class='ocrx_word' id='word_1_173' title='bbox 1242 1424 1402 1452; x_wconf 89' lang='lat' dir='ltr'>centum</span> <span class='ocrx_word' id='word_1_174' title='bbox 1421 1412 1573 1465; x_wconf 86' lang='lat' dir='ltr'>viginti.</span> <span class='ocrx_word' id='word_1_175' title='bbox 1604 1413 1715 1450; x_wconf 87' lang='lat' dir='ltr'>Hinc</span> 
     </span>
     <span class='ocr_line' id='line_1_21' title="bbox 296 1478 1713 1539; baseline -0.008 -11"><span class='ocrx_word' id='word_1_176' title='bbox 296 1498 463 1529; x_wconf 64' lang='lat' dir='ltr'>⁴centum</span> <span class='ocrx_word' id='word_1_177' title='bbox 497 1487 656 1539; x_wconf 86' lang='lat' dir='ltr'>triginta</span> <span class='ocrx_word' id='word_1_178' title='bbox 687 1484 834 1537; x_wconf 88' lang='lat' dir='ltr'>septem</span> <span class='ocrx_word' id='word_1_179' title='bbox 879 1481 1197 1535; x_wconf 84' lang='lat' dir='ltr'>patres-familias</span> <span class='ocrx_word' id='word_1_180' title='bbox 1239 1490 1407 1518; x_wconf 86' lang='lat' dir='ltr'>extorres</span> <span class='ocrx_word' id='word_1_181' title='bbox 1442 1478 1713 1532; x_wconf 77' lang='lat' dir='ltr'>profugerunt,</span> 
     </span>
     <span class='ocr_line' id='line_1_22' title="bbox 302 1545 1715 1608; baseline -0.01 -13"><span class='ocrx_word' id='word_1_182' title='bbox 302 1555 553 1608; x_wconf 75' lang='lat' dir='ltr'>Agyrinensis</span> <span class='ocrx_word' id='word_1_183' title='bbox 573 1566 673 1605; x_wconf 85' lang='lat' dir='ltr'>ager,</span> <span class='ocrx_word' id='word_1_184' title='bbox 696 1563 864 1603; x_wconf 89' lang='lat' dir='ltr'>quorum</span> <span class='ocrx_word' id='word_1_185' title='bbox 883 1547 1118 1587; x_wconf 85' lang='lat' dir='ltr'>hominum!</span> <span class='ocrx_word' id='word_1_186' title='bbox 1152 1561 1269 1599; x_wconf 83' lang='lat' dir='ltr'>quam</span> <span class='ocrx_word' id='word_1_187' title='bbox 1290 1545 1561 1585; x_wconf 87' lang='lat' dir='ltr'>honestorum!</span> <span class='ocrx_word' id='word_1_188' title='bbox 1597 1558 1715 1597; x_wconf 85' lang='lat' dir='ltr'>quam</span> 
     </span>
     <span class='ocr_line' id='line_1_23' title="bbox 306 1613 1718 1674; baseline -0.009 -13"><span class='ocrx_word' id='word_1_189' title='bbox 306 1620 571 1674; x_wconf 88' lang='lat' dir='ltr'>locupletum!</span> <span class='ocrx_word' id='word_1_190' title='bbox 596 1620 781 1656; x_wconf 86' lang='lat' dir='ltr'>ducentos</span> <span class='ocrx_word' id='word_1_191' title='bbox 802 1616 1086 1668; x_wconf 87' lang='lat' dir='ltr'>quinquaginta</span> <span class='ocrx_word' id='word_1_192' title='bbox 1116 1624 1276 1651; x_wconf 86' lang='lat' dir='ltr'>aratores</span> <span class='ocrx_word' id='word_1_193' title='bbox 1308 1613 1447 1650; x_wconf 86' lang='lat' dir='ltr'>habuit</span> <span class='ocrx_word' id='word_1_194' title='bbox 1468 1614 1596 1665; x_wconf 92' lang='lat' dir='ltr'>primo</span> <span class='ocrx_word' id='word_1_195' title='bbox 1616 1624 1718 1648; x_wconf 87' lang='lat' dir='ltr'>anno</span> 
     </span>
     <span class='ocr_line' id='line_1_24' title="bbox 306 1678 1715 1743; baseline -0.009 -16"><span class='ocrx_word' id='word_1_196' title='bbox 306 1698 478 1743; x_wconf 83' lang='lat' dir='ltr'>praeturae</span> <span class='ocrx_word' id='word_1_197' title='bbox 500 1697 587 1724; x_wconf 85' lang='lat' dir='ltr'>tuae.</span> <span class='ocrx_word' id='word_1_198' title='bbox 621 1684 729 1735; x_wconf 85' lang='lat' dir='ltr'>Qid</span> <span class='ocrx_word' id='word_1_199' title='bbox 757 1683 870 1721; x_wconf 88' lang='lat' dir='ltr'>tertio</span> <span class='ocrx_word' id='word_1_200' title='bbox 900 1682 1027 1720; x_wconf 87' lang='lat' dir='ltr'>anno?</span> <span class='ocrx_word' id='word_1_201' title='bbox 1059 1680 1268 1732; x_wconf 56' lang='lat' dir='ltr'>oftoginta,</span> <span class='ocrx_word' id='word_1_202' title='bbox 1303 1679 1638 1732; x_wconf 87' lang='lat' dir='ltr'>quemadmodum</span> <span class='ocrx_word' id='word_1_203' title='bbox 1657 1678 1715 1714; x_wconf 92' lang='lat' dir='ltr'>le-</span> 
     </span>
     <span class='ocr_line' id='line_1_25' title="bbox 307 1745 1455 1808; baseline -0.01 -15"><span class='ocrx_word' id='word_1_204' title='bbox 307 1765 413 1808; x_wconf 86' lang='lat' dir='ltr'>gatos</span> <span class='ocrx_word' id='word_1_205' title='bbox 434 1751 689 1806; x_wconf 80' lang='lat' dir='ltr'>Agyrinenses</span> <span class='ocrx_word' id='word_1_206' title='bbox 711 1751 868 1788; x_wconf 85' lang='lat' dir='ltr'>recitare</span> <span class='ocrx_word' id='word_1_207' title='bbox 889 1762 935 1787; x_wconf 84' lang='lat' dir='ltr'>ex</span> <span class='ocrx_word' id='word_1_208' title='bbox 955 1747 1123 1801; x_wconf 83' lang='lat' dir='ltr'>publicis</span> <span class='ocrx_word' id='word_1_209' title='bbox 1146 1747 1265 1784; x_wconf 87' lang='lat' dir='ltr'>literis</span> <span class='ocrx_word' id='word_1_210' title='bbox 1286 1745 1455 1783; x_wconf 83' lang='lat' dir='ltr'>audistis.</span> 
     </span>
    </p>

    <p class='ocr_par' dir='ltr' id='par_1_3' title="bbox 308 1810 1721 2536">
     <span class='ocr_line' id='line_1_26' title="bbox 353 1810 1716 1867; baseline -0.01 -7"><span class='ocrx_word' id='word_1_211' title='bbox 353 1822 446 1860; x_wconf 88' lang='lat' dir='ltr'><strong>LII.</strong></span> <span class='ocrx_word' id='word_1_212' title='bbox 473 1822 547 1859; x_wconf 90' lang='lat' dir='ltr'>Pro</span> <span class='ocrx_word' id='word_1_213' title='bbox 569 1819 638 1857; x_wconf 83' lang='lat' dir='ltr'>Dii</span> <span class='ocrx_word' id='word_1_214' title='bbox 658 1816 896 1855; x_wconf 86' lang='lat' dir='ltr'>immortales</span> <span class='ocrx_word' id='word_1_215' title='bbox 917 1816 923 1853; x_wconf 91' lang='lat'>!</span> <span class='ocrx_word' id='word_1_216' title='bbox 956 1815 982 1853; x_wconf 87' lang='lat' dir='ltr'>fi</span> <span class='ocrx_word' id='word_1_217' title='bbox 1003 1828 1049 1852; x_wconf 87' lang='lat' dir='ltr'>ex</span> <span class='ocrx_word' id='word_1_218' title='bbox 1069 1814 1265 1867; x_wconf 89' lang='lat' dir='ltr'>provincia</span> <span class='ocrx_word' id='word_1_219' title='bbox 1286 1821 1365 1851; x_wconf 84' lang='lat' dir='ltr'>tota</span> <span class='ocrx_word' id='word_1_220' title='bbox 1384 1821 1542 1849; x_wconf 84' lang='lat' dir='ltr'>centum</span> <span class='ocrx_word' id='word_1_221' title='bbox 1564 1810 1716 1863; x_wconf 88' lang='lat' dir='ltr'>septua-</span> 
     </span>
     <span class='ocr_line' id='line_1_27' title="bbox 308 1877 1719 1941; baseline -0.009 -15"><span class='ocrx_word' id='word_1_222' title='bbox 308 1889 416 1941; x_wconf 85' lang='lat' dir='ltr'>ginta</span> <span class='ocrx_word' id='word_1_223' title='bbox 448 1885 628 1938; x_wconf 79' lang='lat' dir='ltr'>ejecisses,</span> <span class='ocrx_word' id='word_1_224' title='bbox 669 1882 848 1936; x_wconf 83' lang='lat' dir='ltr'>poffesne,</span> <span class='ocrx_word' id='word_1_225' title='bbox 884 1882 1019 1920; x_wconf 85' lang='lat' dir='ltr'>severis</span> <span class='ocrx_word' id='word_1_226' title='bbox 1048 1880 1262 1933; x_wconf 77' lang='lat' dir='ltr'>judicibuS,</span> <span class='ocrx_word' id='word_1_227' title='bbox 1305 1879 1426 1917; x_wconf 87' lang='lat' dir='ltr'>salvus</span> <span class='ocrx_word' id='word_1_228' title='bbox 1462 1877 1559 1915; x_wconf 83' lang='lat' dir='ltr'>esse?</span> <span class='ocrx_word' id='word_1_229' title='bbox 1602 1878 1719 1914; x_wconf 82' lang='lat' dir='ltr'>Unus</span> 
     </span>
     <span class='ocr_line' id='line_1_28' title="bbox 308 1942 1718 2008; baseline -0.01 -15"><span class='ocrx_word' id='word_1_230' title='bbox 308 1968 396 2008; x_wconf 83' lang='lat' dir='ltr'>ager</span> <span class='ocrx_word' id='word_1_231' title='bbox 416 1951 662 2006; x_wconf 73' lang='lat' dir='ltr'>Agyrinensis</span> <span class='ocrx_word' id='word_1_232' title='bbox 684 1959 844 1988; x_wconf 88' lang='lat' dir='ltr'>centum</span> <span class='ocrx_word' id='word_1_233' title='bbox 865 1948 1104 2001; x_wconf 85' lang='lat' dir='ltr'>septuaginta</span> <span class='ocrx_word' id='word_1_234' title='bbox 1134 1945 1344 1984; x_wconf 83' lang='lat' dir='ltr'>aratoribus</span> <span class='ocrx_word' id='word_1_235' title='bbox 1365 1946 1514 1982; x_wconf 88' lang='lat' dir='ltr'>inanior</span> <span class='ocrx_word' id='word_1_236' title='bbox 1545 1957 1637 1981; x_wconf 90' lang='lat' dir='ltr'>cum</span> <span class='ocrx_word' id='word_1_237' title='bbox 1658 1942 1718 1986; x_wconf 86' lang='lat' dir='ltr'>fit,</span> 
     </span>
     <span class='ocr_line' id='line_1_29' title="bbox 308 2009 1717 2070; baseline -0.009 -12"><span class='ocrx_word' id='word_1_238' title='bbox 308 2034 375 2058; x_wconf 85' lang='lat' dir='ltr'>vos</span> <span class='ocrx_word' id='word_1_239' title='bbox 397 2020 657 2070; x_wconf 62' lang='lat' dir='ltr'>conjedtumm</span> <span class='ocrx_word' id='word_1_240' title='bbox 679 2017 795 2055; x_wconf 85' lang='lat' dir='ltr'>totius</span> <span class='ocrx_word' id='word_1_241' title='bbox 817 2015 1023 2068; x_wconf 78' lang='lat' dir='ltr'>provinciae</span> <span class='ocrx_word' id='word_1_242' title='bbox 1044 2027 1121 2052; x_wconf 89' lang='lat' dir='ltr'>non</span> <span class='ocrx_word' id='word_1_243' title='bbox 1141 2012 1319 2050; x_wconf 80' lang='lat' dir='ltr'>facietis?</span> <span class='ocrx_word' id='word_1_244' title='bbox 1351 2014 1482 2063; x_wconf 87' lang='lat' dir='ltr'>Atque</span> <span class='ocrx_word' id='word_1_245' title='bbox 1502 2009 1577 2047; x_wconf 90' lang='lat' dir='ltr'>hoc</span> <span class='ocrx_word' id='word_1_246' title='bbox 1599 2023 1717 2062; x_wconf 84' lang='lat' dir='ltr'>perae-</span> 
     </span>
     <span class='ocr_line' id='line_1_30' title="bbox 311 2077 1719 2138; baseline -0.009 -14"><span class='ocrx_word' id='word_1_247' title='bbox 311 2087 446 2138; x_wconf 85' lang='lat' dir='ltr'>quein</span> <span class='ocrx_word' id='word_1_248' title='bbox 479 2084 588 2122; x_wconf 84' lang='lat' dir='ltr'>omni</span> <span class='ocrx_word' id='word_1_249' title='bbox 609 2097 698 2135; x_wconf 77' lang='lat' dir='ltr'>agro</span> <span class='ocrx_word' id='word_1_250' title='bbox 732 2082 948 2119; x_wconf 85' lang='lat' dir='ltr'>decumano</span> <span class='ocrx_word' id='word_1_251' title='bbox 981 2079 1202 2132; x_wconf 86' lang='lat' dir='ltr'>reperietis:</span> <span class='ocrx_word' id='word_1_252' title='bbox 1236 2079 1378 2130; x_wconf 87' lang='lat' dir='ltr'>quibus</span> <span class='ocrx_word' id='word_1_253' title='bbox 1410 2077 1557 2128; x_wconf 85' lang='lat' dir='ltr'>aliquid</span> <span class='ocrx_word' id='word_1_254' title='bbox 1589 2085 1719 2113; x_wconf 83' lang='lat' dir='ltr'>tamen</span> 
     </span>
     <span class='ocr_line' id='line_1_31' title="bbox 311 2141 1717 2204; baseline -0.009 -15"><span class='ocrx_word' id='word_1_255' title='bbox 311 2152 449 2204; x_wconf 84' lang='lat' dir='ltr'>reliqui</span> <span class='ocrx_word' id='word_1_256' title='bbox 481 2151 596 2188; x_wconf 84' lang='lat' dir='ltr'>suerit</span> <span class='ocrx_word' id='word_1_257' title='bbox 616 2163 663 2186; x_wconf 83' lang='lat' dir='ltr'>ex</span> <span class='ocrx_word' id='word_1_258' title='bbox 684 2161 826 2200; x_wconf 82' lang='lat' dir='ltr'>magno</span> <span class='ocrx_word' id='word_1_259' title='bbox 848 2146 1095 2198; x_wconf 83' lang='lat' dir='ltr'>patrimonio,</span> <span class='ocrx_word' id='word_1_260' title='bbox 1128 2159 1191 2183; x_wconf 83' lang='lat' dir='ltr'>eos</span> <span class='ocrx_word' id='word_1_261' title='bbox 1223 2145 1263 2182; x_wconf 88' lang='lat' dir='ltr'>in</span> <span class='ocrx_word' id='word_1_262' title='bbox 1285 2145 1382 2196; x_wconf 86' lang='lat' dir='ltr'>agris</span> <span class='ocrx_word' id='word_1_263' title='bbox 1406 2145 1555 2181; x_wconf 86' lang='lat' dir='ltr'>minore</span> <span class='ocrx_word' id='word_1_264' title='bbox 1576 2141 1717 2179; x_wconf 84' lang='lat' dir='ltr'>instru-</span> 
     </span>
     <span class='ocr_line' id='line_1_32' title="bbox 311 2205 1718 2266; baseline -0.009 -10"><span class='ocrx_word' id='word_1_265' title='bbox 311 2228 459 2263; x_wconf 85' lang='lat' dir='ltr'>mento,</span> <span class='ocrx_word' id='word_1_266' title='bbox 506 2217 634 2255; x_wconf 87' lang='lat' dir='ltr'>minus</span> <span class='ocrx_word' id='word_1_267' title='bbox 666 2214 801 2253; x_wconf 81' lang='lat' dir='ltr'>multis</span> <span class='ocrx_word' id='word_1_268' title='bbox 831 2214 964 2266; x_wconf 89' lang='lat' dir='ltr'>jugis,</span> <span class='ocrx_word' id='word_1_269' title='bbox 997 2211 1220 2256; x_wconf 73' lang='lat' dir='ltr'>remanfiss‘e,</span> <span class='ocrx_word' id='word_1_270' title='bbox 1254 2212 1359 2264; x_wconf 92' lang='lat' dir='ltr'>quod</span> <span class='ocrx_word' id='word_1_271' title='bbox 1394 2209 1646 2251; x_wconf 78' lang='lat' dir='ltr'>metuebant,</span> <span class='ocrx_word' id='word_1_272' title='bbox 1691 2205 1718 2242; x_wconf 84' lang='lat' dir='ltr'>fi</span> 
     </span>
     <span class='ocr_line' id='line_1_33' title="bbox 312 2275 1718 2334; baseline -0.011 -10"><span class='ocrx_word' id='word_1_273' title='bbox 312 2284 549 2328; x_wconf 76' lang='lat' dir='ltr'>receffiffent,</span> <span class='ocrx_word' id='word_1_274' title='bbox 584 2296 630 2321; x_wconf 90' lang='lat' dir='ltr'>ne</span> <span class='ocrx_word' id='word_1_275' title='bbox 657 2282 820 2334; x_wconf 81' lang='lat' dir='ltr'>reliquas</span> <span class='ocrx_word' id='word_1_276' title='bbox 841 2279 1013 2318; x_wconf 87' lang='lat' dir='ltr'>fortunas</span> <span class='ocrx_word' id='word_1_277' title='bbox 1041 2292 1175 2318; x_wconf 86' lang='lat' dir='ltr'>omnes</span> <span class='ocrx_word' id='word_1_278' title='bbox 1206 2279 1452 2316; x_wconf 85' lang='lat' dir='ltr'>amitterent:</span> <span class='ocrx_word' id='word_1_279' title='bbox 1486 2275 1626 2326; x_wconf 86' lang='lat' dir='ltr'>quibus</span> <span class='ocrx_word' id='word_1_280' title='bbox 1647 2285 1718 2308; x_wconf 83' lang='lat' dir='ltr'>au-</span> 
     </span>
     <span class='ocr_line' id='line_1_34' title="bbox 313 2341 1718 2401; baseline -0.011 -11"><span class='ocrx_word' id='word_1_281' title='bbox 313 2361 393 2390; x_wconf 85' lang='lat' dir='ltr'>tem</span> <span class='ocrx_word' id='word_1_282' title='bbox 427 2352 495 2389; x_wconf 87' lang='lat' dir='ltr'>iste</span> <span class='ocrx_word' id='word_1_283' title='bbox 529 2350 628 2389; x_wconf 88' lang='lat' dir='ltr'>nihil</span> <span class='ocrx_word' id='word_1_284' title='bbox 660 2349 813 2401; x_wconf 89' lang='lat' dir='ltr'>reliqui,</span> <span class='ocrx_word' id='word_1_285' title='bbox 850 2347 954 2399; x_wconf 90' lang='lat' dir='ltr'>quod</span> <span class='ocrx_word' id='word_1_286' title='bbox 985 2347 1198 2400; x_wconf 87' lang='lat' dir='ltr'>perderent,</span> <span class='ocrx_word' id='word_1_287' title='bbox 1234 2345 1387 2388; x_wconf 85' lang='lat' dir='ltr'>fecerat,</span> <span class='ocrx_word' id='word_1_288' title='bbox 1423 2355 1486 2379; x_wconf 85' lang='lat' dir='ltr'>eos</span> <span class='ocrx_word' id='word_1_289' title='bbox 1508 2341 1618 2392; x_wconf 83' lang='lat' dir='ltr'>plane</span> <span class='ocrx_word' id='word_1_290' title='bbox 1640 2352 1718 2377; x_wconf 82' lang='lat' dir='ltr'>non</span> 
     </span>
     <span class='ocr_line' id='line_1_35' title="bbox 313 2404 1721 2469; baseline -0.011 -14"><span class='ocrx_word' id='word_1_291' title='bbox 313 2417 438 2455; x_wconf 88' lang='lat' dir='ltr'>solum</span> <span class='ocrx_word' id='word_1_292' title='bbox 472 2431 519 2455; x_wconf 79' lang='lat' dir='ltr'>ex</span> <span class='ocrx_word' id='word_1_293' title='bbox 550 2416 661 2469; x_wconf 80' lang='lat' dir='ltr'>agris,</span> <span class='ocrx_word' id='word_1_294' title='bbox 689 2429 823 2453; x_wconf 89' lang='lat' dir='ltr'>verum</span> <span class='ocrx_word' id='word_1_295' title='bbox 857 2428 904 2451; x_wconf 80' lang='lat' dir='ltr'>ex</span> <span class='ocrx_word' id='word_1_296' title='bbox 935 2413 1156 2451; x_wconf 83' lang='lat' dir='ltr'>civitatibus</span> <span class='ocrx_word' id='word_1_297' title='bbox 1182 2411 1254 2449; x_wconf 73' lang='lat' dir='ltr'>suis</span> <span class='ocrx_word' id='word_1_298' title='bbox 1287 2407 1504 2461; x_wconf 74' lang='lat' dir='ltr'>profugisse.</span> <span class='ocrx_word' id='word_1_299' title='bbox 1539 2405 1602 2443; x_wconf 82' lang='lat' dir='ltr'>llli</span> <span class='ocrx_word' id='word_1_300' title='bbox 1635 2404 1721 2456; x_wconf 74' lang='lat' dir='ltr'>ipii,</span> 
     </span>
     <span class='ocr_line' id='line_1_36' title="bbox 316 2473 1716 2536; baseline -0.009 -16"><span class='ocrx_word' id='word_1_301' title='bbox 316 2485 384 2536; x_wconf 88' lang='lat' dir='ltr'>qui</span> <span class='ocrx_word' id='word_1_302' title='bbox 419 2484 693 2528; x_wconf 79' lang='lat' dir='ltr'>remanserant,</span> <span class='ocrx_word' id='word_1_303' title='bbox 738 2484 802 2521; x_wconf 74' lang='lat' dir='ltr'>vix</span> <span class='ocrx_word' id='word_1_304' title='bbox 837 2482 999 2520; x_wconf 81' lang='lat' dir='ltr'>decuma</span> <span class='ocrx_word' id='word_1_305' title='bbox 1031 2493 1113 2533; x_wconf 80' lang='lat' dir='ltr'>pars</span> <span class='ocrx_word' id='word_1_306' title='bbox 1149 2487 1366 2520; x_wconf 79' lang='lat' dir='ltr'>aratorum,</span> <span class='ocrx_word' id='word_1_307' title='bbox 1409 2473 1576 2513; x_wconf 59' lang='lat' dir='ltr'>relicturi</span> <span class='ocrx_word' id='word_1_308' title='bbox 1611 2486 1716 2522; x_wconf 34' lang='lat' dir='ltr'>agr-m</span> 
     </span>
    </p>
   </div>
  </div>
 </body>
</html>
