2201 2792
514 163 591 201 260
943 163 1487 204 IN‘VERREM

510 263 712 316 gratosque
731 264 953 310 existimari,
989 266 1125 318 gratias
1146 266 1206 304 isti
1232 276 1415 319 egerunt:
1449 263 1717 320 Carpinatium
1751 261 1846 320 saepe
1864 265 1912 305 ad

510 329 547 368 se
567 330 614 368 de
632 333 712 383 ejus
733 331 869 369 officiis
891 333 1016 370 literas
1037 332 1171 370 mififfe
1191 333 1385 372 dixerunt.

567 396 718 434 LXXI.
751 396 836 442 Iste,
869 410 961 434 cum
982 397 1224 450 respondiffet
1245 398 1280 436 se
1299 412 1341 436 ea
1361 399 1525 437 libenter
1544 397 1683 444 feciffe,
1707 397 1913 451 operasque

512 461 725 515 Carpinatii
746 476 975 515 magnopere
997 463 1187 508 laudaffet,
1207 465 1270 502 dat
1289 465 1415 503 amico
1434 465 1500 504 suo
1519 465 1674 503 cuidam
1694 465 1912 517 negotium,

512 529 580 580 qui
601 538 686 567 tum
706 529 883 581 magister
903 539 979 568 erat
1000 531 1079 582 ejus
1101 530 1303 576 societatis,
1332 541 1375 569 ut
1394 532 1598 585 diligenter
1616 541 1777 576 caveret,
1798 540 1915 583 atque

509 595 755 647 prospiceret,
784 609 830 633 ne
851 596 945 647 quid
965 596 1053 634 effer
1073 597 1112 634 in
1147 597 1266 635 literis
1287 597 1493 643 sociorum,
1522 598 1626 650 quod
1645 606 1778 635 contra
1799 596 1912 635 suum

509 671 639 713 caput,
660 671 773 715 atque
792 662 1114 701 existimationem
1134 664 1255 702 valere
1276 664 1405 717 posset.
1429 666 1564 717 Itaque
1584 664 1663 710 ille,
1687 662 1913 702 multitudi-

510 740 559 764 ne
577 727 769 766 sociorum
789 738 948 773 remota,
978 729 1208 768 decumanos
1230 740 1439 769 convocat:
1463 745 1544 769 rem
1565 730 1700 769 defert.
1733 731 1914 767 Statuunt

509 793 584 838 illi,
606 803 721 846 atque
741 795 963 840 decernunt,
997 806 1041 834 ut
1059 810 1110 834 eae
1130 797 1261 842 literae,
1294 798 1436 850 quibus
1462 798 1692 836 existimatio
1713 798 1760 835 C.
1783 795 1914 834 Verris

510 859 721 905 laederetur,
757 871 1041 900 removerentur
1055 881 1068 908 3
1100 877 1287 916 operaque
1308 865 1471 909 daretur,
1507 878 1555 902 ne
1585 878 1627 902 ea
1652 877 1710 902 res
1731 864 1779 901 C.
1801 861 1913 900 Verri

510 924 636 964 fraudi
653 926 724 964 effe
743 927 875 979 poffet.

566 993 603 1030 Si
633 993 803 1039 ostendo,
839 993 915 1033 hoc
937 995 1137 1034 decrevisse
1155 996 1413 1041 decumanos;
1445 997 1470 1034 fi
1505 997 1667 1050 planum
1687 995 1801 1040 facio,
1836 993 1913 1034 hoc

510 1058 664 1098 decreto
689 1070 852 1099 remotas
872 1061 942 1100 effe
962 1062 1102 1108 literas,
1134 1063 1229 1116 quid
1255 1063 1460 1116 expetf'ffltis
1487 1063 1685 1116 amplius?
1715 1062 1916 1115 possumne

510 1139 592 1164 rem
612 1127 735 1179 magis
755 1127 970 1179 judicatam
990 1129 1120 1168 afferre
1139 1131 1152 1167 ?
1183 1131 1307 1182 magis
1327 1144 1435 1168 reum
1456 1131 1759 1168 condemnatum
1780 1129 1820 1167 in
1845 1129 1914 1181 ju-

511 1192 658 1231 dicium
689 1194 904 1232 adducere?
941 1197 997 1233 At
1028 1210 1196 1247 quorum
1224 1197 1375 1248 judicio
1408 1195 1742 1235 condemnatum?
1773 1208 1914 1247 nempe

511 1273 662 1304 eorum,
693 1274 789 1312 quos
821 1261 863 1305 ii,
899 1262 967 1313 qui
987 1262 1165 1300 severiora
1185 1263 1334 1314 judicia
1353 1263 1574 1309 desiderant,
1605 1263 1836 1300 arbitrantur
1856 1275 1912 1300 res

503 1326 678 1378 judicare
707 1335 908 1378 oportere;
941 1328 1238 1380 publicanorum
1266 1329 1431 1381 judicio,
1467 1343 1564 1382 quos
1599 1329 1776 1367 videlicet
1808 1342 1913 1367 nunc

510 1392 677 1445 populus
692 1393 843 1444 judices
863 1393 984 1446 poscit
1005 1408 1013 1432 ε
1046 1395 1092 1432 de
1113 1395 1269 1447 quibus,
1292 1404 1335 1433 ut
1354 1408 1416 1433 eos
1432 1395 1581 1447 judices
1602 1394 1827 1440 habeamus,
1856 1395 1913 1433 le·-

510 1472 600 1511 gem
621 1459 667 1497 ab
685 1458 845 1497 homine
864 1473 941 1497 non
963 1461 1077 1499 nostri
1097 1462 1259 1514 generis,
1278 1476 1355 1500 non
1376 1476 1422 1500 ex
1439 1463 1600 1515 equestri
1620 1463 1707 1501 loco
1727 1461 1913 1515 profectm

511 1526 572 1563 sed
593 1525 841 1571 nobiliffimo,
864 1528 1147 1580 promulgatam
1167 1530 1357 1568 videmus.

557 1593 790 1637 Decumani‚
805 1591 880 1631 hoc
900 1593 966 1638 est,
987 1595 1193 1647 principes,
1216 1604 1253 1632 et
1274 1595 1375 1647 quasi
1396 1595 1581 1634 senatores
1601 1595 1916 1648 publicanorum,

511 1658 756 1696 removendas
792 1658 838 1695 de
872 1659 1000 1697 medio
1040 1660 1165 1698 literas
1201 1661 1441 1714 censuerunt.
1491 1661 1629 1700 Habeo
1662 1674 1710 1699 ex
1742 1661 1814 1706 iis,
1847 1661 1915 1714 qui

510 1723 715 1770 affuerunt,
761 1738 858 1777 quos
897 1725 1107 1778 producam
1125 1756 1136 1772 ,
1167 1726 1346 1765 homines
1380 1726 1658 1766 honestiffirnos
1673 1757 1685 1773 ,
1723 1741 1765 1765 ac
1802 1726 1916 1766 locu-

510 1790 750 1842 pletiffimos,
768 1791 856 1829 istos
873 1791 972 1845 ipsos
992 1793 1185 1846 prinCIpes
1205 1794 1386 1846 equestris
1407 1793 1551 1832 ordinis
1566 1812 1579 1839 ς
1602 1807 1769 1846 quorum
1787 1793 1916 1846 splen-

512 1856 603 1893 dore
622 1857 681 1894 vel
713 1857 882 1895 maxime
903 1857 1022 1902 istius,
1055 1860 1123 1910 qui
1144 1859 1270 1911 legem
1292 1860 1567 1912 promulgavit,
1597 1860 1719 1897 oratio
1738 1867 1776 1896 et
1808 1859 1917 1897 causa

512 1922 662 1961 nititur.
694 1923 864 1960 VenIent
894 1923 934 1960 in
955 1923 1158 1969 medium3
1191 1925 1334 1969 dicent,
1366 1925 1461 1977 quid
1481 1925 1691 1963 statuerint.
1725 1924 1915 1971 Profeeto,

513 1986 538 2023 fi
559 1989 658 2024 recte
678 1986 857 2025 homines
879 1988 983 2032 novi,
1020 2002 1097 2026 non
1123 1990 1382 2028 mentientur:
1415 1990 1541 2028 literas
1562 1991 1666 2028 enim
1688 2003 1916 2030 communes

513 2053 560 2091 de
595 2053 724 2091 medio
762 2067 956 2092 removere
995 2064 1232 2108 potuerunt;
1280 2056 1397 2095 fidem
1436 2057 1541 2095 suam
1558 2086 1570 2102 ,
1617 2066 1654 2095 et
1689 2057 1917 2110 religionem

513 2132 707 2156 removere
741 2132 818 2156 non
849 2119 1013 2171 possunt.
1045 2122 1151 2174 Ergo
1182 2123 1328 2175 equites
1365 2124 1548 2168 Romani,
1572 2123 1640 2175 qui
1671 2131 1707 2161 te
1728 2123 1793 2161 suo
1807 2123 1918 2175 judi-

514 2184 576 2222 cio
596 2184 914 2230 condemnarunt,
946 2185 1088 2224 horum
1117 2188 1268 2239 judicio
1297 2189 1545 2227 condemnari
1575 2188 1795 2227 noluerunt.
1838 2189 1917 2226 Vos

514 2264 632 2295 nunc,
665 2260 796 2289 utrum
833 2251 991 2290 illorum
1016 2253 1229 2304 judicium,
1263 2267 1310 2292 an
1342 2255 1579 2293 voluntatem
1618 2254 1724 2308 sequi
1758 2254 1916 2299 malitis,

514 2317 757 2356 confiderate.

571 2385 742 2422 LXXII.
775 2386 830 2423 At
863 2384 963 2430 vide,
998 2385 1093 2437 quid
1124 2393 1160 2423 te
1192 2386 1408 2424 amicorum
1430 2395 1585 2425 tuorum
1605 2386 1789 2431 studium,
1823 2386 1919 2438 quid

516 2459 627 2487 tuum
650 2451 867 2496 confilium,
908 2451 1002 2504 quid
1021 2451 1210 2490 sociorum
1232 2452 1407 2490 voluntas
1427 2453 1591 2505 adjuvet.
1640 2453 1781 2491 Dicam
1802 2453 1919 2505 paulo

518 2516 761 2569 promptius:
808 2519 951 2570 (neque
982 2518 1086 2557 enim
1106 2519 1190 2572 jam
1225 2531 1365 2565 vercor,
1402 2532 1449 2558 ne
1479 2520 1565 2573 quis
1587 2519 1662 2560 hoc
1696 2533 1760 2558 me
1793 2519 1915 2572 magis
