2201 2792
538 155 613 208 328
966 153 1055 192 IN
1127 153 1508 193 VERREM

533 254 606 292 effe
632 253 778 291 crimen
810 252 1061 291 decumarum
1094 253 1294 291 dixeram:
1337 265 1384 290 ex
1415 266 1493 304 quo
1526 251 1779 297 intellexistis,
1811 251 1929 290 innu-

535 319 762 359 merabilem
780 318 968 357 frumenti
985 332 1191 357 numerum
1213 331 1280 370 per
1301 318 1510 356 triennium
1527 317 1699 356 aversum
1719 331 1738 357 a
1758 317 1931 371 republi-

534 400 578 425 ca
597 386 682 431 effe,
706 394 958 438 ereptumque
978 384 1201 422 aratoribus.

589 453 718 491 LXX.
743 451 935 503 Sequitur,
967 459 1010 487 ut
1031 450 1076 487 de
1095 449 1292 487 frumento
1311 458 1444 502 empto
1463 463 1543 494 vos,
1566 449 1736 501 Judices,
1757 449 1932 492 doceam,

536 519 709 557 maximo
742 526 856 569 atque
885 515 1217 568 impudentissimo
1247 514 1380 554 furto:
1425 515 1471 553 de
1504 529 1583 568 quo
1617 515 1712 553 dum
1746 524 1860 560 certa,
1895 522 1933 552 et

536 598 669 637 pauca,
701 593 739 622 et
760 595 899 635 magna
930 582 1055 619 dicam
1087 581 1264 626 breviter,
1286 581 1482 619 attendite.
1515 582 1778 619 Frumentum
1808 592 1934 619 emere

537 651 577 687 in
599 650 727 688 Sicilia
747 648 882 686 debuit
902 648 1038 685 Verres
1060 661 1107 685 ex
1127 646 1489 692 senatus-consulto,
1511 657 1550 685 et
1569 661 1615 685 ex
1631 647 1715 700 lege
1735 645 1933 690 Terentia,

536 726 575 754 et
596 716 716 754 Caffia
735 714 996 753 frumentaria.
1029 713 1196 751 Emendi
1217 714 1294 752 duo
1313 727 1451 766 genera
1469 712 1649 752 fuerunt:
1682 727 1805 751 unum
1822 721 1934 751 caete-

538 796 665 820 rarum
685 782 936 819 decumarum
958 798 969 823 ;
1001 779 1179 824 alterum,
1211 780 1315 832 quod
1335 788 1510 833 praeterea
1535 779 1755 817 civitatibus
1776 778 1934 831 aequali-

537 858 595 886 ter
613 847 701 885 effet
721 846 983 884 distributum.
1017 845 1125 883 Illius
1146 845 1350 884 decumani
1372 854 1537 890 tantum,
1569 854 1759 898 quantum
1785 858 1833 882 ex
1852 844 1934 897 pri-

537 914 612 951 mis
647 912 820 950 decumis
857 910 1010 955 fuiss'et3
1055 909 1172 962 hujus
1208 911 1386 964 imperati
1433 911 1552 948 tritici
1597 909 1775 948 modium
1817 922 1933 947 Dccc

537 979 683 1018 millia:
706 978 876 1031 pretium
897 986 1024 1015 autem
1037 977 1293 1015 constitutum
1314 978 1528 1014 decumano
1541 978 1580 1014 in
1597 976 1746 1014 modios
1768 975 1934 1027 fingulos

538 1046 630 1084 H—S
665 1045 790 1088 terni3
822 1044 1010 1096 imperato
1044 1043 1135 1080 H-S
1171 1056 1229 1081 1v.
1276 1043 1335 1080 Ita
1364 1043 1404 1080 in
1430 1041 1672 1081 frumentum
1703 1042 1936 1094 imperatum

537 1112 629 1150 H-S
660 1111 720 1149 bis
750 1119 787 1148 et
819 1110 945 1147 tricies
978 1110 1017 1146 in
1047 1123 1165 1147 annos
1187 1108 1354 1161 fingulos
1376 1109 1485 1147 Verri
1517 1108 1800 1152 decernebatur,
1831 1106 1936 1160 quod

537 1178 748 1215 aratoribus
783 1176 941 1214 solveret
958 1194 968 1219 ;
1001 1176 1040 1213 in
1074 1175 1206 1213 alteras
1237 1175 1419 1213 decumas
1440 1174 1559 1213 ferme
1580 1175 1625 1212 ad
1645 1175 1839 1226 nonagies.
1873 1173 1935 1210 Sic

538 1257 604 1295 per
633 1243 844 1280 triennium
877 1241 923 1278 ad
953 1240 1052 1278 hanc
1073 1240 1260 1278 frumenti
1291 1241 1530 1294 emptionem
1564 1239 1797 1278 Siciliensem
1816 1252 1935 1292 prope

538 1309 680 1346 centies
702 1317 738 1345 et
759 1307 884 1345 tricies
906 1315 1105 1359 erogatum
1126 1306 1191 1343 est.

599 1375 714 1412 Hanc
743 1373 948 1426 pecuniam
979 1381 1137 1416 tantam,
1185 1372 1311 1410 datam
1343 1372 1413 1410 tibi
1445 1385 1492 1410 ex
1522 1372 1649 1410 aerario
1679 1371 1786 1424 inopi
1820 1379 1936 1423 atque

538 1439 749 1483 exhaust03
783 1440 909 1477 datam
940 1439 985 1476 ad
1019 1437 1277 1484 frumentum,
1309 1437 1384 1476 hoc
1415 1439 1479 1484 est,
1510 1439 1556 1477 ad
1587 1438 1845 1476 neceffitatem
1877 1437 1935 1475 sa-

538 1508 630 1545 lutis
658 1516 695 1544 et
716 1507 828 1551 vitae3
861 1506 1002 1550 datam,
1035 1515 1077 1543 ut
1106 1506 1243 1544 Siculis
1270 1506 1494 1550 aratoribus,
1525 1505 1668 1557 quibus
1690 1514 1792 1543 tanta
1822 1517 1937 1543 onera

539 1573 752 1625 respublica
772 1574 1002 1625 imponeret,
1030 1572 1259 1617 solveretur,
1291 1573 1356 1610 abs
1389 1581 1424 1610 te
1445 1572 1493 1609 fic
1514 1572 1713 1610 laceratam
1733 1570 1803 1609 effe
1832 1571 1934 1615 dico,

539 1649 582 1677 ut
617 1639 753 1691 poffim
790 1638 886 1675 illud
921 1638 1090 1690 probare,
1123 1638 1147 1675 si
1175 1638 1308 1682 velim,
1339 1651 1496 1676 omnem
1532 1647 1568 1675 te
1601 1637 1700 1675 hanc
1731 1637 1937 1690 pecuniam

539 1705 704 1743 domum
727 1714 831 1742 tuam
853 1703 1031 1741 avertiffe.
1066 1704 1223 1742 Etenim
1244 1704 1292 1742 fic
1314 1703 1412 1741 hanc
1433 1717 1513 1741 rem
1536 1712 1658 1742 totam
1679 1701 1934 1742 administras-

541 1771 583 1815 ti,
607 1780 649 1808 ut
669 1770 759 1815 hoc,
781 1770 885 1822 quod
907 1770 1007 1814 dico,
1037 1770 1189 1822 probari
1215 1769 1426 1822 aequiffimo
1446 1770 1572 1822 judici
1592 1769 1716 1822 poffit.
1763 1768 1834 1807 Sed
1864 1781 1936 1821 ego

538 1830 689 1874 habebo
710 1836 895 1874 rationem
918 1836 1148 1873 auctoritatis
1180 1849 1298 1873 meae:
1332 1835 1560 1880 meminero,
1585 1849 1662 1887 quo
1682 1834 1826 1878 animo,
1857 1848 1936 1886 quo

540 1902 697 1939 confilio
719 1902 763 1938 ad
784 1900 932 1937 causam
955 1900 1154 1952 publicam
1175 1900 1389 1938 accefferim
1407 1915 1416 1938 ε
1440 1914 1516 1938 non
1537 1913 1646 1953 agam
1669 1909 1799 1938 tecum
1820 1912 1935 1938 accu-

540 1966 695 2004 satorie:
729 1964 826 2003 nihil
850 1964 1015 2016 fingam:
1041 1963 1138 2002 nihil
1160 1965 1342 2016 cuiquam
1364 1965 1516 2017 probari
1537 1965 1668 2010 velim,
1691 1977 1754 2003 me
1769 1964 1936 2011 dicente,

540 2032 644 2084 quod
666 2045 742 2068 non
764 2039 849 2067 ante
870 2028 1122 2083 mihimetipsi
1143 2031 1346 2082 probatum
1370 2030 1426 2069 s1t.

598 2099 640 2135 In
663 2096 734 2134 hac
756 2097 916 2148 pecunia
950 2097 1118 2148 publica,
1141 2096 1311 2147 Judices,
1347 2096 1427 2135 haec
1448 2097 1576 2135 insunt
1597 2098 1668 2135 tria
1697 2110 1832 2150 genera
1852 2096 1937 2135 fur-

544 2175 685 2202 torum.
721 2163 911 2206 Primum,
945 2176 1035 2200 cum
1058 2163 1175 2214 posita
1194 2163 1283 2201 effet
1317 2164 1480 2216 pecunia
1513 2164 1613 2216 apud
1647 2177 1705 2201 eas
1726 2163 1935 2207 societates,

542 2230 643 2268 unde
662 2239 739 2266 erat
759 2229 954 2272 attributa,
978 2228 1077 2265 binis
1100 2229 1313 2267 centesimis
1334 2228 1540 2267 foeneratus
1562 2230 1626 2267 est.
1661 2229 1825 2272 Deinde,
1848 2241 1935 2280 per-

542 2296 676 2335 multis
697 2294 917 2332 civitatibus
939 2307 1006 2346 pro
1026 2292 1222 2332 frumento
1255 2294 1352 2332 nihil
1374 2295 1484 2333 solvit
1504 2295 1678 2332 omnino.
1726 2294 1934 2338 Postremo,

541 2362 566 2399 1'1
588 2362 651 2398 cui
672 2361 817 2398 civitati
839 2359 963 2404 solvit,
987 2368 1137 2396 tantum
1158 2359 1334 2405 detraxit,
1355 2369 1544 2412 quantum
1565 2359 1818 2397 commodum
1838 2357 1934 2404 fuit,

541 2427 654 2471 nulli,
677 2427 780 2478 quod
801 2426 976 2464 debitum
997 2426 1061 2470 est,
1085 2425 1263 2463 reddidit.

594 2492 746 2531 LXXI.
780 2493 838 2530 Ac
859 2492 1032 2545 primum
1052 2489 1127 2530 hoc
1161 2504 1207 2529 ex
1239 2500 1275 2530 te
1302 2505 1455 2544 quaero:
1490 2500 1546 2538 tu,
1574 2491 1636 2530 cui
1658 2490 1857 2544 publicani
1889 2503 1937 2530 ex
