2201 2792
496 165 625 205 PRo
671 159 1026 213 QRoscm
1071 159 1432 197 COMOEDO.
1640 174 1689 211 99
1751 126 1755 130 ⁴

287 278 326 307 et
347 265 570 319 religIOnem
604 262 890 315 amplectuntur
910 276 918 298 ε
951 259 1033 298 haec
1060 259 1148 297 sunt
1168 258 1323 310 dejecta,
1346 258 1421 295 illae
1455 259 1495 295 in
1515 257 1691 295 ordinem

287 333 480 372 confectae.
512 332 648 382 Itaque
667 328 872 367 adversaria
891 328 931 365 in
947 326 1143 379 judicium
1163 325 1326 379 protulit
1347 338 1488 363 nemo:
1519 323 1693 361 codicem

288 397 452 451 protulit
463 415 476 442 ;
508 395 655 434 tabulas
677 393 864 432 recitavit.

342 465 416 502 ΙΙΙ.
440 464 521 508 Tu,
545 464 592 500 C.
617 461 718 505 Piso,
741 460 807 498 tali
827 459 916 504 fide,
938 459 1093 503 virtute,
1117 457 1314 511 gravitate,
1338 455 1561 494 auCtoritate
1581 468 1694 493 orna-

288 538 364 574 tus,
382 543 430 568 ex
449 528 665 567 adversariis
686 526 892 579 pecuniam
913 534 1040 578 petere
1061 508 1139 562 non
1159 523 1328 561 auderes.
1362 524 1462 574 Ego,
1484 535 1568 573 quae
1598 520 1697 558 clara

289 596 377 634 sunt
396 595 684 638 consuetudine,
706 593 852 631 diutius
874 592 999 630 dicere
1020 605 1098 629 non
1119 590 1262 628 debeo:
1286 590 1385 627 illud
1401 603 1503 632 vero,
1525 587 1631 640 quod
1652 586 1699 623 ad

290 676 373 701 rem
407 662 655 701 vehementer
686 660 864 714 pertinet,
901 672 1031 711 quaero
1049 673 1057 697 :
1090 671 1209 710 quarn
1244 656 1394 710 pridem
1428 655 1503 693 hoc
1539 667 1697 698 nomen,

290 730 428 774 Fanni,
451 729 492 767 in
509 727 713 766 adversaria
730 726 890 765 retulisti
906 726 919 763 ?
942 724 1170 764 Erubescit:
1194 723 1288 776 quid
1304 722 1539 776 respondeat,
1558 720 1696 758 nescit:

291 796 387 848 quid
406 795 527 848 fingat
546 793 757 847 extemplo,
794 806 872 831 non
892 791 1022 830 habet.
1065 793 1163 829 Sunt
1182 790 1261 828 duo
1281 789 1428 828 menses
1450 790 1548 840 jam,
1579 787 1697 824 dices.

292 864 446 901 Tamen
466 863 507 900 in
527 861 704 900 codicem
724 868 929 913 acceptum
960 868 998 896 et
1017 857 1228 911 expensum
1259 856 1390 895 referri
1417 855 1564 893 debuit.
1597 855 1699 892 Am-

293 928 396 980 plius
416 929 504 966 sunt
522 928 585 966 sex
605 926 766 966 menses.
813 927 896 964 Cur
916 925 1065 963 tamdiu
1080 926 1183 977 jacet
1202 922 1278 962 hoc
1305 936 1448 961 nomen
1469 922 1510 959 in
1530 919 1700 959 adversa-

296 994 393 1031 riis?
439 993 547 1045 Qid
568 993 594 1030 fi
625 992 782 1029 tandem
803 991 971 1043 amplius
1003 990 1218 1028 triennium
1249 989 1333 1027 est?
1365 988 1578 1041 quomodo,
1610 999 1702 1030 cum

296 1073 447 1104 omnes,
469 1059 538 1111 qui
556 1058 702 1096 tabulas
724 1055 953 1100 conficiunt,
971 1056 1181 1093 menstruas
1199 1069 1295 1107 pene
1315 1056 1478 1092 rationes
1499 1055 1539 1091 in
1557 1052 1702 1090 tabulas

297 1124 537 1169 transferant,
561 1133 603 1162 tu
618 1123 695 1161 hoc
715 1136 860 1161 nomen
878 1122 1089 1161 triennium
1103 1121 1271 1174 amplius
1291 1121 1332 1159 in
1348 1119 1563 1159 adversariis
1578 1118 1704 1170 jacere

297 1191 435 1244 pateris
451 1191 465 1227 ?

352 1257 500 1294 Utrum
530 1263 665 1293 caetera
697 1253 858 1292 nomina
888 1253 928 1291 in
959 1252 1137 1292 codicem
1167 1252 1316 1306 accepti
1334 1261 1372 1290 et
1392 1251 1544 1304 expensi
1564 1250 1705 1303 digesta

296 1321 428 1366 habes,
451 1335 498 1359 an
518 1320 630 1359 non?
661 1320 700 1358 Si
735 1333 838 1365 non,
870 1319 1071 1372 quomodo
1099 1318 1246 1357 tabulas
1277 1317 1469 1356 conficis?
1502 1317 1528 1354 fi
1559 1316 1703 1358 etiam;

244 1410 249 1414 -
300 1387 569 1441 quamobrem,
592 1400 685 1425 cum
703 1395 837 1425 caetera
858 1386 1017 1424 nomina
1036 1386 1078 1423 in
1098 1384 1275 1423 ordinem
1297 1383 1498 1428 referebas,
1530 1382 1607 1421 hoc
1633 1395 1706 1419 no-

298 1469 390 1494 men
411 1454 579 1492 triennio
612 1452 795 1505 amplius,
824 1452 932 1504 quod
951 1461 1030 1490 erat
1049 1452 1090 1489 in
1110 1451 1247 1504 primis
1273 1465 1477 1504 magnum,
1506 1451 1548 1488 in
1574 1449 1705 1487 adver-

300 1520 400 1559 sariis
420 1518 695 1572 relinquebas?
728 1517 901 1556 Nolebas
923 1517 1023 1562 sciri,
1059 1517 1196 1555 debere
1217 1516 1418 1555 Roscium.
1453 1517 1535 1554 Cur
1565 1514 1708 1553 scribe-

300 1588 365 1625 bas
384 1587 396 1623 ?
428 1587 602 1639 Rogatus
623 1597 716 1629 eras,
748 1597 795 1622 ne
815 1583 987 1622 referres.
1020 1585 1103 1622 Cur
1122 1583 1163 1621 in
1183 1582 1400 1621 adversariis
1420 1582 1608 1635 scriptum
1637 1580 1707 1619 ha-

300 1653 446 1692 bebas?
479 1651 551 1690 Sed
579 1650 662 1689 haec
696 1663 920 1702 quanquam
951 1649 1063 1687 firma
1092 1649 1164 1687 effe
1194 1649 1318 1694 video,
1352 1658 1481 1687 tamen
1501 1647 1579 1700 ipse
1608 1645 1710 1685 mihi

303 1717 514 1757 satisfacere
533 1730 612 1755 non
631 1716 797 1769 possum,
823 1715 892 1753 nisi
911 1728 931 1752 a
952 1716 1000 1753 C.
1025 1715 1175 1752 Fannio
1194 1714 1275 1766 ipso
1295 1714 1563 1752 testimonium
1583 1713 1709 1756 sumo,

300 1784 402 1823 hanc
432 1783 638 1837 pecuniam
660 1782 695 1820 ei
716 1796 794 1819 non
816 1780 959 1819 deberi.
994 1781 1192 1832 Magnum
1212 1779 1278 1824 est,
1300 1779 1406 1830 quod
1427 1792 1544 1816 conor
1564 1793 1572 1816 :
1605 1777 1709 1815 diffi-

300 1851 374 1890 cile
393 1850 459 1896 est,
491 1849 596 1902 quod
616 1844 814 1901 polliceor.
848 1847 935 1884 Nisi
962 1846 1129 1884 eundem
1149 1854 1187 1883 et
1209 1844 1475 1890 adversarium,
1507 1853 1545 1883 et
1576 1843 1710 1882 testem

301 1916 481 1955 habuerit
501 1914 679 1959 Roscius,
703 1914 795 1951 nolo
816 1913 957 1951 vincat.

359 1982 430 2020 IV.
464 1980 632 2019 Pecunia
652 1979 725 2017 tibi
745 1978 957 2016 debebatur
977 1985 1092 2021 certa,
1126 1991 1211 2029 quae
1232 1989 1336 2014 nunc
1357 1976 1503 2028 petitur
1520 1989 1587 2029 per
1601 1976 1712 2028 judi-

304 2059 418 2091 cem,
450 2046 490 2084 in
510 2058 586 2097 qua
605 2044 789 2096 legitimae
810 2044 925 2096 partis
947 2042 1094 2095 sponsio
1115 2041 1212 2080 faeta
1231 2042 1296 2080 est.
1337 2041 1417 2079 Hic
1438 2050 1481 2079 tu
1502 2041 1528 2079 fi
1545 2042 1712 2094 amplius

308 2114 399 2152 H-S
421 2124 586 2149 nummo
607 2111 748 2163 petisti,
780 2123 899 2161 quam
931 2109 1004 2146 tibi
1025 2109 1201 2146 debitum
1223 2108 1289 2151 est,
1317 2108 1467 2147 causam
1488 2108 1682 2160 perdidisti
1699 2126 1712 2152 ς

305 2188 504 2233 propterea
523 2177 629 2229 quod
648 2176 753 2213 aliud
772 2175 824 2213 est
838 2175 1051 2227 judicium,
1072 2175 1177 2212 aliud
1193 2175 1408 2213 arbitrium.
1442 2174 1642 2225 Judicium
1663 2173 1715 2210 est

306 2245 479 2298 pecuniae
499 2252 624 2288 certae,
655 2242 860 2281 arbitrium
881 2242 1048 2280 incertae.
1097 2242 1159 2279 Ad
1176 2241 1373 2294 judicium
1393 2240 1468 2278 hoc
1500 2240 1617 2278 modo
1647 2252 1713 2276 ve-

309 2312 455 2356 nimus,
477 2319 521 2349 ut
545 2319 666 2348 totam
688 2309 799 2347 litem
819 2316 884 2346 aut
904 2308 1163 2353 obtineamus,
1185 2317 1249 2345 aut
1267 2307 1488 2344 amittamus
1508 2320 1516 2343 ε
1547 2304 1592 2341 ad
1613 2304 1714 2342 arbi-

290 2368 430 2415 -trium
460 2376 536 2415 hoc
561 2377 692 2414 animo
711 2372 878 2420 adimus,
912 2384 953 2412 ut
975 2388 1099 2426 neque
1120 2373 1233 2418 nihil,
1258 2386 1380 2424 neque
1402 2380 1568 2414 tantum,
1591 2384 1716 2422 quan·

312 2451 397 2481 tum
419 2442 708 2495 postulavimus,
731 2441 1026 2493 consequamur.

360 2508 456 2559 Ejus
490 2510 541 2546 rei
574 2508 651 2560 ipsa
687 2508 799 2546 verba
833 2507 1010 2546 formulae
1043 2504 1260 2544 testimonio
1293 2502 1391 2541 sunt.
1448 2503 1557 2554 Qtid
1589 2503 1640 2541 cst
1680 2503 1718 2540 in

1326 2570 1364 2609 N
1396 2583 1416 2608 2
