2201 2792
515 216 590 255 226
942 215 1032 254 IN
1103 216 1482 256 VERREM

512 324 671 353 ventum
703 315 768 360 est,
800 327 892 354 cum
924 317 963 353 in
998 317 1201 354 confilium
1233 316 1452 369 frequentes
1481 317 1741 356 convenissent
1772 317 1906 362 iidem,

511 384 578 434 qui
600 383 782 428 solebant,
803 394 840 421 et
860 382 931 421 hac
953 397 1027 421 una
1047 384 1109 436 spe
1141 394 1219 422 tota
1239 385 1404 423 defensio
1425 387 1570 438 Sopatri
1591 386 1788 431 niteretur,
1810 399 1907 423 con-

510 452 579 489 filii
600 451 828 504 frequentia,
863 460 901 488 et
921 452 1119 504 dignitate,
1155 461 1192 489 et
1212 453 1318 504 quod
1337 462 1456 499 erant,
1485 463 1527 491 ut
1547 455 1642 499 dixi,
1674 455 1807 498 iidem,
1839 453 1908 506 qui

509 527 618 555 antea
639 519 840 570 Sopatrum
861 518 995 555 eodem
1017 518 1085 555 illo
1102 519 1266 555 crimine
1285 517 1487 557 liberarant
1503 537 1514 564 3
1537 520 1755 571 cognoscite
1774 519 1907 557 homi-

510 586 569 622 nis
591 594 773 637 apertam,
807 597 848 621 ac
880 597 957 621 non
989 585 1106 622 modo
1136 598 1213 622 non
1246 585 1404 629 ratione,
1442 585 1503 622 sed
1534 598 1582 623 ne
1613 585 1909 623 dissimulatione

511 651 669 702 quidem
691 652 829 687 teetam
849 650 1151 702 improbitatem,
1173 660 1210 688 et
1230 651 1439 688 audaciam.
1478 652 1540 688 M.
1562 650 1761 695 Petilium,
1795 650 1907 702 equi-

510 725 590 753 tem
612 717 849 760 Romanum,
881 729 999 767 quem
1030 715 1195 753 habebat
1227 717 1265 753 in
1286 716 1458 761 consilio,
1488 716 1602 768 jubet
1631 729 1787 769 operam
1806 716 1906 761 dare,

510 782 614 833 quod
636 782 686 819 rei
706 782 858 834 privatae
872 781 992 833 judex
1013 781 1114 819 esset.
1153 782 1312 820 Petilius
1344 782 1549 827 recusabat,
1571 782 1676 834 quod
1697 781 1780 819 suos
1808 782 1907 819 ami-

509 861 589 892 cos,
618 860 713 899 quos
734 847 803 885 fibi
834 848 873 884 in
893 848 1050 886 consilio
1081 847 1151 885 esse
1171 848 1298 892 vellet,
1329 848 1407 900 ipse
1427 849 1562 886 Verres
1594 847 1785 886 retineret.
1836 847 1908 885 Iste

509 912 630 950 homo
650 912 815 950 liberalis
847 922 959 965 negat
989 913 1024 950 se
1044 927 1281 965 quemquam
1302 914 1463 951 retinere
1495 927 1643 958 eorum,
1678 914 1746 965 qui
1767 912 1908 951 Petilio

507 978 649 1016 vellent
668 978 786 1016 adesse
803 993 812 1016 :
844 979 973 1030 itaque
994 979 1192 1017 discedunt
1211 993 1344 1017 omnes
1363 994 1371 1017 :
1395 992 1485 1017 nam
1506 979 1631 1017 caeteri
1652 991 1808 1030 quoque
1827 978 1907 1016 im-

506 1053 672 1096 petrant,
707 1057 755 1082 ne
785 1045 1042 1089 retineantur3
1075 1044 1197 1096 quise
1227 1045 1325 1082 velle
1345 1045 1524 1082 dicebant
1554 1044 1725 1082 alterutri
1756 1057 1905 1089 eorum,

505 1111 573 1162 qui
595 1120 679 1149 tum
700 1110 799 1148 illud
813 1111 1010 1163 judicium
1030 1110 1237 1156 habebant,
1267 1110 1400 1150 adesse.
1444 1113 1578 1164 Itaque
1597 1111 1664 1149 iste
1684 1110 1783 1149 solus
1813 1123 1907 1148 cum

507 1177 570 1215 sua
590 1176 747 1216 cohorte
768 1178 995 1229 nequiffima
1015 1179 1258 1230 relinquitur.

562 1244 656 1281 Non
678 1243 877 1280 dubitabat
898 1243 1109 1287 Minutius‚
1131 1244 1199 1295 qui
1220 1245 1423 1295 Sopatrum
1444 1242 1683 1287 defendebat,
1706 1242 1800 1294 quin
1822 1242 1903 1288 iste,

505 1310 688 1361 quoniam
710 1308 915 1347 confilium
936 1308 1142 1354 dimisisset,
1171 1310 1239 1347 illo
1259 1310 1320 1347 die
1341 1323 1421 1347 rem
1441 1309 1549 1347 illam
1571 1309 1793 1361 quaefiturus
1824 1323 1903 1347 non

505 1376 619 1421 esset,
651 1390 743 1414 cum
772 1385 928 1428 repente
952 1376 1113 1428 jubetur
1142 1377 1278 1414 diCere.
1325 1376 1558 1429 Respondet.
1600 1376 1664 1414 Ad
1684 1376 1807 1428 quos?
1840 1376 1904 1414 Ad

504 1457 581 1488 me,
604 1444 746 1495 inquit,
762 1443 787 1480 fi
809 1443 880 1480 tibi
901 1443 1058 1481 idoneus
1079 1444 1223 1488 videor,
1245 1444 1313 1496 qui
1334 1444 1380 1481 de
1400 1442 1560 1481 homine
1577 1443 1705 1481 Siculo
1726 1456 1768 1481 ac
1789 1444 1901 1481 Grae-

504 1510 593 1548 culo
607 1510 794 1562 judicem.
828 1509 991 1548 Idoneus
1012 1523 1063 1554 es,
1086 1510 1215 1562 inquit
1233 1525 1241 1548 :
1270 1510 1331 1548 sed
1351 1510 1560 1563 pervellem
1581 1509 1744 1547 adessent
1763 1510 1804 1554 ii,
1833 1510 1902 1562 qui

504 1575 689 1615 affuerant
714 1585 836 1621 antea,
857 1577 1085 1629 causamque
1111 1586 1332 1629 cognorant.
1379 1578 1470 1621 Dic,
1505 1577 1662 1629 inquit:
1694 1576 1753 1613 illi
1783 1576 1903 1614 adesse

502 1657 580 1682 non
601 1643 767 1696 possunt.
799 1643 907 1681 Nam
927 1642 1095 1687 hercule,
1113 1643 1241 1695 inquit
1262 1644 1552 1696 QMinucius,
1569 1656 1632 1681 me
1652 1656 1807 1695 quoque
1828 1644 1902 1681 Pe-

502 1707 623 1754 tilius,
656 1718 699 1747 ut
718 1708 788 1746 fibi
819 1708 858 1746 in
879 1708 1037 1746 confilio
1056 1708 1231 1754 adessem,
1263 1708 1435 1761 rogavit:
1466 1716 1505 1746 et
1530 1707 1643 1746 fimul
1674 1721 1695 1746 a
1714 1707 1900 1747 subselliis

501 1775 605 1813 abire
623 1775 756 1828 coepit.
803 1774 874 1812 Iste
894 1775 1010 1813 iratus
1031 1773 1234 1813 hominem
1255 1774 1378 1813 verbis
1399 1773 1751 1812 vehementioribus
1771 1774 1900 1826 prose-

501 1831 647 1894 quitur,
676 1851 791 1894 atque
810 1842 844 1879 ei
864 1842 1014 1893 gravius
1044 1841 1162 1879 etiam
1183 1841 1322 1880 minari
1341 1842 1475 1894 coepit,
1508 1841 1613 1893 quod
1632 1841 1672 1878 in
1693 1840 1728 1878 se
1749 1849 1900 1879 tantum

502 1908 666 1952 crimen,
688 1906 952 1957 invidiamque
971 1905 1164 1944 conflaret.

558 1973 692 2011 XXX.
724 1972 942 2016 Minucius,
974 1971 1042 2024 qui
1063 1971 1248 2023 Syracusis
1270 1971 1320 2009 fic
1340 1971 1610 2024 negotiaretur,
1643 1980 1686 2010 ut
1705 1971 1761 2009 sui
1785 1972 1899 2024 juris,

504 2039 776 2093 dignitatisque
807 2038 1052 2084 meminisset,
1084 2049 1122 2077 et
1156 2040 1223 2092 qui
1258 2039 1367 2077 sciret
1391 2040 1444 2077 ita
1474 2039 1509 2077 se
1543 2040 1583 2078 in
1604 2039 1800 2092 provincia
1819 2052 1900 2078 rem

503 2120 638 2159 augere
657 2115 844 2158 oportere,
866 2115 909 2143 ut
929 2119 975 2143 ne
996 2106 1090 2157 quid
1111 2107 1156 2144 de
1176 2106 1349 2144 libertate
1368 2106 1601 2159 deperderet,
1631 2105 1798 2151 homini,
1816 2120 1901 2159 quae

501 2173 576 2211 visa
596 2172 696 2217 sunt,
718 2180 756 2209 et
775 2185 858 2223 quae
879 2181 1032 2224 tempus
1053 2172 1150 2210 illud
1171 2172 1274 2217 tulit,
1305 2181 1343 2210 et
1358 2172 1479 2217 causa,
1503 2173 1694 2226 respondit
1712 2187 1720 2210 :
1750 2172 1899 2210 causam

502 2239 588 2284 sese,
610 2237 762 2276 dimisso
782 2247 895 2290 atque
915 2238 1088 2290 ablegato
1108 2238 1278 2283 confilio,
1300 2238 1546 2277 defensurum
1568 2239 1719 2291 negavit
1738 2252 1746 2275 τ
1769 2238 1899 2289 itaque

501 2318 521 2343 a
541 2304 726 2343 subselliis
747 2303 908 2341 disceffit
926 2318 934 2341 :
957 2304 1136 2355 idemque
1156 2302 1245 2349 hoc,
1267 2313 1400 2357 praeter
1420 2304 1582 2348 Siculos,
1604 2303 1728 2341 caeteri
1750 2304 1898 2355 Sopatri

501 2371 631 2415 amici,
653 2369 902 2422 advocatique
923 2368 1110 2407 fecerunt.
1153 2369 1237 2413 Iste,
1261 2383 1481 2421 quanquam
1503 2369 1554 2406 est
1580 2368 1797 2406 incredibili
1819 2369 1897 2407 im-

501 2438 735 2489 portunitate
755 2445 793 2474 et
812 2437 980 2481 audacia,
1017 2446 1144 2474 tamen
1166 2436 1290 2473 subito
1321 2436 1419 2474 solus
1447 2436 1647 2473 destitutus
1678 2436 1895 2487 pertimuit,

499 2512 537 2540 et
556 2502 806 2540 conturbatus
839 2503 901 2540 est.
938 2502 1047 2554 Qid
1079 2511 1218 2555 ageret,
1253 2516 1332 2554 quo
1352 2502 1386 2539 se
1417 2511 1590 2547 verteret,
1622 2501 1824 2539 nesciebat.
1858 2502 1897 2539 Si

499 2567 692 2607 dimisisset
730 2581 775 2606 eo
814 2577 984 2621 tempore
1021 2568 1269 2621 quaestionem
1283 2597 1294 2614 ,
1335 2568 1417 2621 post
1450 2568 1525 2606 illis
1560 2566 1758 2613 adhibitis,
1799 2579 1895 2619 quos
