2201 2792
651 167 1081 209 ACTIONISII.
1142 170 1352 210 LIBER
1382 173 1434 212 v.
1664 189 1744 231 443

399 268 499 306 Vide
520 268 614 320 quid
635 269 781 307 interfit
800 269 901 307 inter
921 279 1027 308 tuam
1047 270 1267 316 libidinem,
1291 272 1561 324 majorumque
1581 274 1745 312 auctori-

353 342 499 381 tatem;
533 336 633 373 inter
653 349 826 374 amorem
856 336 1107 390 furoremque
1141 347 1269 383 tuum,
1305 348 1344 376 et
1364 338 1523 377 illorum
1544 340 1747 378 confilium

353 409 468 452 atque
496 402 755 454 prudentiam.
789 402 854 441 Illi
884 403 1033 441 aditum
1068 403 1190 442 litoris
1219 403 1457 456 Syracusanis
1491 404 1718 442 ademerunt
1735 419 1745 443 ε

353 475 396 504 tu
416 468 660 506 maritimum
680 469 891 521 imperium
910 469 1133 508 conceffisti.
1165 470 1230 509 Illi
1249 469 1421 509 habitare
1440 471 1481 509 in
1507 484 1552 509 eo
1571 471 1658 509 loco
1678 471 1749 522 Sy-

353 533 593 578 racusanum,
616 548 694 585 quo
715 547 826 572 naves
847 535 1024 573 accedere
1043 536 1205 588 poffent,
1238 537 1469 575 noluerunt:
1501 544 1543 575 tu
1564 536 1680 580 claffi,
1711 544 1750 573 et

352 599 527 645 navibus,
544 600 817 651 Syracusanum
837 601 986 653 praeeffe
1004 601 1170 640 voluisti.
1195 602 1350 653 Qibus
1372 603 1431 640 illi
1451 602 1555 640 urbis
1569 602 1642 640 suae
1660 615 1748 654 par-

354 673 434 703 tem
455 668 693 711 ademerunt,
715 667 762 704 iis
783 676 826 704 tu
844 667 961 705 nostri
981 668 1136 721 imperii
1155 677 1304 722 partem
1324 669 1458 707 dedisti
1475 684 1484 707 ε
1507 678 1558 715 et,
1581 682 1750 722 quorum

353 730 546 771 sociorum
567 746 679 786 opera
699 733 917 785 Syracusani
939 735 1050 773 nobis
1071 735 1174 774 dieto
1194 736 1390 774 audientes
1412 736 1512 782 sunt,
1553 749 1616 774 eos
1638 737 1750 786 Syra-

355 798 502 837 cusanis
523 800 626 838 disto
646 800 841 839 audientes
862 801 932 839 effe
946 802 1096 854 juffisti.

422 866 616 904 XXXIII.
662 867 873 919 Egreditur
906 869 1160 922 Centuripina
1193 868 1427 921 quadriremi
1460 867 1691 906 Cleomenes
1731 881 1753 906 e

356 942 472 984 portu
490 947 497 971 :
532 933 703 985 sequitur
723 934 919 986 Segestana
939 936 1058 981 navis,
1079 935 1353 987 Tyndaritana,
1387 935 1643 979 Herbitensis,
1665 935 1752 972 He-

357 999 560 1045 racliensis,
583 1000 882 1052 ApollonienfiS,
897 1002 1137 1040 Haluntina:
1161 1003 1337 1055 praeclara
1357 1002 1476 1040 claffis
1498 1003 1537 1039 in
1558 1002 1749 1054 speciem;

358 1064 419 1102 sed
439 1066 550 1118 inops
571 1075 610 1103 et
629 1065 797 1111 infirma,
829 1076 986 1120 propter
1006 1067 1264 1106 dimiffionem
1286 1076 1618 1121 propugnatorum
1636 1076 1755 1118 atque

359 1134 566 1186 remigum.
601 1134 773 1172 Tamdiu
794 1135 835 1172 in
866 1135 1029 1188 imperio
1060 1136 1126 1174 suo
1156 1135 1310 1174 claffem
1338 1135 1405 1174 iste
1427 1137 1569 1174 Praetor
1589 1135 1753 1188 diligens

359 1200 470 1243 vidit,
493 1199 681 1251 quamdiu
702 1201 924 1238 convivium
956 1202 1035 1253 ejus
1057 1202 1389 1254 flagitiofiffimum
1417 1202 1656 1254 praetervecta
1686 1201 1753 1239 est.

361 1265 443 1318 Ipse
462 1275 607 1309 autem,
643 1266 711 1317 qui
731 1266 830 1304 visus
852 1267 986 1304 multis
1007 1268 1142 1306 diebus
1162 1281 1241 1305 non
1260 1267 1362 1312 effet,
1395 1277 1481 1305 tum
1501 1267 1536 1305 se
1566 1276 1694 1304 tamen
1714 1267 1755 1304 in

360 1331 607 1384 conspeetum
627 1332 751 1369 nautis
773 1333 961 1385 paulisper
978 1333 1097 1371 dedit.
1131 1334 1244 1371 Stetit
1272 1333 1430 1370 soleatus
1453 1334 1595 1370 Praetor
1620 1332 1757 1384 populi

361 1397 532 1435 Romani
553 1410 644 1434 cum
665 1397 783 1450 pallio
803 1412 1011 1450 purpureo,
1027 1400 1235 1451 tunicaque
1256 1399 1375 1443 talari,
1395 1398 1623 1436 muliercula
1643 1399 1756 1435 nixus

362 1465 402 1502 in
424 1464 549 1502 litore.
582 1464 670 1514 Jam
691 1462 766 1501 hoc
801 1464 882 1516 ipso
901 1465 1016 1502 istum
1048 1466 1186 1504 vestitu
1218 1465 1351 1510 Siculi,
1385 1464 1561 1516 civesque
1587 1465 1758 1502 Romani

361 1529 560 1584 permulti,
583 1529 677 1582 saepe
696 1529 889 1568 viderunt.

418 1596 669 1648 Posteaquam
689 1596 850 1648 paulum
872 1598 1048 1649 provecta
1067 1596 1187 1635 claffis
1208 1596 1273 1641 est,
1306 1606 1343 1635 et
1369 1595 1597 1648 Pachynum
1619 1596 1760 1649 quinto

363 1662 425 1700 die
445 1662 609 1713 denique
636 1661 790 1714 appulsa
811 1663 862 1700 est
878 1681 889 1707 5
922 1672 1059 1708 nautae,
1091 1662 1194 1701 fame
1211 1663 1346 1708 coacti,
1380 1663 1523 1700 radices
1541 1662 1760 1715 palmarum

364 1727 582 1781 agrestium,
601 1741 764 1779 quarum
786 1737 863 1766 erat
884 1729 924 1766 in
945 1728 1006 1767 his
1027 1729 1138 1774 locis,
1156 1729 1251 1767 ficut
1270 1729 1311 1767 In
1332 1742 1470 1782 magna
1484 1737 1590 1781 parte
1607 1727 1761 1774 Siciliae,

365 1794 594 1838 multitudo,
615 1793 862 1846 colligebant,
880 1804 918 1832 et
937 1793 997 1833 his
1017 1795 1143 1833 miseri
1158 1795 1375 1848 perditique
1393 1794 1603 1832 alebantur.
1641 1793 1760 1832 Cleo-

366 1874 497 1899 menes
519 1869 662 1905 autem,
699 1861 767 1912 qui
788 1861 950 1898 alterum
972 1861 1007 1898 se
1022 1862 1180 1899 Verrem
1201 1875 1294 1899 cum
1314 1861 1465 1898 luxuria
1485 1868 1600 1912 atque
1620 1860 1760 1912 nequi-

367 1928 433 1972 tia,
456 1937 542 1965 tum
563 1927 680 1965 etiam
708 1928 886 1980 imperio,
919 1937 1093 1981 putaret;
1126 1928 1298 1966 fimiliter
1319 1937 1419 1966 totos
1440 1927 1533 1972 dies,
1566 1927 1607 1964 in
1633 1926 1760 1972 litore,

368 1994 613 2032 tabernaculo
633 1994 769 2046 posito,
791 1995 1027 2048 perpotabat.

423 2060 615 2097 XXXIV.
649 2061 752 2098 Ecce
783 2071 911 2099 autem
932 2071 1100 2114 repente,
1131 2061 1238 2099 ebrio
1259 2061 1484 2104 Cleomene,
1511 2059 1761 2097 esurientibus

371 2126 528 2170 cacteris,
551 2126 751 2163 nuntiatur
770 2127 977 2179 piratarum
1000 2141 1109 2165 naves
1131 2126 1201 2165 effe
1221 2127 1260 2165 in
1281 2136 1394 2180 portu
1416 2125 1550 2164 Ediffae
1569 2141 1578 2164 ε
1602 2139 1690 2163 nam
1710 2125 1763 2162 ita

370 2193 401 2230 is
422 2193 529 2230 locus
551 2193 785 2231 nominatur.
819 2193 958 2231 Nostra
981 2203 1110 2232 autem
1131 2193 1250 2232 claffis
1271 2204 1349 2232 crat
1369 2195 1408 2231 in
1441 2202 1554 2246 portu
1576 2190 1760 2242 Pachyni.

372 2259 602 2296 Cleomenes
620 2268 763 2303 autem,
784 2259 889 2311 quod
909 2269 987 2297 erat
1008 2260 1176 2298 terrestre
1196 2260 1412 2313 praefidium
1435 2273 1511 2296 non
1535 2271 1586 2301 re,
1609 2257 1669 2293 sed
1690 2270 1762 2293 no-

372 2325 491 2369 mine,
514 2325 696 2377 sperabat,
719 2326 764 2363 iis
787 2326 993 2371 militibus,
1017 2340 1112 2378 quos
1133 2340 1180 2365 ex
1198 2340 1242 2364 eo
1264 2327 1349 2363 loco
1369 2323 1591 2366 dednxiffet,
1611 2322 1764 2374 explere

375 2389 408 2425 se
431 2403 638 2427 numerum
672 2401 876 2430 nautarum
910 2402 946 2429 et
979 2393 1174 2444 remigum
1206 2390 1320 2443 posse.
1354 2391 1517 2440 Reperta
1548 2388 1599 2424 est
1633 2387 1763 2424 eadem

376 2454 479 2491 istius
501 2454 671 2492 hominis
689 2457 890 2495 avariffimi
911 2459 1006 2495 ratio
1027 2459 1066 2495 in
1088 2457 1280 2510 praefidiis,
1296 2469 1380 2507 qua:
1402 2455 1440 2492 in
1458 2453 1651 2493 clastibus:
1675 2467 1764 2491 nam

375 2530 479 2558 crant
499 2522 677 2575 perpauci
698 2523 849 2576 reliqui,
872 2525 1072 2577 caeterique
1092 2522 1245 2561 dimiffi.

1225 2586 1354 2626 Kkk
1386 2600 1408 2625 2.
