2201 2792
578 178 926 218 ACTIONIS
968 178 1022 216 11.
1093 179 1304 217 LIBER
1347 183 1378 218 Ι.
1611 183 1682 236 185

277 278 363 316 ideo
384 277 529 330 aliquid
550 285 683 315 contra
712 276 893 315 mulieres
927 275 1034 321 fecit,
1059 289 1107 314 ne
1141 285 1271 315 totum
1305 277 1476 315 edictum
1510 279 1557 316 ad
1579 278 1684 316 Che-

277 343 417 382 lidonis
438 342 643 380 arbitrium
663 341 851 395 scriptum
870 342 1085 380 videretur?
1110 343 1328 395 Cupiditati
1347 341 1558 380 hominum
1579 344 1631 380 ait
1652 344 1686 381 se

275 409 432 448 obviam
451 409 519 447 ire.
553 408 662 460 Qid
681 409 827 460 potius,
862 422 941 447 non
975 408 1095 447 modo
1113 407 1174 447 his
1196 409 1453 461 temp01·ibuS‚
1488 408 1551 445 sed
1570 409 1686 446 etiam

276 474 377 528 apud
397 475 557 527 majores
578 475 724 513 nostros
741 475 753 511 ?
775 475 862 527 quis
894 484 973 513 tam
991 484 1162 513 remotus
1183 474 1260 512 fuit
1280 489 1300 513 a
1316 475 1529 528 cupiditate
1548 475 1560 510 ?
1593 475 1685 519 Dic,

275 541 415 593 quaeso,
437 550 584 580 caetera.
616 541 794 580 Deleetat
814 542 921 580 enim
956 554 1020 580 me
1048 540 1222 580 hominis
1242 542 1421 594 gravitas,
1449 540 1605 579 scientia
1618 541 1687 592 ju-

275 608 340 653 ris,
362 608 580 647 auctoritas.
626 609 704 660 Qti
725 608 771 647 ab
791 609 845 647 A.
867 608 1057 662 Pcssumio,
1089 610 1141 661 Q
1160 609 1295 648 Fulvio
1315 607 1539 661 Cetgforibzcs,
1563 607 1687 660 postve

274 688 315 713 ea
320 674 433 725 ficit,
449 674 603 727 fecerit.
634 675 760 720 Fecit,
778 673 914 713 fecerit
931 675 945 711 ?
978 675 1078 726 Qis
1100 688 1275 727 unquam
1295 674 1418 713 edixit
1444 674 1514 712 isto
1534 673 1653 711 modo
1673 673 1686 709 ?

276 741 364 792 quis
386 754 559 793 unquam
577 741 659 793 ejus
691 741 744 779 rei
764 740 955 787 fraudem,
986 750 1051 779 aut
1079 741 1300 794 perleulum
1328 739 1528 794 proposuit
1548 739 1687 783 εάἰξὶο,

276 818 362 859 quae
382 819 508 858 neque
526 805 611 858 post
629 805 816 851 edietum,
838 820 964 859 neque
982 815 1069 845 ante
1088 806 1260 845 edistum
1281 805 1473 860 provideri
1493 805 1623 858 potuit
1642 805 1655 841 ?

331 871 465 910 XLII.
497 872 604 922 Jure,
626 871 794 924 legibus,
816 873 1041 911 auctoritate
1061 872 1258 917 omnium,
1286 873 1354 925 qui
1374 870 1688 915 consulebantur,

276 937 550 976 testamentum
571 940 616 977 P.
638 939 794 978 Annius
815 938 970 985 fecerat,
1008 953 1087 978 non
1108 939 1352 992 improbum,
1385 951 1463 976 non
1494 936 1689 974 inofficio-

278 1003 378 1049 sum,
410 1018 489 1043 non
519 1003 797 1044 inhumanum.
844 1006 965 1056 Qod
984 1006 1011 1044 fi
1042 1006 1096 1044 ita
1120 1005 1280 1051 fecisset,
1311 1014 1441 1043 tamen
1472 1003 1555 1057 post
1585 1002 1690 1040 illius

279 1079 451 1110 mortem
471 1069 572 1109 nihil
592 1071 638 1108 de
658 1071 884 1109 testamento
914 1072 1020 1110 illius
1041 1071 1133 1110 novi
1147 1072 1246 1123 juris
1267 1071 1449 1109 constitui
1483 1077 1689 1122 oporteret.

279 1136 456 1175 Voconia
475 1138 539 1175 lex
558 1146 595 1175 te
615 1137 795 1175 videlicet
815 1137 1038 1176 delectabat.
1083 1138 1261 1176 Imitatus
1296 1136 1386 1175 effes
1420 1136 1549 1189 ipsum
1574 1135 1693 1173 illum

280 1203 330 1241 C.
354 1203 593 1246 Voconium,
625 1203 694 1253 qui
728 1202 813 1253 lege
846 1202 910 1239 sua
944 1201 1207 1240 haereditatem
1242 1203 1387 1240 ademit
1420 1202 1535 1246 nulli,
1568 1213 1694 1252 neque

278 1268 436 1321 virgini,
468 1281 594 1320 neque
613 1267 798 1306 mulieri:
831 1267 956 1306 sanxit
982 1267 1024 1305 in
1054 1267 1266 1321 posterum,
1296 1268 1365 1319 qui
1394 1267 1477 1319 post
1498 1280 1561 1305 eos
1584 1267 1691 1304 Cen-

278 1335 377 1374 sores
397 1334 530 1375 census
551 1333 654 1381 esset,
675 1347 724 1373 ne
744 1334 831 1387 quis
850 1333 1036 1372 heredem
1055 1334 1261 1387 virginem,
1283 1346 1377 1372 neve
1406 1332 1614 1371 mulierem
1633 1331 1694 1370 fa-

255 1431 259 1434 >
278 1410 396 1440 ceret.

338 1469 385 1506 In
405 1467 489 1520 lege
509 1466 686 1505 Voconia
710 1480 789 1505 non
809 1466 876 1512 est,
907 1467 1026 1512 Fecit,
1046 1467 1216 1519 ficet-im
1249 1479 1374 1519 neque
1408 1465 1449 1504 in
1483 1464 1562 1503 ulla
1596 1478 1694 1518 prae-

283 1534 445 1572 teritum
465 1544 619 1587 tempus
638 1532 944 1587 reprehenditur,
977 1534 1046 1572 nifi
1074 1535 1155 1586 ejus
1177 1534 1244 1579 rei,
1272 1547 1357 1586 quae
1378 1532 1440 1571 sua
1460 1532 1594 1585 sponte
1614 1531 1696 1569 sce-

284 1600 400 1638 lerata
419 1613 462 1638 ac
495 1599 639 1638 nefaria
658 1600 725 1644 est,
756 1609 814 1644 ut,
847 1600 964 1638 etiam
985 1599 1012 1638 fi
1046 1600 1109 1638 lex
1138 1614 1217 1638 non
1248 1599 1351 1644 effer,
1383 1611 1617 1651 magnopere
1637 1597 1696 1634 vi-

285 1661 400 1698 tanda
418 1660 550 1698 fuerit.
582 1663 715 1712 Atque
750 1661 790 1698 in
820 1660 880 1698 his
902 1661 1013 1698 rebus
1044 1661 1167 1699 multa
1192 1661 1370 1698 videmus
1400 1660 1454 1697 ita
1474 1659 1598 1696 saneta
1626 1657 1698 1695 effe

285 1725 451 1777 legibus,
474 1732 517 1761 ut
537 1733 622 1762 ante
643 1724 741 1762 facta
760 1724 800 1762 in
825 1724 1022 1775 judicium
1043 1738 1121 1762 non
1142 1733 1340 1762 vocentur.
1378 1722 1558 1761 Cornelia
1585 1721 1696 1759 testa-

285 1791 484 1836 mentaria,
516 1791 749 1836 nummaria,
780 1800 922 1829 caeterae
947 1791 1167 1844 complures
1186 1805 1196 1829 z
1227 1791 1269 1828 in
1290 1790 1433 1842 quibus
1454 1802 1532 1826 non
1544 1791 1607 1840 jus
1624 1788 1698 1825 ali-

285 1857 391 1909 quod
422 1871 570 1896 novum
591 1858 739 1910 populo
759 1857 1018 1902 constituitur,
1041 1857 1102 1895 sed
1122 1857 1302 1901 sancitur,
1335 1865 1391 1900 ut,
1415 1854 1519 1907 quod
1551 1854 1699 1908 semper

285 1923 436 1962 malum
469 1922 619 1962 facinus
653 1922 785 1968 fuerit,
816 1924 897 1976 ejus
925 1923 1083 1976 quaestio
1114 1922 1160 1961 ad
1191 1922 1386 1975 populum
1415 1921 1619 1974 pertineat,
1651 1933 1698 1957 ex

288 1998 392 2028 certo
414 1999 602 2043 tempore.
648 1990 712 2028 De
736 1990 824 2042 jure
844 2003 933 2028 vero
962 1989 1070 2027 civili
1098 1989 1125 2027 fi
1157 1989 1246 2042 quis
1279 1988 1369 2026 novi
1401 1987 1498 2040 quid
1515 1986 1696 2030 instituit,

287 2055 319 2094 is
339 2056 484 2101 omnia,
516 2069 602 2108 quae
632 2065 721 2095 ante
740 2057 820 2094 aeta
840 2055 941 2101 sunt,
972 2064 1052 2094 rata
1071 2055 1142 2094 effe
1163 2069 1241 2093 non
1262 2054 1407 2108 patitur
1425 2054 1438 2091 ?
1473 2053 1580 2092 Cedo
1597 2050 1703 2090 mihi.

289 2123 393 2174 leges
420 2121 588 2167 Atinias,
620 2122 769 2167 Furias,
801 2121 935 2174 ipsam,
967 2131 1011 2159 ut
1040 2122 1137 2166 dixi,
1167 2121 1400 2165 Voconiam,
1431 2133 1566 2158 omnes
1601 2132 1698 2171 pra>-

289 2198 390 2226 terea
410 2188 456 2225 de
471 2188 559 2239 jure
579 2187 713 2232 civili3
745 2186 821 2225 hoc
849 2188 1009 2240 reperies
1027 2188 1067 2226 in
1088 2188 1272 2226 omnibus
1292 2187 1403 2225 statui
1420 2187 1497 2239 jus,
1518 2199 1596 2238 quo
1617 2184 1699 2236 post

290 2268 374 2293 eam
394 2254 522 2307 legem
543 2254 710 2307 populus
730 2263 874 2292 utatur.
895 2255 977 2306 Qi
996 2255 1215 2308 plurimum
1237 2255 1415 2292 tribuunt
1433 2254 1571 2296 edicto,
1595 2252 1696 2288 i’rae-

290 2322 383 2360 toris
399 2321 570 2359 edietum
592 2320 720 2374 legem
751 2334 919 2359 annuam
950 2321 1088 2360 dicunt
1107 2321 1192 2360 effe.
1225 2323 1293 2360 Tu
1323 2321 1448 2358 edicto
1479 2318 1565 2369 plus
1586 2328 1698 2352 com-

292 2387 482 2440 ρΙεξὶεῑίε,
504 2401 622 2440 quam
643 2388 740 2441 lege.
785 2388 822 2425 Si
843 2387 962 2426 finem
982 2388 1106 2426 edicto
1126 2388 1301 2426 Praetoris
1332 2385 1496 2422 aderunt
1517 2380 1700 2419 Kalendae

294 2451 478 2501 Januarii,
514 2465 583 2490 cur
617 2466 696 2492 non
736 2453 893 2492 initium
930 2467 1088 2507 quoque
1120 2452 1236 2490 edicti
1267 2449 1430 2487 nascitur
1467 2460 1487 2484 a
1516 2445 1700 2484 Kalendis

379 2517 417 2555 T
432 2530 455 2556 o
471 2530 524 2556 M.
557 2518 628 2557 IV.
1322 2515 1357 2551 A
1379 2526 1398 2550 a
