2201 2792
551 105 1115 151 *ARGUMENTA
1177 110 1713 150 ORATIONUM.
1850 125 1874 153 ρ,

380 192 578 239 constituat,
603 207 709 243 quam
727 194 861 244 perdat,
876 194 984 241 fisua
1001 194 1083 230 bona
1100 205 1138 229 ex
1154 193 1251 229 edilia
1262 193 1471 242 poffiffafint.
1511 194 1737 241 Sponsionem
1755 193 1870 233 facere

383 240 554 294 Qintius
582 245 711 280 maluit.
764 244 945 290 Judicium
969 256 1056 291 ergo
1078 244 1321 280 constituitur:
1349 243 1522 290 daturque
1542 245 1607 279 hoc
1624 244 1806 291 negotium
1825 246 1867 281 C.

383 296 533 342 Aquilio
550 295 666 337 Gallo,
694 304 769 329 tum
785 291 873 340 juris
896 293 1007 328 civilis
1027 293 1166 329 scientia
1190 293 1346 340 inprimis
1369 293 1484 328 claro:
1513 293 1574 339 qui
1599 303 1666 328 tres
1694 294 1808 329 secum
1833 296 1868 330 in

383 344 563 381 confilium
593 344 688 390 Juris
716 342 889 377 consultos
918 342 1090 385 adhibuit,
1115 343 1173 378 M.
1195 343 1420 384 Marcellum,
1446 343 1488 377 P.
1510 342 1740 390 Qintilium,
1767 353 1804 379 et
1822 343 1867 380 L.

383 393 591 435 Lucullum,
617 404 732 428 coram
751 391 879 438 quibus
899 404 938 427 ea
956 403 1006 426 res
1025 392 1099 427 a6ta
1116 391 1175 427 est.

492 511 656 563 Argum.
851 508 931 548 Pro
958 508 1044 547 Sex.
1075 507 1198 560 Roscio
1223 508 1410 548 Amerino.
1740 522 1778 563 p.
1800 520 1867 563 54.

435 595 480 633 L.
500 596 629 631 SYLLA
649 595 696 631 11.
717 595 771 644 Q
785 595 936 631 Metello
953 595 1043 631 Coss.
1059 595 1204 631 Erutius
1222 596 1301 630 Sex.
1340 595 1506 630 Roscium
1527 594 1740 643 municipem
1760 598 1869 632 Ame-

381 645 510 687 rinum,
529 645 699 691 Equitem
718 644 762 680 R.
779 645 950 692 parricidii
970 656 1068 680 reum
1087 645 1180 691 apud
1199 645 1255 680 M.
1271 644 1443 680 Fannium
1463 643 1665 690 Qaesttorem
1681 648 1764 681 inter
1780 648 1869 682 Sica·

381 696 445 730 rios
463 695 484 729 i.
503 706 533 730 e.
551 706 634 729 eum
652 704 852 741 praetorem,
879 696 935 729 cui
954 693 1019 729 hoc
1038 695 1160 729 datum
1186 704 1270 736 erat,
1297 704 1338 729 ut
1360 706 1402 729 eo
1422 705 1526 735 anno,
1553 694 1574 728 si
1598 695 1677 740 quis
1700 704 1868 742 tanquam

381 744 519 779 ficarius
537 743 740 784 deferretur,
758 743 801 778 de
819 755 858 778 ea
876 755 910 778 re
928 742 1157 790 quaestionem
1175 743 1317 778 haberet
1336 754 1373 778 ac
1385 743 1570 789 judicaret,
1591 742 1689 786 fecit,
1714 756 1870 791 eumque

381 793 430 828 ita
447 792 632 834 accusavit,
652 802 689 826 ut
708 793 837 827 diceret
855 792 988 827 causam
1007 793 1038 827 ei
1057 792 1216 827 maleficii
1230 792 1429 840 suscipiendi
1446 791 1557 834 fuisse,
1578 793 1729 839 primum
1745 793 1869 831 odium

381 841 501 889 patris,
528 841 588 888 qui
607 852 642 876 et
659 841 703 876 ab
722 841 785 876 sese
804 842 902 876 illum
921 842 1133 884 amandarat,
1147 850 1183 876 et
1214 841 1247 876 in
1266 842 1396 889 praedia
1414 841 1536 876 rustica
1549 843 1726 889 relegarat,
1753 853 1869 890 neque

382 902 542 937 unquam
567 891 662 925 domi
680 889 749 925 suae
769 891 957 926 habuerat:
987 899 1022 926 et
1048 890 1114 926 hoc
1141 891 1305 937 amplius,
1333 891 1540 926 exheredare
1567 891 1664 925 illum
1691 891 1723 925 in
1752 893 1869 928 animo

382 939 562 975 habuerat.
614 940 670 974 M.
690 939 830 976 Tullius
855 952 986 975 annum
1013 950 1088 975 tum
1115 952 1220 987 agens
1247 940 1357 975 aetatis
1382 940 1566 987 septimum
1591 951 1625 975 et
1651 941 1868 984 vicefimum,

383 988 549 1023 Roscium
577 988 646 1022 hac'
663 988 816 1023 oratione
843 989 1012 1024 defendit.
1060 989 1100 1023 In
1132 1001 1199 1036 qua
1231 989 1306 1024 haec
1332 989 1401 1024 fere
1434 990 1546 1036 capita
1575 989 1780 1037 complexus
1809 990 1867 1026 est.

382 1037 542 1072 Primum
563 1037 747 1072 abhorrere
765 1049 784 1072 a
801 1038 887 1072 tanti
906 1037 1034 1073 sceleris
1053 1039 1231 1073 atrocitate
1257 1038 1363 1073 vitam
1388 1039 1465 1073 Sex.
1510 1039 1623 1073 Roscii
1644 1039 1868 1075 honestiffime

381 1096 490 1132 atque
517 1086 732 1133 integerrime
759 1087 983 1121 transaQam:
1012 1087 1100 1133 patri
1125 1097 1243 1122 autem
1263 1088 1396 1121 causam
1421 1087 1550 1121 nullam
1571 1087 1678 1129 fuiffe,
1705 1099 1767 1123 cur
1784 1099 1867 1124 eum

381 1136 465 1170 odio
487 1135 643 1176 haberet,
670 1145 774 1181 atque
798 1135 1006 1170 exheredare
1025 1135 1137 1170 vellet.
1189 1136 1299 1183 Qod
1319 1148 1400 1170 vero
1418 1148 1498 1171 eum
1519 1137 1565 1171 rei
1584 1136 1715 1171 rusticae
1733 1149 1868 1185 praepo·

381 1183 505 1224 suerat,
531 1184 564 1218 id
585 1195 652 1218 non
672 1185 779 1218 modo
798 1196 867 1219 non
884 1185 955 1219 odii
973 1195 1011 1219 ac
1030 1184 1292 1227 malevolentiae,
1312 1184 1366 1219 sed
1384 1185 1486 1219 etiam
1507 1185 1634 1219 amoris
1657 1196 1693 1220 et
1711 1186 1866 1222 benevo-

379 1232 497 1268 lentiae
513 1243 668 1280 paternae
688 1233 857 1280 singulare
876 1233 1111 1268 testimonium
1129 1234 1286 1269 extitiffe.
1331 1235 1544 1269 Incredibile
1555 1235 1631 1276 esse,
1652 1234 1716 1270 hoc
1736 1236 1867 1272 crimen

379 1282 416 1317 in
434 1294 635 1329 quenquam
652 1282 803 1317 humana
816 1282 926 1329 specie
942 1294 980 1317 ac
995 1283 1106 1329 figura
1119 1282 1306 1330 praeditum
1321 1283 1442 1318 cadere
1456 1283 1613 1330 potuiffe‚
1625 1283 1683 1318 nisi
1698 1295 1865 1331 tanquam

380 1342 434 1374 ea,
461 1343 544 1378 quae
571 1332 682 1366 oculis
710 1342 911 1373 cernuntur,
938 1332 1091 1378 expreffa
1117 1331 1249 1366 sceleris
1278 1333 1420 1380 vestigia
1447 1344 1627 1367 extarent:
1660 1332 1864 1371 facultatem

381 1380 535 1428 denique
557 1381 755 1427 perficiendi
785 1381 943 1416 maleficii
969 1381 1101 1416 nullam
1126 1381 1251 1416 Roscio
1273 1380 1381 1424 fuiffe,
1409 1382 1470 1428 qui
1495 1394 1608 1428 neque
1636 1383 1761 1418 Romae
1788 1394 1865 1420 tum

379 1428 508 1472 fuisset,
535 1441 646 1476 quum
666 1430 777 1465 caedes
796 1429 885 1465 fafta
903 1431 1088 1471 diceretur,
1115 1442 1229 1477 neque
1249 1431 1358 1465 ullum
1378 1432 1527 1466 liberum
1547 1432 1725 1467 hominem
1746 1434 1864 1475 noffet,

380 1490 445 1526 per
469 1490 576 1526 quem
602 1479 783 1526 negotium
811 1479 1033 1526 transigeret:
1063 1479 1173 1514 servos
1197 1492 1279 1514 vero
1308 1480 1416 1527 ipsum
1443 1482 1546 1516 etiam
1575 1481 1608 1514 in
1636 1481 1864 1528 quaestionem

379 1528 563 1574 postulare,
591 1539 716 1574 quum,
745 1529 765 1562 ii
794 1540 837 1563 ne
864 1529 1002 1570 dentur,
1033 1528 1213 1563 adversarii
1243 1542 1454 1576 magnopere
1486 1529 1651 1565 recusent.
1703 1532 1865 1567 Secundo

379 1578 459 1612 loco
477 1577 523 1612 ita
541 1588 640 1611 reum
659 1587 797 1624 purgat,
817 1587 856 1612 ut
874 1578 976 1612 etiam
993 1579 1027 1613 in
1047 1579 1091 1612 T.
1111 1578 1276 1613 Roscium
1295 1580 1484 1626 quendam,
1504 1591 1739 1625 cognomento
1758 1582 1866 1628 Mag-

381 1636 482 1667 num,
508 1626 638 1660 crimen
666 1625 832 1669 conferat,
859 1627 955 1674 quod
981 1637 1016 1662 et
1040 1637 1173 1662 veteres
1197 1638 1232 1662 et
1254 1628 1415 1674 capitales
1440 1629 1635 1663 inimicitias
1658 1641 1739 1663 cum
1767 1630 1863 1665 Sexti

380 1684 478 1721 patre
507 1675 711 1718 exercuerit,
743 1686 778 1710 et
804 1676 931 1710 Romae
959 1686 1036 1710 tum
1065 1675 1181 1717 fuerit,
1209 1688 1290 1711 cum
1320 1677 1375 1711 ille
1402 1678 1531 1712 occisus
1559 1678 1715 1712 dicatur:
1750 1679 1866 1714 servus

380 1733 551 1770 praeterea
578 1723 713 1759 sicarius
743 1734 777 1758 et
800 1725 968 1771 gladiator
992 1725 1044 1766 sit,
1071 1735 1110 1760 ac
1136 1724 1223 1772 saepe
1251 1726 1284 1760 in
1311 1726 1406 1761 caede
1433 1726 1595 1761 versatus.
1647 1728 1785 1762 Deinde
1815 1729 1863 1764 L.

381 1772 649 1819 Chrysogonum
677 1773 721 1808 L.
742 1774 846 1819 Syliae
876 1774 1055 1815 libertum,
1081 1785 1115 1808 et
1141 1775 1234 1821 apud
1257 1776 1406 1810 eundem
1441 1776 1732 1822 gratiosissimum,
1759 1778 1862 1823 interf

379 1820 462 1857 feffl
487 1824 577 1857 bona
599 1822 695 1869 quasi
714 1822 889 1869 proscripti
907 1823 1075 1863 coemisse,
1101 1824 1280 1869 possidere,
1305 1834 1438 1871 partem
1459 1837 1538 1858 cum
1560 1826 1606 1859 T.
1627 1825 1750 1859 Roscio
1768 1839 1865 1861 corn-

381 1871 593 1906 municaffe:
621 1881 657 1906 et
679 1872 761 1917 quia
786 1884 878 1906 nunc
904 1873 1002 1906 Sexti
1025 1870 1163 1918 hujusce
1190 1873 1297 1908 vitam
1323 1884 1468 1919 uterque
1487 1874 1547 1908 fibi
1568 1877 1607 1908 ad
1627 1887 1665 1908 ea
1684 1875 1772 1909 bona
1791 1876 1864 1910 sru-

381 1921 472 1955 enda
495 1920 629 1955 obstare
662 1931 768 1967 atque
794 1922 932 1956 officere
958 1920 1141 1967 intelligat,
1172 1921 1352 1963 Erutium,
1387 1924 1612 1957 accusatorem
1644 1936 1798 1959 veterem
1829 1934 1864 1961 et

380 1969 608 2004 exercitatum
639 1969 836 2016 apposuisse,
869 1971 929 2017 qui
963 1970 1094 2005 crimen
1128 1971 1250 2005 callide
1280 1973 1506 2018 confingeret,
1543 1972 1864 2020 accusationemque

380 2017 571 2065 susciperet.
616 2019 731 2053 Reum
747 2030 862 2054 autem
880 2017 1043 2054 Roscium
1063 2030 1131 2054 non
1149 2021 1255 2054 modo
1270 2022 1405 2055 nullum
1421 2022 1697 2056 emolumentum
1718 2034 1760 2056 ex
1779 2035 1863 2059 nece

380 2066 501 2114 patris,
534 2067 589 2102 sed
616 2068 718 2101 etiam
745 2069 915 2103 summam
941 2068 1127 2115 egestatem
1154 2076 1267 2115 atque'
1286 2071 1436 2116 inopiam
1466 2071 1669 2116 reportasse:
1700 2071 1866 2118 iniquum>

379 2116 457 2157 esse,
476 2126 526 2157 ut,
546 2115 644 2162 cujus
662 2115 786 2162 injuria
803 2117 918 2163 patriis
937 2117 1085 2152 fortunis
1103 2118 1266 2152 omnibus
1286 2119 1323 2153 sit
1342 2119 1488 2160 eversus,
1507 2130 1611 2165 atque
1630 2120 1671 2154 ad
1690 2121 1867 2156 summam

381 2165 534 2211 inopiam
555 2165 725 2206 redactus,
742 2166 814 2211 ejus
833 2178 925 2201 nunc
944 2167 1099 2213 potentia
1117 2178 1178 2213 per
1195 2168 1366 2202 summum
1385 2169 1534 2203 dedecus
1554 2169 1792 2216 summamque
1810 2170 1861 2205 in-

373 2212 503 2260 juriam
523 2215 595 2248 vita
612 2214 777 2260 privetur.
820 2216 922 2262 Causa
936 2216 1063 2261 publica
1082 2217 1239 2262 adeoque
1257 2217 1367 2264 ipsum
1375 2218 1533 2263 judicium
1548 2218 1707 2262 publicum
1725 2220 1771 2252 est
1788 2232 1796 2253 ε
1826 2219 1859 2256 h.

380 2274 411 2298 e.
426 2262 598 2298 accusator
611 2275 680 2297 non
696 2263 866 2310 privatam
884 2263 1040 2311 alicujus,
1058 2264 1113 2300 sed
1127 2265 1216 2299 laesae
1234 2268 1338 2301 totius
1356 2268 1438 2313 reip.
1460 2266 1615 2312 injuriam
1633 2265 1868 2314 persequitur,

380 2312 478 2358 quod
501 2310 695 2358 hujusmodi
719 2313 863 2348 crimina
884 2315 927 2348 ad
949 2313 1051 2361 ipsius
1068 2314 1152 2360 reip.
1170 2315 1359 2361 perniciem
1378 2316 1504 2350 valent.
1557 2316 1646 2350 Aeta
1665 2316 1712 2350 est
1730 2318 1763 2350 in
1784 2316 1867 2353 foro

383 2363 441 2405 (ut
467 2361 572 2396 moris
601 2370 685 2403 erat,
711 2362 864 2408 publice,
891 2373 924 2398 et
950 2363 986 2397 in
1012 2363 1195 2409 conspeetu
1221 2365 1341 2411 populi
1366 2365 1496 2399 circum
1522 2363 1676 2400 subsellia
1693 2363 1866 2412 judicum·

380 2419 544 2446 coronari:
563 2407 734 2455 facientis,
761 2411 835 2446 haec
852 2411 972 2460 capitis
987 2411 1117 2461 judicia
1133 2412 1224 2455 fieri)
1245 2414 1287 2449 ad
1306 2414 1360 2449 M.
1382 2414 1503 2449 Fannii
1521 2415 1679 2462 praetoris
1696 2416 1868 2460 tribunal,
