2201 2792
596 119 943 160 ACTIONIS
985 119 1040 157 II.
1100 117 1312 156 LIBER
1343 117 1395 155 ΙΙ.
1626 128 1701 166 219

294 221 439 275 eripere
454 219 547 259 belli
566 233 609 257 ac
627 218 795 257 vietoriae
811 218 895 269 lege
914 215 1049 269 posset,
1063 214 1311 258 conservavit,
1333 222 1370 251 et
1386 212 1567 264 reddidit)
1586 211 1704 249 statua

296 300 344 326 ex
364 301 433 326 aere
452 286 574 330 facta5
606 285 663 323 ibi
693 284 907 322 inauratam
926 281 1001 326 isti,
1034 289 1072 319 et
1091 281 1250 318 alteram
1270 279 1353 317 filio
1382 279 1543 317 statuam
1566 277 1702 330 posue-

297 354 397 391 rint:
430 361 487 396 ut,
520 352 617 390 dum
637 350 743 388 istius
763 349 936 388 hominis
958 347 1147 386 memoria
1166 354 1350 390 maneret,
1373 345 1520 383 senatus
1542 344 1703 394 Syracu-

297 417 404 456 sanus
425 417 503 456 fine
523 417 702 469 lacrymis
723 425 760 454 et
779 415 944 468 gemitu,
967 414 1008 452 in
1028 413 1135 451 curia
1153 411 1225 450 effe
1245 425 1323 450 non
1344 409 1476 464 poffet.

353 485 426 522 Per
458 483 610 522 eosdem
641 482 748 521 istius
775 481 1021 534 injuriarum,
1051 478 1261 523 furtorum,
1297 488 1544 528 uxorumque
1572 474 1704 516 socios,

297 549 404 588 istius
436 551 601 604 imperio
635 548 820 601 Syracufis
851 547 1063 586 Marcellea
1094 545 1287 583 tolluntur
1320 543 1494 582 maximo
1527 540 1678 594 gemitu
1697 568 1706 582 ‚

296 616 483 670 luctuque
503 616 669 655 civitatis
693 630 702 653 :
735 629 854 668 quem
884 614 943 652 illi
974 613 1079 651 diem
1108 611 1251 650 festum
1280 608 1373 649 cum
1400 608 1617 648 recentibus
1640 605 1709 643 be-

297 682 446 721 neficiis
478 683 542 721 M.
577 680 757 720 Marcelli
784 680 963 718 debitum
994 678 1219 722 reddebant,
1250 686 1336 715 tum
1366 675 1509 729 generi,
1542 671 1710 715 nomini,

296 747 456 788 familiae
476 748 760 787 Marcellorum
781 747 952 785 maxima
971 745 1170 784 voluntate
1190 743 1426 782 tribuebant.
1458 738 1711 780 Mithridates

298 815 341 854 in
374 815 475 861 Asta,
512 829 606 854 cum
639 829 724 853 eam
759 813 1001 868 provinciam
1037 820 1160 851 totam
1192 809 1435 863 occupaffet,
1467 806 1606 847 Mucia
1634 817 1711 842 non

300 881 476 920 sustulit:
508 880 642 927 hostis,
674 890 712 919 et
732 879 851 919 hostis
871 880 912 918 in
933 879 1078 917 caeteris
1100 878 1210 916 rebus
1232 877 1349 915 nimis
1370 874 1489 919 ferus,
1510 882 1548 911 et
1568 873 1712 910 imma-

300 948 376 992 nis,
407 957 536 986 tamen
562 946 754 986 honorem
783 945 972 990 hominis,
1004 946 1183 983 Deorum
1218 943 1403 996 religione
1433 939 1712 981 consecratum,

301 1014 444 1052 violare
463 1013 614 1053 noluit:
647 1023 691 1052 tu
712 1011 961 1065 Syracusanos
982 1025 1106 1049 unum
1126 1010 1230 1049 diem
1250 1009 1393 1048 festum
1414 1005 1614 1046 Marcellis
1635 1004 1713 1041 im-

303 1081 444 1134 partire
463 1080 644 1126 noluisti;
675 1092 742 1133 per
773 1091 870 1132 quos
901 1077 961 1116 illi
981 1077 1109 1130 adepti
1128 1076 1231 1121 sunt,
1263 1083 1307 1114 ut
1327 1082 1483 1113 caeteros
1503 1072 1583 1111 dies
1603 1069 1715 1108 festos

303 1148 446 1201 agitare
465 1147 626 1200 possent.

359 1215 417 1251 At
435 1226 523 1252 vero
544 1212 772 1266 praeclarum
806 1211 912 1250 diem
942 1210 1020 1249 illis
1054 1209 1266 1263 reposuisti,
1298 1208 1439 1246 Verrea
1471 1215 1514 1246 ut
1549 1215 1714 1259 agerent.

302 1288 343 1320 et
363 1289 407 1319 ut
436 1280 483 1318 ad
503 1293 595 1318 eum
615 1279 735 1324 diem,
757 1292 842 1331 quae
862 1277 989 1322 sacris,
1024 1275 1224 1330 epulisque
1254 1288 1351 1327 opus
1372 1273 1503 1319 essent,
1535 1273 1575 1311 in
1605 1286 1718 1311 com-

305 1348 434 1401 plures
465 1360 585 1385 annos
606 1345 839 1384 locarentur.
873 1344 946 1383 Sed
965 1345 1049 1397 jam
1069 1343 1110 1381 in
1131 1350 1235 1381 tanta
1252 1341 1358 1380 istius
1390 1340 1634 1393 impudentia
1659 1352 1718 1377 re-

254 1415 257 1418 ’
306 1413 548 1452 mittendum
578 1411 727 1464 aliquid
747 1410 912 1456 videtur,
944 1423 993 1448 ne
1028 1408 1160 1447 omnia
1189 1406 1484 1450 contendamus„
1515 1419 1563 1443 ne
1591 1405 1721 1443 omnia

307 1493 402 1519 cum
422 1479 553 1517 dolore
573 1491 683 1530 agere
703 1477 915 1516 videamur.
946 1475 1055 1515 Nam
1075 1488 1140 1513 me
1159 1474 1254 1519 dies,
1277 1487 1367 1518 vox,
1388 1472 1505 1510 latera
1525 1470 1720 1515 deficiant,

307 1546 336 1585 fi
355 1545 431 1584 hoc
452 1558 556 1584 nunc
583 1543 783 1583 vociferari
815 1543 947 1588 velim,
979 1555 1097 1595 quam
1129 1539 1632 1592 miserumindignumque
1662 1538 1720 1583 fit,

307 1612 415 1651 istius
437 1611 597 1650 nomine
627 1610 730 1662 apud
749 1623 813 1648 eos
844 1609 950 1647 diem
979 1607 1119 1645 festum
1149 1606 1234 1651 effe,
1261 1606 1335 1658 ‚qui
1365 1605 1439 1643 sese
1468 1605 1578 1642 istius
1610 1617 1724 1657 opera

310 1678 487 1718 funditus
507 1677 699 1715 extinctos
718 1674 790 1713 effe
806 1675 1053 1713 arbitrentur.
1086 1674 1124 1710 O
1145 1673 1286 1710 Verrea
1306 1671 1499 1724 praeclara!
1524 1684 1723 1722 quoquam

311 1745 338 1784 si
359 1743 552 1788 acceffisti,
573 1756 652 1795 quo
672 1755 750 1780 non
771 1740 942 1779 attuleris
964 1750 1095 1778 tecum
1114 1738 1231 1776 istum
1253 1738 1357 1775 diem
1378 1737 1390 1773 ?
1423 1736 1583 1774 Etenim
1605 1749 1723 1788 quam

312 1822 355 1850 tu
376 1811 554 1855 domum,
577 1822 695 1862 quam
717 1808 855 1846 urbem
875 1806 1012 1851 adiisti,
1033 1805 1140 1858 quod
1159 1803 1296 1845 fanum
1318 1803 1498 1855 denique,
1520 1802 1625 1854 quod
1645 1815 1724 1840 non

311 1877 498 1922 eversum,
520 1886 635 1929 atque
654 1874 845 1914 extersum
880 1872 1108 1925 reliqueris?
1141 1872 1270 1922 Qare
1290 1868 1531 1922 appellentur
1551 1868 1636 1906 sane
1657 1868 1725 1906 ista

312 1945 466 1989 Verrea,
489 1957 574 1996 quae
594 1955 672 1981 non
691 1955 738 1980 ex
759 1941 932 1984 nomine,
950 1938 1011 1977 sed
1031 1951 1078 1977 ex
1098 1937 1294 1983 manibus,
1311 1944 1523 1988 naturaque
1543 1944 1608 1973 tua
1627 1948 1722 1973 con-

314 2010 445 2049 stituta
462 2009 533 2048 effe
552 2009 765 2047 videantur.

369 2076 504 2114 XXII.
538 2075 670 2124 Qam
700 2073 813 2111 facile
848 2073 967 2125 serpat
998 2072 1152 2125 injuria,
1182 2080 1222 2109 et
1252 2069 1436 2124 peccandi
1456 2068 1722 2111 consuetudo;

315 2156 434 2196 quam
455 2154 533 2180 non
553 2140 667 2179 facile
688 2140 932 2193 reprimatur,
954 2139 1093 2184 videte,
1118 2138 1289 2189 JudiceS.
1321 2137 1427 2175 Bidis
1448 2136 1638 2189 oppidum
1659 2134 1724 2177 est,

315 2219 430 2248 tenue
450 2209 550 2253 sane,
583 2221 659 2245 non
679 2207 794 2260 longe
823 2221 843 2245 a
860 2206 1059 2258 Syracusis.
1093 2205 1226 2257 Hujus
1255 2204 1370 2256 longe
1390 2203 1539 2256 primus
1561 2201 1723 2240 civitatis

316 2276 369 2314 est
388 2276 587 2329 Epicrates
609 2274 796 2327 quidam:
829 2272 922 2311 huic
953 2272 1152 2310 haereditas
1174 2272 1265 2309 H-S
1298 2270 1602 2322 quingentorum
1633 2266 1724 2303 mil-

316 2343 417 2380 lium
443 2350 596 2380 venerat
629 2354 650 2378 a
684 2340 846 2378 muliere
880 2339 1044 2392 quadam
1079 2338 1311 2391 propinqua,
1342 2345 1456 2386 atque
1482 2334 1534 2370 ita
1564 2332 1723 2383 propin-

318 2421 407 2459 qua,
440 2417 497 2453 ut,
519 2421 561 2445 ea
594 2407 711 2445 etiam
739 2407 764 2444 fi
787 2405 958 2444 intestata
991 2404 1079 2443 effet
1113 2413 1276 2445 mortua,
1310 2401 1530 2451 Epicratem
1562 2396 1723 2434 Bidino-

320 2486 408 2510 rum
440 2473 591 2526 legibus
626 2472 808 2512 heredem
843 2471 914 2510 effe
948 2479 1151 2524 oporteret.
1205 2468 1353 2505 Recens
1389 2462 1616 2514 Syracusana
1648 2471 1725 2500 erat

706 2532 711 2537 ’
1298 2532 1330 2569 Ε
1352 2544 1372 2568 e
1400 2543 1421 2569 2
