2201 2792
495 144 570 196 386
924 144 1014 184 IN
1086 143 1468 184 VERREM

492 244 668 295 pecuniis
700 245 919 297 repetundis
953 259 1000 283 ne
1034 246 1078 284 fit
1098 245 1172 284 hoc
1195 255 1392 299 tempore:
1425 243 1713 298 Segestanorum
1746 243 1898 296 injuriae

493 310 764 362 negligantur;
799 311 891 348 bafis
928 311 971 349 P.
996 310 1172 349 Africani
1206 311 1450 349 restituatur:
1481 324 1626 349 nomen
1656 308 1894 348 invistiffimi

493 376 733 428 imperatoris
748 377 962 414 incidatur:
987 376 1140 428 signum
1160 375 1469 429 pulcherrimum
1481 375 1714 428 Carthagine
1733 383 1894 428 captum

494 451 712 494 reponatur.
747 443 842 479 Haec
865 442 930 479 abs
952 451 988 479 te
1008 455 1085 479 non
1106 441 1327 480 Siculorum
1347 440 1533 487 defensor,
1561 455 1639 480 non
1666 451 1755 479 tuus
1775 454 1893 479 accu-

494 508 605 553 sator,
639 522 715 546 non
738 508 927 560 Segestani
959 508 1176 560 postulant3
1208 508 1268 546 sed
1289 508 1335 553 is,
1371 508 1440 560 qui
1460 508 1630 552 laudern,
1651 508 1894 560 gloriamque

496 575 540 612 P.
564 573 739 612 Africani
762 575 958 618 tuendam,
991 574 1364 627 conservandamque
1399 574 1574 627 suscepit.
1620 573 1716 612 Non
1749 587 1892 619 vereor,

495 647 543 678 n'e
562 640 638 678 hoc
659 640 835 678 officium
858 654 991 678 meum
1007 641 1050 678 P.
1067 641 1226 678 Servilio
1240 641 1367 693 judici
1388 654 1466 679 non
1487 641 1675 693 probem3
1699 640 1782 692 qui,
1800 653 1894 678 cum

494 720 550 744 res
569 708 754 745 maximas
772 706 935 759 gesserit,
951 716 1282 759 monumentaque
1295 707 1447 745 suarum
1465 720 1593 745 rerum
1613 720 1706 744 cum
1723 707 1895 744 maxime

494 774 712 818 constituat,
735 784 849 825 atque
871 774 908 811 in
941 772 1001 811 his
1022 774 1214 818 elaboret;
1246 773 1418 826 profecto
1438 774 1540 812 volet
1560 772 1642 811 haec
1670 787 1747 811 non
1768 773 1894 811 solum

495 839 568 878 suis
589 839 761 891 posteris,
784 852 918 877 verum
939 840 1055 877 etiam
1076 839 1258 877 omnibus
1281 839 1369 877 viris
1395 838 1578 883 fortibus,
1603 848 1641 876 et
1662 838 1773 876 bonis
1794 838 1892 876 civi-

493 905 564 942 bus
584 903 834 948 defendenda,
859 919 934 942 non
954 905 1147 958 spolianda
1168 905 1370 957 improbis,
1389 905 1546 942 tradere.
1571 905 1665 942 Non
1686 917 1828 948 vereor,
1847 917 1895 942 ne

493 972 579 1016 tibi,
603 970 833 1022 QCatule‚
857 972 1066 1023 displiceat,
1089 972 1199 1023 cujus
1220 971 1561 1024 amplissimum-in
1582 970 1674 1008 orbe
1690 978 1892 1015 terrarum,

491 1038 824 1089 clariffimumque
845 1048 1149 1076 monumentum
1171 1037 1236 1081 est,
1269 1051 1386 1089 quam
1419 1038 1607 1090 plurimos
1629 1037 1698 1074 effe
1719 1037 1896 1075 custodes-

492 1114 857 1149 monumentorum,
889 1114 925 1142 et
954 1114 1086 1157 putare
1107 1118 1241 1143 omnes
1264 1105 1382 1143 bonos
1401 1104 1532 1142 alienae
1551 1104 1682 1157 gloriae
1703 1102 1895 1142 defenfio-

492 1184 583 1209 nem
604 1171 650 1208 ad
671 1171 846 1208 officium
868 1171 979 1208 suum
999 1171 1202 1224 pertinere.

547 1238 600 1274 Et
617 1237 776 1289 quidem
794 1237 936 1274 caeteris
954 1235 1058 1275 istius
1075 1236 1203 1282 furtis,
1225 1246 1340 1289 atque
1354 1236 1508 1290 flagitiis
1522 1237 1575 1275 ita
1595 1249 1766 1281 moveor,
1789 1245 1832 1274 ut
1851 1249 1895 1274 ea

493 1301 802 1355 reprehendenda
823 1311 974 1340 tantum
997 1311 1158 1355 putem:
1190 1302 1256 1341 hic
1277 1316 1365 1341 vero
1386 1312 1492 1341 tanto
1512 1302 1643 1341 dolore
1668 1302 1827 1347 afficior,
1849 1310 1895 1340 ut

491 1367 592 1407 nihil
614 1368 714 1407 mihi
736 1366 932 1421 indignius
953 1367 1157 1407 ferendum
1179 1369 1363 1407 videatur.
1393 1370 1529 1407 Verres
1550 1368 1728 1407 Africani
1748 1381 1894 1406 monu-

493 1436 634 1474 mentis
656 1435 820 1474 domum
840 1436 960 1480 suam,
977 1436 1131 1488 plenam
1153 1436 1285 1489 stupri,
1308 1436 1463 1489 plenam
1484 1436 1634 1488 flagitii,
1648 1436 1803 1488 plenam
1824 1435 1897 1473 de-

492 1501 654 1546 decoris,
676 1501 828 1539 ornabit
848 1502 861 1538 ?
891 1501 1029 1539 Verres
1052 1501 1371 1554 temperatissimi,
1394 1502 1691 1554 sanstiffimique
1711 1502 1783 1540 viri
1804 1515 1894 1539 mo-

494 1576 742 1612 numentum,
776 1568 911 1605 Dianae
931 1568 1178 1606 simulacrum
1199 1568 1373 1621 virginis,
1405 1568 1445 1606 in
1471 1582 1514 1606 ea
1533 1568 1652 1606 domo
1671 1567 1901 1614 collocabit,

492 1633 532 1671 in
553 1646 629 1685 qua
649 1633 795 1686 semper
814 1633 1078 1679 meretricum,
1109 1633 1377 1686 lenonumque
1397 1634 1540 1687 flagitia
1560 1634 1782 1672 versantur?

520 1700 713 1738 XXXIX.
734 1700 789 1737 At
809 1698 884 1738 hoc
906 1699 1029 1738 solum
1046 1699 1223 1738 Africani
1240 1709 1543 1739 monumentum
1560 1700 1734 1738 violasti?
1755 1699 1863 1752 Qid
1878 1700 1897 1737 ἶ

492 1780 513 1804 a
527 1766 803 1817 Tyndaritanis
824 1780 901 1804 non
922 1765 1092 1818 ejusdem
1113 1767 1302 1822 Scipionis
1330 1766 1525 1805 beneficio
1546 1767 1716 1819 pofitum
1736 1765 1894 1804 simula-

493 1839 608 1871 crum'
626 1833 829 1878 Mercurii,
852 1831 1115 1886 pulcherrime
1133 1834 1294 1879 faustum,
1318 1834 1496 1872 sustulisti
1514 1835 1527 1871 ?
1560 1835 1614 1871 At
1634 1833 1894 1885 quemadmo-

493 1900 603 1944 dum,
627 1900 696 1937 Dii
716 1898 979 1937 immortales!
1013 1913 1131 1950 quam
1150 1899 1347 1937 audacter!
1381 1913 1498 1951 quam
1519 1897 1746 1936 libidinose!
1775 1911 1893 1950 quam

493 1965 740 2017 impudenter
756 1964 778 2000 l·
794 1963 966 2001 Audistis
987 1978 1108 2017 nuper
1128 1965 1253 2002 dicere
1274 1965 1417 2017 legatos
1439 1965 1738 2016 Tyndaritan08‚
1759 1962 1894 2002 homi-

493 2042 559 2067 nes
580 2028 874 2074 honestiffimos‚
905 2043 947 2067 ac
978 2030 1170 2083 principes
1192 2031 1371 2075 civitatis,
1405 2030 1666 2075 Mercurium,
1694 2029 1763 2082 qui
1783 2029 1896 2068 sacris

493 2095 753 2133 anniversariis
785 2096 886 2147 apud
911 2109 989 2141 cos,
1021 2110 1063 2135 ac
1086 2097 1236 2135 summa
1267 2097 1452 2149 religione
1481 2096 1684 2141 coleretur,
1707 2109 1825 2149 quem
1846 2097 1893 2135 P.

493 2159 716 2205 Afn‘canus,
736 2159 970 2213 Carthagine
990 2171 1113 2214 capta,
1136 2162 1409 2214 Tyndaritanis
1430 2176 1508 2200 non
1529 2162 1655 2200 solum
1674 2161 1747 2199 suae
1769 2161 1893 2199 visto-

493 2228 571 2272 riae,
593 2226 655 2265 sed
675 2227 792 2265 etiam
825 2227 984 2265 illorum
1004 2227 1107 2272 fidei,
1141 2227 1404 2281 societatisque
1430 2236 1749 2272 monumentum,
1780 2235 1895 2278 atque

493 2293 686 2331 indicium
707 2292 876 2337 dedisset,
898 2292 1013 2346 hujus
1034 2294 1086 2337 vi,
1123 2293 1274 2337 scelere,
1310 2294 1553 2346 imperioque
1579 2292 1649 2330 effe
1668 2292 1861 2330 sublatum
1880 2307 1893 2331 2

493 2359 576 2411 qui,
591 2368 634 2398 ut
655 2359 828 2412 primum
848 2359 890 2397 in
909 2359 1007 2397 illud
1028 2359 1217 2412 oppidum
1237 2360 1355 2404 venit,
1374 2359 1515 2404 statim,
1531 2368 1715 2410 tanquam
1736 2357 1790 2395 ita
1809 2357 1891 2395 fieri

494 2437 571 2464 non
587 2424 714 2465 solum
731 2434 936 2478 oporteret,
951 2424 1012 2464 sed
1027 2425 1144 2464 etiam
1160 2423 1302 2463 neceffe
1317 2423 1405 2463 effet
1414 2442 1426 2470 ς
1449 2434 1633 2477 tanquam
1650 2422 1725 2465 hoc
1742 2423 1896 2467 senatus
