2201 2792
426 190 476 242 95
658 213 662 215 Α
945 185 1304 225 ORATIO

488 288 552 327 Ad
571 300 705 326 eamne
724 299 806 325 rem
827 298 892 323 vos
924 282 1096 324 reservati
1117 286 1202 324 estis
1222 287 1234 323 ?
1266 285 1312 323 ad
1333 297 1467 324 eamne
1498 298 1580 323 rem
1600 283 1751 330 delecti,
1783 292 1828 322 ut

425 368 489 393 eos
524 353 854 398 condemnaretis,
889 365 985 404 quos
1017 352 1174 390 seetores
1209 365 1251 390 ac
1286 351 1406 389 sicarii
1433 352 1612 405 jugulare
1645 364 1725 389 non
1754 363 1828 403 po-

427 421 582 459 tuiffent
599 421 612 457 ?
636 420 767 458 Solent
786 418 861 456 hoc
882 418 975 456 boni
990 419 1235 471 imperatores
1254 417 1390 463 facere,
1405 431 1497 456 cum
1519 417 1696 471 praelium
1715 430 1828 455 com-

426 489 604 531 mittunt,
635 495 678 524 ut
709 487 749 523 in
783 499 827 523 eo
854 485 954 530 1000,
990 498 1068 537 quo
1101 483 1236 537 fugam
1270 483 1440 522 hostium
1471 483 1553 522 fore
1583 484 1828 526 arbitrentur,

427 554 571 591 milites
593 552 786 590 collocent
799 569 809 595 3
841 551 882 588 in
903 563 1013 602 quos,
1036 550 1060 587 fi
1082 550 1151 601 qui
1170 563 1218 588 ex
1238 550 1317 587 acie
1337 548 1520 601 fugerint,
1554 549 1600 586 de
1620 548 1830 601 improviso

427 619 613 656 incidant.
646 617 852 655 Nimirum
872 616 1046 654 similiter
1065 615 1298 653 arbitrantur
1317 614 1377 652 isti
1397 616 1591 653 bonorum
1620 622 1828 666 emptoreS,

427 698 492 722 vos
514 684 593 729 hic,
625 684 717 721 tales
739 683 853 727 viros,
885 681 1022 725 sedere,
1055 682 1124 733 qui
1143 680 1340 733 excipiatis
1360 693 1437 726 eos,
1470 681 1540 732 qui
1570 680 1617 718 de
1647 679 1722 717 suis
1743 691 1829 717 ma-

427 750 542 788 nibus
563 749 782 802 effugerint.
826 747 894 786 Dii
926 746 1165 799 prohibeant,
1186 746 1358 797 Judices,
1390 755 1433 784 ut
1458 744 1549 791 hoc,
1580 745 1685 797 quod
1705 745 1829 795 majo-

426 831 485 855 res
513 816 716 855 confilium
747 814 952 868 publicum
982 814 1109 852 vocari
1141 813 1359 858 voluerunt,
1390 813 1607 866 praefidium
1641 811 1829 850 sectorum

427 884 680 921 existimetur.

483 953 547 988 An
581 963 684 994 vero,
706 948 876 999 Judices,
909 961 974 985 vos
1006 961 1084 986 non
1115 948 1348 1000 intelligitis,
1380 946 1479 985 nihil
1514 946 1620 984 aliud
1650 945 1726 997 agi,
1761 942 1830 981 nisi

427 1026 469 1054 ut
490 1016 792 1069 proscriptorum
813 1014 924 1051 liberi
955 1014 1088 1065 quavis
1120 1014 1265 1050 ratione
1285 1013 1482 1056 tollantur,
1514 1020 1552 1048 et
1577 1012 1657 1062 ejus
1678 1011 1732 1048 rei
1752 1010 1830 1047 101-

427 1083 527 1119 tium
548 1082 587 1119 in
609 1081 729 1119 vestro
742 1081 756 1131 j
766 1078 1005 1131 urejurandO,
1037 1087 1153 1131 atque
1173 1078 1213 1116 in
1234 1079 1320 1117 Sex.
1339 1077 1470 1116 Roscii
1489 1077 1662 1130 periculo
1681 1075 1829 1128 quaeri?

427 1149 609 1186 Dubium
643 1147 709 1191 est,
746 1146 792 1183 ad
826 1158 945 1196 quem
975 1144 1215 1182 maleficium
1245 1143 1447 1196 pertineat,
1476 1156 1571 1180 cum
1597 1142 1755 1180 videatis
1789 1141 1831 1178 in

425 1215 540 1252 altera
560 1223 665 1266 parte
691 1212 888 1255 sectorem,
923 1210 1147 1254 inimicum,
1183 1210 1372 1254 ficarium,
1405 1209 1649 1260 eundemque
1677 1207 1830 1245 accusa-

428 1290 551 1318 torem
586 1278 662 1316 hoc
698 1287 898 1329 tempore;
930 1289 977 1314 ex
1009 1275 1125 1313 altera
1154 1284 1260 1327 parte
1291 1270 1483 1327 egentem,
1514 1274 1721 1327 probatum
1756 1273 1830 1311 suis

427 1346 570 1390 filium,
605 1346 643 1382 in
665 1357 743 1396 quo
773 1355 852 1380 non
872 1341 990 1379 modo
1010 1341 1123 1394 culpa
1152 1340 1271 1385 nulla,
1305 1340 1367 1378 sed
1396 1353 1444 1378 ne
1474 1340 1636 1393 suspicio
1656 1338 1830 1391 quidem,

428 1412 556 1465 potuit
576 1408 799 1448 consistere?
831 1408 872 1447 N
878 1407 1026 1460 unquid
1052 1406 1118 1445 hic
1137 1406 1241 1445 aliud
1262 1406 1397 1445 videtis
1418 1406 1563 1444 obstare
1583 1405 1740 1451 Roscio,
1762 1405 1831 1444 nisi

426 1478 533 1531 quod
554 1477 668 1530 patris
689 1476 789 1513 bona
808 1475 1009 1513 venierunt
1028 1476 1041 1511 ?

484 1545 596 1582 LIII.
630 1542 748 1594 Qod
780 1542 805 1579 fi
836 1542 875 1580 id
896 1555 961 1579 vos
982 1540 1187 1594 suscipitis,
1219 1550 1256 1578 et
1286 1540 1418 1578 eadem
1439 1540 1479 1578 in
1513 1553 1552 1577 re
1571 1553 1727 1592 operam
1748 1538 1831 1576 ves-

428 1619 527 1649 tram
547 1609 784 1663 profitemini
801 1627 812 1653 ς
845 1608 871 1646 fi
892 1608 1036 1647 idcirco
1057 1607 1206 1652 sedetis,
1230 1617 1271 1644 ut
1291 1607 1337 1644 ad
1355 1619 1420 1645 vos
1441 1606 1679 1644 adducantur
1697 1618 1832 1643 eorum

427 1677 553 1721 liberi,
584 1689 753 1728 quorum
788 1675 888 1712 bona
918 1674 1146 1718 venierunt3
1179 1682 1320 1717 cavete,
1353 1686 1421 1725 per
1441 1673 1545 1710 Deos
1576 1670 1832 1716 immortales,

427 1743 599 1794 Judices‚
619 1754 669 1780 ne
686 1753 796 1785 nova,
832 1749 869 1778 et
891 1739 1018 1778 multo
1036 1739 1227 1777 crudelior
1260 1752 1327 1792 per
1345 1751 1411 1777 vos
1446 1737 1658 1791 proscripto
1690 1737 1832 1776 instau-

429 1818 507 1846 rata
525 1808 597 1846 effe
615 1807 798 1845 videatur.
832 1805 946 1844 Illam
966 1806 1149 1858 priorem,
1171 1819 1257 1857 quae
1284 1803 1382 1842 fasta
1402 1804 1454 1842 est
1475 1804 1514 1841 in
1536 1817 1613 1848 eos,
1641 1803 1710 1855 qui
1730 1816 1835 1840 arma

426 1887 560 1927 capere
579 1880 802 1925 potuerunt,
825 1879 954 1908 tamen
981 1870 1129 1907 senatus
1150 1870 1336 1921 suscipere
1355 1869 1494 1913 noluit,
1516 1882 1564 1906 ne
1580 1868 1674 1920 quid
1694 1868 1832 1913 acrius,

428 1953 546 1992 quam
568 1950 673 1975 more
708 1936 899 1988 majorum
932 1942 1198 1986 comparatum
1218 1933 1284 1978 est,
1317 1933 1476 1986 publico
1507 1932 1664 1971 confilio
1685 1931 1833 1971 saelum

429 2005 632 2043 videretur.
678 2003 794 2041 Hanc
816 2014 916 2045 vero,
949 2014 1035 2053 quae
1069 2000 1114 2038 ad
1135 2013 1268 2038 eorum
1299 1999 1456 2044 liberos,
1488 2008 1602 2052 atque
1623 1998 1835 2037 infantium

429 2083 637 2125 puerorum
659 2067 891 2106 incunabula
908 2068 1086 2121 pertinet,
1119 2066 1187 2104 nisi
1209 2065 1284 2104 hoc
1310 2065 1461 2118 judicio
1481 2079 1501 2103 a
1521 2066 1629 2104 vobis
1659 2066 1832 2118 rejicitis,

430 2147 467 2175 et
488 2135 755 2189 aspernamini,
791 2134 928 2178 videte,
963 2146 1031 2186 per
1062 2134 1166 2171 Deos
1195 2132 1449 2177 immortales,
1485 2145 1603 2184 quem
1631 2132 1673 2170 in
1702 2132 1835 2170 locum

431 2202 715 2255 rempublicam
736 2210 1003 2253 perventuram
1024 2200 1180 2252 putetis.

486 2269 682 2308 Homines
704 2268 901 2319 sapientes,
934 2275 971 2303 et
1003 2266 1069 2303 ista
1100 2266 1335 2310 auctoritate,
1371 2275 1408 2303 et
1439 2264 1619 2318 potestate
1639 2262 1832 2316 praeditos,

431 2349 506 2388 qua
532 2349 596 2373 vos
618 2334 718 2378 estis,
754 2346 799 2370 ex
831 2332 973 2384 quibus
1008 2331 1120 2369 rebus
1156 2332 1325 2369 maxime
1351 2330 1564 2382 respublica
1596 2328 1755 2373 laborat,
1787 2328 1833 2365 iis

432 2403 602 2440 maxime
624 2400 769 2438 mederi
800 2399 995 2437 convenit.
1041 2396 1221 2435 Vestram
1244 2398 1376 2435 Nemo
1407 2396 1473 2441 est,
1505 2395 1601 2448 quin
1626 2395 1833 2446 intelligat,

433 2467 623 2520 populum
646 2467 883 2510 Romanum,
903 2465 969 2517 qui
991 2463 1186 2516 quondam
1204 2464 1242 2500 10
1263 2462 1387 2500 hostes
1408 2462 1618 2500 leniffimus
1638 2460 1834 2498 existima-

435 2535 559 2579 batur,
583 2532 656 2571 hoc
679 2542 851 2585 tempore
871 2531 1077 2570 domestica
1097 2529 1320 2568 crudelitate
1347 2529 1530 2568 laborare.
1572 2528 1688 2567 Hanc
1711 2527 1834 2566 tollite
