2201 2792
615 177 960 216 ACTIONIS
1003 178 1055 216 11.
1116 178 1322 217 LIBER
1367 182 1415 218 V.
1624 198 1697 235 431

313 274 490 326 lacrymae
510 274 555 312 de
574 275 792 313 innocenti5
813 274 884 313 filii
906 274 1078 328 periculo
1094 290 1171 314 non
1188 278 1393 316 movebant
1410 278 1421 314 ?
1445 291 1535 316 cum
1558 288 1704 331 patrem

314 340 421 378 domi
442 340 676 393 reliquiffe33
709 340 838 379 filium
859 350 988 379 tecum
1008 341 1166 380 haberes
1184 361 1195 388 ς
1223 352 1258 380 te
1280 357 1403 396 neque
1423 344 1581 396 praesens
1603 345 1704 383 filius

314 405 359 443 de
379 406 591 445 liberorum
611 408 780 452 caritate,
813 421 938 459 neque
958 407 1088 446 absens
1109 418 1216 461 pater
1235 409 1281 447 de
1302 410 1543 462 indulgentia
1574 412 1703 464 patria,

313 474 619 512 commonebat?
652 475 812 512 Catenas
833 473 998 513 habebat
1029 474 1162 528 hospes
1195 485 1282 514 tuus
1305 477 1489 522 Aristeus,
1514 479 1703 516 Dexionis

312 538 429 577 filius.
455 540 562 592 Qid
582 540 660 578 ita?
686 540 906 578 Prodiderat
925 540 1093 579 classem.
1117 542 1235 593 Qod
1256 543 1305 580 ob
1326 544 1530 595 praemium
1548 545 1560 581 ?
1584 545 1705 582 Dese-

242 624 254 628 -
313 615 436 643 ruerat
471 606 698 644 exercitum.
733 606 841 656 Qid
874 606 1135 644 Cleomenes?
1162 608 1333 659 ignavus
1365 608 1501 647 fuerat.
1535 612 1589 647 At
1613 624 1705 648 eum

313 679 355 708 tu
375 672 424 708 ob
445 672 629 708 virtutem
651 684 790 708 corona
816 684 927 709 aurea
957 672 1129 710 donaras.
1162 673 1371 712 Dimiserat
1393 684 1538 714 nautas.
1571 678 1638 714 Tu
1659 677 1706 714 ab

312 737 495 775 omnibus
516 737 734 775 mercedem
761 737 948 776 miffionis
969 752 1179 791 acceperas.
1211 740 1323 778 Alter
1352 755 1485 794 parens
1517 756 1563 780 ex
1593 743 1707 781 altera

312 811 416 854 parte
435 812 513 840 erat
534 803 773 841 Herbitenfis
795 804 1006 849 Eubulida,
1028 804 1149 843 homo
1170 805 1276 844 domi
1299 807 1370 845 suae
1391 808 1512 846 clarus
1533 817 1570 846 et
1590 808 1704 846 nobi-

312 867 382 906 lis:
416 869 498 920 qui,
537 869 627 920 quia
661 869 914 908 Cleomenem
949 871 989 907 in
1021 869 1261 909 defendendo
1282 871 1364 910 filio
1396 872 1548 917 laeserat,
1580 874 1705 912 nudus

312 948 409 986 pene
440 935 492 972 est
512 935 727 973 destitutus.
760 936 870 987 Qid
900 945 978 974 erat
1009 946 1152 981 autem,
1187 938 1291 990 quod
1324 940 1526 991 quisquam
1549 940 1703 985 diceret,

312 1010 378 1038 aut
397 1000 647 1040 defenderet?
680 1002 935 1040 Cleomenem
967 1004 1164 1041 nominare
1192 1018 1267 1042 non
1290 1005 1393 1043 licet.
1427 1008 1481 1044 At
1509 1007 1617 1044 causa
1636 1021 1703 1045 co-

312 1067 382 1119 git.
416 1067 599 1112 Moriere,
621 1067 646 1105 fi
668 1068 891 1121 appellaris:
917 1082 1115 1121 nunquam
1135 1070 1242 1108 enim
1262 1071 1328 1109 iste
1348 1071 1400 1109 est
1417 1072 1599 1124 cuiquam
1621 1088 1706 1112 me-

313 1132 493 1171 diocriter
513 1134 695 1172 minatus.
728 1137 783 1172 At
803 1135 965 1187 remiges
987 1149 1064 1173 non
1085 1144 1203 1174 erant.
1237 1137 1443 1175 Praetorem
1466 1147 1507 1175 tu
1528 1139 1674 1176 accusas
1692 1141 1704 1176 ?

311 1199 445 1252 frange
466 1201 669 1238 cervicem.
704 1201 742 1238 Si
763 1214 887 1253 neque
908 1202 1127 1245 Praetorem,
1153 1215 1277 1255 neque
1298 1204 1472 1241 Praetoris
1504 1205 1703 1249 annulum,

311 1265 500 1318 appellare
520 1266 669 1310 licebit,
701 1279 794 1305 cum
815 1267 853 1304 in
874 1266 935 1305 his
957 1268 1106 1307 duobus
1139 1277 1218 1306 tota
1241 1269 1349 1307 causa
1376 1270 1447 1314 fit;
1480 1271 1574 1323 quid
1595 1270 1704 1309 futu—

309 1345 398 1370 rum
420 1332 472 1370 est
490 1334 502 1370 ?

352 1399 505 1438 XLIII.
539 1399 650 1438 Dicit
670 1401 787 1439 etiam
806 1401 957 1440 causam
977 1402 1180 1440 Heraclius
1203 1403 1435 1455 Segestanus,
1457 1403 1578 1442 homo
1599 1404 1706 1442 domi

311 1464 384 1504 suae
415 1466 569 1504 summo
589 1466 676 1505 loco
707 1477 831 1506 natus.
864 1468 1024 1513 Audite,
1058 1477 1101 1506 ut
1131 1468 1249 1507 vestra
1278 1468 1499 1510 humanitas
1526 1471 1704 1524 postulat,

312 1532 496 1583 Judices:
530 1533 690 1571 audietis
727 1533 832 1572 enim
866 1534 912 1571 de
933 1535 1084 1587 magnis
1104 1535 1366 1574 incommodis
1400 1537 1624 1590 injuriisque
1645 1538 1705 1576 so-

310 1597 475 1637 ciorum.
509 1600 630 1637 Hunc
651 1599 783 1637 scitote
802 1598 911 1637 fuiffe
931 1601 1160 1639 Heraclium
1185 1602 1228 1639 in
1247 1615 1290 1639 ea
1306 1602 1426 1647 causa,
1450 1603 1532 1654 qui,
1549 1613 1706 1657 propter

309 1678 464 1717 gravem
485 1665 669 1704 morbum
690 1666 908 1711 oculorum,
924 1675 1009 1704 tum
1030 1681 1107 1706 non
1129 1669 1330 1720 navigarit,
1345 1669 1500 1721 etjufl'u
1520 1671 1615 1722 ejus,
1637 1671 1705 1723 qui

310 1731 535 1783 potestatem
570 1729 707 1769 habuit
724 1761 734 1777 ,
772 1745 863 1770 cum
895 1742 1115 1771 commeatu
1146 1734 1331 1785 Syracufis
1367 1735 1600 1774 remanserit.
1633 1736 1706 1774 Iste

310 1806 412 1835 certe
431 1811 555 1851 neque
574 1797 746 1850 prodidit
765 1798 930 1844 classem,
949 1813 1072 1851 neque
1092 1810 1198 1838 metu
1214 1801 1434 1853 perterritus
1450 1800 1566 1854 fugit,
1581 1815 1706 1854 neque

310 1864 522 1902 exercitum
543 1863 717 1902 deseruit.
751 1866 910 1903 Etenim
932 1875 1025 1904 tunc
1045 1867 1133 1904 effet
1163 1866 1238 1904 hoc
1259 1867 1578 1913 animadversum,
1611 1882 1705 1907 cum

312 1929 431 1968 claffis
451 1929 635 1982 Syracufis
667 1931 990 1983 proficiscebatur.
1024 1933 1060 1970 Is
1092 1942 1221 1970 tamen
1248 1934 1287 1970 in
1319 1934 1451 1971 eadem
1485 1934 1594 1971 causa
1613 1934 1703 1980 fuit,

313 1997 415 2048 quafi
435 1997 523 2034 eflet
543 1997 583 2034 in
604 1997 735 2049 aliquo
756 1997 958 2037 manifesto
978 1999 1115 2037 scelere
1141 1999 1423 2052 deprehensus;
1455 2001 1496 2038 in
1518 2014 1636 2053 quem
1658 2016 1705 2039 ne

311 2060 405 2100 falso
425 2062 586 2114 quidem
608 2063 717 2100 causa
736 2063 902 2101 conferri
923 2065 1096 2102 criminis
1118 2066 1259 2117 potuit.

368 2128 462 2166 Fuit
492 2129 532 2166 in
564 2129 640 2166 illis
662 2129 860 2168 navarchis
880 2131 1137 2169 Heraclienfis
1160 2132 1317 2183 quidam
1341 2133 1479 2171 Furius
1504 2135 1610 2185 (nam
1632 2133 1702 2170 ha-

312 2195 404 2232 bent
423 2194 482 2232 illi
502 2195 689 2233 nonnulla
707 2196 975 2248 hujuscemodi
996 2198 1133 2235 Latina
1154 2198 1329 2250 nomina)
1354 2198 1487 2244 homo,
1516 2199 1702 2250 quadeu

311 2261 421 2306 vixit,
442 2261 550 2300 domi
570 2261 642 2300 suae
674 2276 750 2300 non
771 2263 911 2308 solum,
944 2264 1026 2316 post
1047 2274 1212 2302 mortem
1239 2274 1318 2302 tota
1339 2266 1480 2309 Sicilia,
1513 2265 1634 2302 clarus
1664 2274 1703 2302 ct

312 2327 467 2366 nobilis.
499 2329 545 2366 In
565 2342 644 2381 quo
662 2328 824 2368 homine
845 2339 997 2368 tantum
1018 2331 1139 2369 animi
1159 2331 1248 2376 fuit,
1281 2345 1356 2368 non
1379 2331 1500 2367 solum
1524 2340 1565 2367 ut
1587 2330 1701 2368 istum

310 2394 428 2431 libere
447 2394 627 2440 laederet5
661 2410 751 2434 nam
785 2397 824 2435 id
844 2397 1017 2450 quidem,
1049 2399 1233 2450 quoniam
1265 2397 1510 2434 moriendum
1532 2396 1697 2441 videbat,

311 2459 387 2497 fine
408 2460 578 2512 periculo
598 2461 632 2499 se
652 2460 776 2500 facere
795 2463 1035 2516 intelligebat
1042 2481 1053 2509 5
1075 2476 1220 2508 verum,
1244 2471 1365 2499 morte
1387 2461 1589 2514 proposita,
1609 2475 1700 2499 cum

1230 2529 1263 2566 L
1286 2528 1295 2565 l
1319 2528 1328 2565 l
1364 2542 1383 2566 a
