2201 2792
837 96 1068 150 [149]

456 340 928 388 ACTIONIS
997 339 1445 386 SECUNDAE

344 562 527 636 IN
629 562 725 637 C.
834 560 1551 638 VERREM

600 799 880 839 LIBER
944 799 1311 839 PRIMUS.

431 1014 541 1053 DE
613 1012 1050 1054 PRAETURA
1123 1013 1490 1053 URBANA.

698 1220 1050 1259 ORATIO
1138 1221 1221 1258 VI.

253 1394 287 1432 Ι.
458 1393 734 1431 ΕΜΙΝΕΜ
764 1392 930 1434 vestrum
962 1393 1137 1447 ignorare
1166 1392 1343 1438 arbitror,
1365 1391 1539 1444 Judices,
1559 1391 1669 1432 hunc

298 1388 449 1521 N
484 1472 552 1512 per
571 1456 685 1497 hosce
704 1457 784 1497 dies
806 1458 1023 1497 sermonem
1043 1459 1166 1511 vulgi,
1189 1467 1305 1511 atque
1324 1458 1425 1497 hanc
1441 1459 1668 1513 opinionem

483 1525 621 1579 populi
641 1525 813 1564 Romani
833 1524 956 1572 fuiffe,
976 1527 1009 1564 C
1015 1526 1199 1564 ‚Verrem
1216 1526 1334 1564 altera
1345 1526 1493 1565 aetione
1509 1525 1667 1579 respon-

253 1591 386 1630 surum
406 1605 485 1630 non
504 1591 588 1637 effe,
620 1605 745 1644 neque
774 1592 822 1630 ad
847 1592 1045 1644 judicium
1066 1591 1295 1630 affuturum.
1339 1593 1438 1644 Qae
1459 1591 1562 1630 fama
1588 1605 1668 1630 non

252 1657 401 1696 idcirco
420 1657 548 1695 solum
567 1667 773 1703 emanarat,
791 1658 897 1710 quod
917 1658 985 1696 iste
1004 1667 1107 1696 certe
1127 1658 1319 1704 statuerat,
1333 1673 1375 1696 ac
1396 1659 1669 1697 deliberaverat

254 1737 335 1762 non
354 1723 474 1762 adeffe
486 1741 498 1768 3
530 1736 666 1761 verum
687 1723 819 1768 etiam,
842 1723 948 1775 quod
969 1737 1085 1761 nemo
1101 1737 1344 1776 quemquam
1365 1732 1447 1762 tam
1465 1724 1667 1769 audacem,

253 1798 336 1830 tam
355 1800 565 1835 amentem,
581 1799 661 1829 tam
681 1790 951 1844 impudentem
964 1790 1045 1828 fore
1065 1791 1333 1835 arbitrabatur,
1352 1790 1435 1843 qui,
1457 1800 1537 1828 tam
1558 1789 1667 1828 nefa-

253 1856 320 1896 riis
340 1857 587 1902 criminibus,
602 1866 682 1896 tam
703 1857 838 1896 multis
860 1857 1017 1895 testibus
1035 1857 1194 1902 evietus,
1211 1871 1276 1895 ora
1289 1857 1471 1910 judicum
1489 1856 1667 1910 aspicere,

255 1931 320 1962 aut
339 1936 381 1962 os
402 1923 516 1962 suum
537 1924 683 1978 populo
704 1924 886 1962 Romano
907 1923 1102 1961 ostendere
1122 1924 1289 1962 auderet.

310 1988 379 2027 Est
397 1989 504 2028 idem
524 1990 676 2034 Verres,
697 1990 765 2042 qui
786 1988 862 2027 fuit
883 1989 1029 2042 semper
1045 2008 1056 2034 ς
1090 1999 1131 2027 ut
1152 1989 1197 2027 ad
1218 1989 1439 2028 audendum
1460 1989 1666 2042 projeetus,

254 2055 305 2093 fic
325 2065 474 2107 paratus
494 2056 541 2093 ad
561 2056 812 2094 audiendum.
845 2056 983 2094 Praesto
1003 2056 1082 2101 est;
1106 2055 1330 2108 respondet3
1353 2055 1596 2094 defenditur:
1620 2069 1669 2093 ne

254 2120 333 2159 hoc
354 2122 516 2174 quidem
535 2122 606 2159 fibi
626 2122 766 2174 reliqui
787 2121 894 2167 facit,
929 2131 971 2159 ut
1003 2122 1042 2159 in
1064 2122 1177 2160 rebus
1198 2121 1439 2175 turpiffimis,
1469 2135 1561 2159 cum
1582 2134 1666 2159 ma-

255 2186 395 2226 nifesto
416 2196 601 2232 teneatur,
636 2187 662 2224 fi
683 2188 852 2232 reticeat,
879 2196 915 2224 et
936 2187 1043 2230 abfit,
1078 2196 1206 2225 tamen
1228 2187 1478 2240 impudentiae
1500 2186 1572 2224 suae
1592 2199 1666 2238 pu-

257 2253 414 2292 dentem
433 2254 586 2292 exitum
607 2253 770 2306 quaefiffe
791 2253 976 2291 videatur.
1003 2254 1142 2298 Patior,
1161 2254 1334 2304 Judices,
1354 2263 1391 2291 et
1414 2267 1489 2291 non
1512 2251 1668 2289 moleste

257 2317 353 2364 fero,
384 2333 447 2358 me
476 2319 615 2358 laboris
651 2320 743 2364 mei,
780 2333 846 2356 vos
879 2319 1030 2357 virtutis
1053 2320 1179 2357 vestrae
1206 2318 1377 2357 fruetum
1409 2317 1479 2355 effe
1508 2317 1664 2352 laturos.

259 2384 368 2423 Nam
387 2386 413 2424 fi
437 2386 504 2424 iste
525 2386 566 2424 id
585 2384 744 2431 feciffet,
767 2386 871 2438 quod
892 2386 1020 2438 primo
1040 2385 1230 2430 statuerat,
1253 2394 1295 2421 ut
1315 2397 1392 2421 non
1414 2380 1567 2425 adesset3
1589 2381 1667 2419 mi·

259 2462 331 2487 nus
353 2451 564 2504 aliquanto,
586 2465 706 2505 quam
727 2451 827 2490 mihi
848 2464 943 2505 opus
965 2450 1067 2496 effer,
1090 2449 1397 2502 cognosceretur,
1420 2447 1514 2499 quid
1536 2460 1606 2500 ego
1627 2448 1668 2485 in
