<?xml version="1.0" encoding="UTF-8"?>
<!DOCTYPE html PUBLIC "-//W3C//DTD XHTML 1.0 Transitional//EN"
    "http://www.w3.org/TR/xhtml1/DTD/xhtml1-transitional.dtd">
<html xmlns="http://www.w3.org/1999/xhtml" xml:lang="en" lang="en">
 <head>
  <title>
</title>
<meta http-equiv="Content-Type" content="text/html;charset=utf-8" />
  <meta name='ocr-system' content='tesseract 3.04.00' />
  <meta name='ocr-capabilities' content='ocr_page ocr_carea ocr_par ocr_line ocrx_word'/>
</head>
<body>
  <div class='ocr_page' id='page_1' title='image "./operacumindicibu04ciceuoft_0487.png"; bbox 0 0 2201 2792; ppageno 0'>
   <div class='ocr_carea' id='block_1_1' title="bbox 690 224 1777 283">
    <p class='ocr_par' dir='ltr' id='par_1_1' title="bbox 690 224 1777 283">
     <span class='ocr_line' id='line_1_1' title="bbox 690 224 1777 283; baseline 0.006 -21"><span class='ocrx_word' id='word_1_1' title='bbox 690 224 1034 262; x_wconf 86' lang='lat' dir='ltr'>ACTIONIS</span> <span class='ocrx_word' id='word_1_2' title='bbox 1076 225 1129 262; x_wconf 88' lang='lat' dir='ltr'>II.</span> <span class='ocrx_word' id='word_1_3' title='bbox 1190 226 1398 264; x_wconf 87' lang='lat' dir='ltr'>LIBER</span> <span class='ocrx_word' id='word_1_4' title='bbox 1431 227 1479 264; x_wconf 81' lang='lat' dir='ltr'>V.</span> <span class='ocrx_word' id='word_1_5' title='bbox 1700 232 1777 283; x_wconf 76' lang='lat'>467</span> 
     </span>
    </p>
   </div>
   <div class='ocr_carea' id='block_1_2' title="bbox 387 317 1790 2603">
    <p class='ocr_par' dir='ltr' id='par_1_2' title="bbox 387 317 1781 572">
     <span class='ocr_line' id='line_1_2' title="bbox 387 317 1778 377; baseline 0.004 -23"><span class='ocrx_word' id='word_1_6' title='bbox 387 317 676 368; x_wconf 75' lang='lat' dir='ltr'>cognoscerent,</span> <span class='ocrx_word' id='word_1_7' title='bbox 694 319 756 358; x_wconf 91' lang='lat' dir='ltr'>sed</span> <span class='ocrx_word' id='word_1_8' title='bbox 776 320 892 358; x_wconf 82' lang='lat' dir='ltr'>etiam</span> <span class='ocrx_word' id='word_1_9' title='bbox 913 320 1178 372; x_wconf 77' lang='lat' dir='ltr'>lacrymantes,</span> <span class='ocrx_word' id='word_1_10' title='bbox 1195 335 1238 359; x_wconf 91' lang='lat' dir='ltr'>ac</span> <span class='ocrx_word' id='word_1_11' title='bbox 1259 331 1295 360; x_wconf 90' lang='lat' dir='ltr'>te</span> <span class='ocrx_word' id='word_1_12' title='bbox 1315 322 1578 374; x_wconf 76' lang='lat' dir='ltr'>implorantes,</span> <span class='ocrx_word' id='word_1_13' title='bbox 1596 321 1778 377; x_wconf 75' lang='lat' dir='ltr'>defende-</span> 
     </span>
     <span class='ocr_line' id='line_1_3' title="bbox 390 387 1781 439; baseline 0.004 -20"><span class='ocrx_word' id='word_1_14' title='bbox 390 391 500 427; x_wconf 83' lang='lat' dir='ltr'>rent;</span> <span class='ocrx_word' id='word_1_15' title='bbox 533 392 663 423; x_wconf 91' lang='lat' dir='ltr'>tamen</span> <span class='ocrx_word' id='word_1_16' title='bbox 694 400 714 423; x_wconf 89' lang='lat' dir='ltr'>a</span> <span class='ocrx_word' id='word_1_17' title='bbox 744 395 794 431; x_wconf 89' lang='lat' dir='ltr'>te,</span> <span class='ocrx_word' id='word_1_18' title='bbox 828 387 1125 439; x_wconf 63' lang='lat' dir='ltr'>inspectantibus</span> <span class='ocrx_word' id='word_1_19' title='bbox 1159 388 1341 425; x_wconf 86' lang='lat' dir='ltr'>omnibus</span> <span class='ocrx_word' id='word_1_20' title='bbox 1375 388 1628 439; x_wconf 80' lang='lat' dir='ltr'>Syracusanis,</span> <span class='ocrx_word' id='word_1_21' title='bbox 1662 388 1781 425; x_wconf 84' lang='lat' dir='ltr'>securi</span> 
     </span>
     <span class='ocr_line' id='line_1_4' title="bbox 388 450 1779 505; baseline 0.004 -19"><span class='ocrx_word' id='word_1_22' title='bbox 388 450 582 499; x_wconf 81' lang='lat' dir='ltr'>percuffus</span> <span class='ocrx_word' id='word_1_23' title='bbox 604 452 669 490; x_wconf 92' lang='lat' dir='ltr'>est.</span> <span class='ocrx_word' id='word_1_24' title='bbox 706 453 829 490; x_wconf 89' lang='lat' dir='ltr'>Hunc</span> <span class='ocrx_word' id='word_1_25' title='bbox 850 465 1005 505; x_wconf 86' lang='lat' dir='ltr'>quoque</span> <span class='ocrx_word' id='word_1_26' title='bbox 1034 453 1167 491; x_wconf 87' lang='lat' dir='ltr'>testem</span> <span class='ocrx_word' id='word_1_27' title='bbox 1188 467 1320 492; x_wconf 89' lang='lat' dir='ltr'>meum</span> <span class='ocrx_word' id='word_1_28' title='bbox 1342 453 1479 499; x_wconf 89' lang='lat' dir='ltr'>refelli,</span> <span class='ocrx_word' id='word_1_29' title='bbox 1501 463 1538 492; x_wconf 85' lang='lat' dir='ltr'>et</span> <span class='ocrx_word' id='word_1_30' title='bbox 1559 454 1672 492; x_wconf 87' lang='lat' dir='ltr'>illum</span> <span class='ocrx_word' id='word_1_31' title='bbox 1694 455 1779 491; x_wconf 89' lang='lat' dir='ltr'>He-</span> 
     </span>
     <span class='ocr_line' id='line_1_5' title="bbox 389 515 1758 572; baseline 0.004 -21"><span class='ocrx_word' id='word_1_32' title='bbox 389 515 569 553; x_wconf 87' lang='lat' dir='ltr'>rennium</span> <span class='ocrx_word' id='word_1_33' title='bbox 587 517 848 556; x_wconf 86' lang='lat' dir='ltr'>Sertorianum</span> <span class='ocrx_word' id='word_1_34' title='bbox 868 517 978 555; x_wconf 82' lang='lat' dir='ltr'>fuisse</span> <span class='ocrx_word' id='word_1_35' title='bbox 998 519 1063 556; x_wconf 88' lang='lat' dir='ltr'>abs</span> <span class='ocrx_word' id='word_1_36' title='bbox 1084 527 1121 556; x_wconf 91' lang='lat' dir='ltr'>te</span> <span class='ocrx_word' id='word_1_37' title='bbox 1142 519 1390 557; x_wconf 89' lang='lat' dir='ltr'>demonstrari</span> <span class='ocrx_word' id='word_1_38' title='bbox 1408 528 1448 557; x_wconf 87' lang='lat' dir='ltr'>et</span> <span class='ocrx_word' id='word_1_39' title='bbox 1467 519 1632 572; x_wconf 89' lang='lat' dir='ltr'>probari,</span> <span class='ocrx_word' id='word_1_40' title='bbox 1656 520 1758 557; x_wconf 90' lang='lat' dir='ltr'>volo.</span> 
     </span>
    </p>

    <p class='ocr_par' dir='ltr' id='par_1_3' title="bbox 389 581 1786 1224">
     <span class='ocr_line' id='line_1_6' title="bbox 446 581 1782 637; baseline 0.004 -19"><span class='ocrx_word' id='word_1_41' title='bbox 446 581 534 618; x_wconf 89' lang='lat' dir='ltr'>LX.</span> <span class='ocrx_word' id='word_1_42' title='bbox 567 583 674 634; x_wconf 84' lang='lat' dir='ltr'>Qid</span> <span class='ocrx_word' id='word_1_43' title='bbox 693 584 741 621; x_wconf 92' lang='lat' dir='ltr'>de</span> <span class='ocrx_word' id='word_1_44' title='bbox 761 584 827 621; x_wconf 89' lang='lat' dir='ltr'>illa</span> <span class='ocrx_word' id='word_1_45' title='bbox 847 584 1100 622; x_wconf 89' lang='lat' dir='ltr'>multitudine</span> <span class='ocrx_word' id='word_1_46' title='bbox 1121 585 1292 622; x_wconf 86' lang='lat' dir='ltr'>dicemus</span> <span class='ocrx_word' id='word_1_47' title='bbox 1315 599 1463 629; x_wconf 87' lang='lat' dir='ltr'>eorum,</span> <span class='ocrx_word' id='word_1_48' title='bbox 1486 586 1569 637; x_wconf 88' lang='lat' dir='ltr'>qui,</span> <span class='ocrx_word' id='word_1_49' title='bbox 1591 585 1782 637; x_wconf 84' lang='lat' dir='ltr'>capitibus</span> 
     </span>
     <span class='ocr_line' id='line_1_7' title="bbox 389 645 1781 703; baseline 0.004 -20"><span class='ocrx_word' id='word_1_50' title='bbox 389 645 590 691; x_wconf 81' lang='lat' dir='ltr'>involutis,</span> <span class='ocrx_word' id='word_1_51' title='bbox 623 649 664 686; x_wconf 89' lang='lat' dir='ltr'>in</span> <span class='ocrx_word' id='word_1_52' title='bbox 693 649 904 700; x_wconf 82' lang='lat' dir='ltr'>piratarum</span> <span class='ocrx_word' id='word_1_53' title='bbox 924 649 1246 702; x_wconf 89' lang='lat' dir='ltr'>captivorumque</span> <span class='ocrx_word' id='word_1_54' title='bbox 1277 664 1440 688; x_wconf 86' lang='lat' dir='ltr'>numero</span> <span class='ocrx_word' id='word_1_55' title='bbox 1459 651 1781 703; x_wconf 80' lang='lat' dir='ltr'>producebantur,</span> 
     </span>
     <span class='ocr_line' id='line_1_8' title="bbox 392 711 1783 768; baseline 0.005 -20"><span class='ocrx_word' id='word_1_56' title='bbox 392 719 434 748; x_wconf 89' lang='lat' dir='ltr'>ut</span> <span class='ocrx_word' id='word_1_57' title='bbox 452 711 573 749; x_wconf 90' lang='lat' dir='ltr'>securi</span> <span class='ocrx_word' id='word_1_58' title='bbox 593 712 796 751; x_wconf 89' lang='lat' dir='ltr'>ferirentur</span> <span class='ocrx_word' id='word_1_59' title='bbox 814 714 826 750; x_wconf 91' lang='lat'>?</span> <span class='ocrx_word' id='word_1_60' title='bbox 849 714 946 762; x_wconf 81' lang='lat' dir='ltr'>Qae</span> <span class='ocrx_word' id='word_1_61' title='bbox 966 714 1033 752; x_wconf 89' lang='lat' dir='ltr'>ista</span> <span class='ocrx_word' id='word_1_62' title='bbox 1053 728 1150 752; x_wconf 90' lang='lat' dir='ltr'>nova</span> <span class='ocrx_word' id='word_1_63' title='bbox 1170 716 1370 768; x_wconf 82' lang='lat' dir='ltr'>diligentia</span> <span class='ocrx_word' id='word_1_64' title='bbox 1389 717 1401 752; x_wconf 91' lang='lat'>?</span> <span class='ocrx_word' id='word_1_65' title='bbox 1424 730 1541 768; x_wconf 89' lang='lat' dir='ltr'>quam</span> <span class='ocrx_word' id='word_1_66' title='bbox 1562 716 1612 754; x_wconf 92' lang='lat' dir='ltr'>ob</span> <span class='ocrx_word' id='word_1_67' title='bbox 1633 717 1783 755; x_wconf 88' lang='lat' dir='ltr'>causam</span> 
     </span>
     <span class='ocr_line' id='line_1_9' title="bbox 391 777 1781 835; baseline 0.004 -20"><span class='ocrx_word' id='word_1_68' title='bbox 391 777 456 815; x_wconf 85' lang='lat' dir='ltr'>abs</span> <span class='ocrx_word' id='word_1_69' title='bbox 477 787 514 816; x_wconf 91' lang='lat' dir='ltr'>te</span> <span class='ocrx_word' id='word_1_70' title='bbox 533 780 699 832; x_wconf 88' lang='lat' dir='ltr'>cogitata</span> <span class='ocrx_word' id='word_1_71' title='bbox 717 781 729 817; x_wconf 91' lang='lat'>?</span> <span class='ocrx_word' id='word_1_72' title='bbox 761 783 826 819; x_wconf 94' lang='lat' dir='ltr'>An</span> <span class='ocrx_word' id='word_1_73' title='bbox 857 790 893 818; x_wconf 92' lang='lat' dir='ltr'>te</span> <span class='ocrx_word' id='word_1_74' title='bbox 914 782 962 819; x_wconf 89' lang='lat' dir='ltr'>L.</span> <span class='ocrx_word' id='word_1_75' title='bbox 986 781 1123 826; x_wconf 85' lang='lat' dir='ltr'>Flavii,</span> <span class='ocrx_word' id='word_1_76' title='bbox 1145 792 1463 835; x_wconf 83' lang='lat' dir='ltr'>caeterorumque,</span> <span class='ocrx_word' id='word_1_77' title='bbox 1488 783 1534 820; x_wconf 91' lang='lat' dir='ltr'>de</span> <span class='ocrx_word' id='word_1_78' title='bbox 1554 784 1603 820; x_wconf 89' lang='lat' dir='ltr'>L.</span> <span class='ocrx_word' id='word_1_79' title='bbox 1627 784 1781 821; x_wconf 82' lang='lat' dir='ltr'>Heren-</span> 
     </span>
     <span class='ocr_line' id='line_1_10' title="bbox 391 843 1783 901; baseline 0.005 -21"><span class='ocrx_word' id='word_1_80' title='bbox 391 843 457 881; x_wconf 90' lang='lat' dir='ltr'>nio</span> <span class='ocrx_word' id='word_1_81' title='bbox 476 844 698 884; x_wconf 88' lang='lat' dir='ltr'>vociferatio</span> <span class='ocrx_word' id='word_1_82' title='bbox 713 847 984 885; x_wconf 84' lang='lat' dir='ltr'>commovebat</span> <span class='ocrx_word' id='word_1_83' title='bbox 1000 848 1012 884; x_wconf 91' lang='lat'>?</span> <span class='ocrx_word' id='word_1_84' title='bbox 1035 849 1099 885; x_wconf 92' lang='lat' dir='ltr'>An</span> <span class='ocrx_word' id='word_1_85' title='bbox 1117 848 1179 886; x_wconf 86' lang='lat' dir='ltr'>M.</span> <span class='ocrx_word' id='word_1_86' title='bbox 1199 849 1334 893; x_wconf 82' lang='lat' dir='ltr'>Annii,</span> <span class='ocrx_word' id='word_1_87' title='bbox 1352 849 1558 901; x_wconf 79' lang='lat' dir='ltr'>graviffimi</span> <span class='ocrx_word' id='word_1_88' title='bbox 1573 858 1688 901; x_wconf 87' lang='lat' dir='ltr'>atque</span> <span class='ocrx_word' id='word_1_89' title='bbox 1708 848 1783 887; x_wconf 92' lang='lat' dir='ltr'>ho-</span> 
     </span>
     <span class='ocr_line' id='line_1_11' title="bbox 391 909 1783 968; baseline 0.006 -22"><span class='ocrx_word' id='word_1_90' title='bbox 391 909 588 948; x_wconf 87' lang='lat' dir='ltr'>nestiffimi</span> <span class='ocrx_word' id='word_1_91' title='bbox 609 913 694 957; x_wconf 82' lang='lat' dir='ltr'>viri,</span> <span class='ocrx_word' id='word_1_92' title='bbox 716 913 867 952; x_wconf 88' lang='lat' dir='ltr'>summa</span> <span class='ocrx_word' id='word_1_93' title='bbox 886 914 1087 952; x_wconf 66' lang='lat' dir='ltr'>auetoritas</span> <span class='ocrx_word' id='word_1_94' title='bbox 1108 915 1224 967; x_wconf 87' lang='lat' dir='ltr'>paulo</span> <span class='ocrx_word' id='word_1_95' title='bbox 1245 924 1281 953; x_wconf 89' lang='lat' dir='ltr'>te</span> <span class='ocrx_word' id='word_1_96' title='bbox 1300 916 1585 968; x_wconf 82' lang='lat' dir='ltr'>diligentiorem</span> <span class='ocrx_word' id='word_1_97' title='bbox 1607 916 1783 954; x_wconf 88' lang='lat' dir='ltr'>timidio-</span> 
     </span>
     <span class='ocr_line' id='line_1_12' title="bbox 392 977 1784 1033; baseline 0.005 -20"><span class='ocrx_word' id='word_1_98' title='bbox 392 989 553 1029; x_wconf 88' lang='lat' dir='ltr'>remque</span> <span class='ocrx_word' id='word_1_99' title='bbox 573 977 740 1017; x_wconf 86' lang='lat' dir='ltr'>fecerat?</span> <span class='ocrx_word' id='word_1_100' title='bbox 771 981 840 1032; x_wconf 88' lang='lat' dir='ltr'>qui</span> <span class='ocrx_word' id='word_1_101' title='bbox 861 994 983 1033; x_wconf 85' lang='lat' dir='ltr'>nuper</span> <span class='ocrx_word' id='word_1_102' title='bbox 1003 994 1072 1033; x_wconf 91' lang='lat' dir='ltr'>pro</span> <span class='ocrx_word' id='word_1_103' title='bbox 1093 981 1325 1026; x_wconf 89' lang='lat' dir='ltr'>testimonio,</span> <span class='ocrx_word' id='word_1_104' title='bbox 1354 996 1432 1020; x_wconf 91' lang='lat' dir='ltr'>non</span> <span class='ocrx_word' id='word_1_105' title='bbox 1453 982 1637 1019; x_wconf 79' lang='lat' dir='ltr'>advenam</span> <span class='ocrx_word' id='word_1_106' title='bbox 1657 983 1784 1021; x_wconf 88' lang='lat' dir='ltr'>nescio</span> 
     </span>
     <span class='ocr_line' id='line_1_13' title="bbox 394 1045 1786 1099; baseline 0.004 -19"><span class='ocrx_word' id='word_1_107' title='bbox 394 1055 527 1093; x_wconf 86' lang='lat' dir='ltr'>quem,</span> <span class='ocrx_word' id='word_1_108' title='bbox 549 1058 619 1082; x_wconf 90' lang='lat' dir='ltr'>nec</span> <span class='ocrx_word' id='word_1_109' title='bbox 639 1045 822 1090; x_wconf 82' lang='lat' dir='ltr'>alienum,</span> <span class='ocrx_word' id='word_1_110' title='bbox 846 1045 907 1084; x_wconf 89' lang='lat' dir='ltr'>sed</span> <span class='ocrx_word' id='word_1_111' title='bbox 927 1059 1016 1084; x_wconf 90' lang='lat' dir='ltr'>eum</span> <span class='ocrx_word' id='word_1_112' title='bbox 1039 1047 1165 1085; x_wconf 88' lang='lat' dir='ltr'>civem</span> <span class='ocrx_word' id='word_1_113' title='bbox 1187 1048 1427 1092; x_wconf 85' lang='lat' dir='ltr'>Romanum,</span> <span class='ocrx_word' id='word_1_114' title='bbox 1453 1048 1522 1099; x_wconf 89' lang='lat' dir='ltr'>qui</span> <span class='ocrx_word' id='word_1_115' title='bbox 1541 1048 1725 1086; x_wconf 79' lang='lat' dir='ltr'>omnibus</span> <span class='ocrx_word' id='word_1_116' title='bbox 1744 1049 1786 1086; x_wconf 91' lang='lat' dir='ltr'>in</span> 
     </span>
     <span class='ocr_line' id='line_1_14' title="bbox 393 1108 1783 1167; baseline 0.005 -22"><span class='ocrx_word' id='word_1_117' title='bbox 393 1108 464 1147; x_wconf 90' lang='lat' dir='ltr'>illo</span> <span class='ocrx_word' id='word_1_118' title='bbox 483 1121 674 1149; x_wconf 87' lang='lat' dir='ltr'>conventu</span> <span class='ocrx_word' id='word_1_119' title='bbox 695 1121 824 1159; x_wconf 81' lang='lat' dir='ltr'>notus,</span> <span class='ocrx_word' id='word_1_120' title='bbox 847 1113 915 1165; x_wconf 87' lang='lat' dir='ltr'>qui</span> <span class='ocrx_word' id='word_1_121' title='bbox 936 1113 1122 1165; x_wconf 79' lang='lat' dir='ltr'>Syracusis</span> <span class='ocrx_word' id='word_1_122' title='bbox 1143 1122 1253 1153; x_wconf 82' lang='lat' dir='ltr'>natus</span> <span class='ocrx_word' id='word_1_123' title='bbox 1275 1113 1377 1160; x_wconf 70' lang='lat' dir='ltr'>estet,</span> <span class='ocrx_word' id='word_1_124' title='bbox 1399 1127 1419 1152; x_wconf 85' lang='lat' dir='ltr'>a</span> <span class='ocrx_word' id='word_1_125' title='bbox 1440 1123 1475 1152; x_wconf 89' lang='lat' dir='ltr'>te</span> <span class='ocrx_word' id='word_1_126' title='bbox 1496 1113 1613 1152; x_wconf 89' lang='lat' dir='ltr'>securi</span> <span class='ocrx_word' id='word_1_127' title='bbox 1629 1114 1783 1167; x_wconf 84' lang='lat' dir='ltr'>percus-</span> 
     </span>
     <span class='ocr_line' id='line_1_15' title="bbox 392 1173 717 1224; baseline 0.015 -13"><span class='ocrx_word' id='word_1_128' title='bbox 392 1173 476 1213; x_wconf 89' lang='lat' dir='ltr'>sum</span> <span class='ocrx_word' id='word_1_129' title='bbox 498 1176 583 1224; x_wconf 86' lang='lat' dir='ltr'>effe,</span> <span class='ocrx_word' id='word_1_130' title='bbox 606 1177 717 1216; x_wconf 84' lang='lat' dir='ltr'>dixit.</span> 
     </span>
    </p>

    <p class='ocr_par' dir='ltr' id='par_1_4' title="bbox 392 1243 1790 2402">
     <span class='ocr_line' id='line_1_16' title="bbox 449 1243 1785 1301; baseline 0.004 -21"><span class='ocrx_word' id='word_1_131' title='bbox 449 1243 538 1280; x_wconf 79' lang='lat' dir='ltr'>Post</span> <span class='ocrx_word' id='word_1_132' title='bbox 556 1243 656 1282; x_wconf 91' lang='lat' dir='ltr'>hanc</span> <span class='ocrx_word' id='word_1_133' title='bbox 686 1245 844 1283; x_wconf 87' lang='lat' dir='ltr'>illorum</span> <span class='ocrx_word' id='word_1_134' title='bbox 875 1245 1204 1292; x_wconf 86' lang='lat' dir='ltr'>vociferationem,</span> <span class='ocrx_word' id='word_1_135' title='bbox 1233 1248 1314 1301; x_wconf 89' lang='lat' dir='ltr'>post</span> <span class='ocrx_word' id='word_1_136' title='bbox 1334 1247 1432 1285; x_wconf 81' lang='lat' dir='ltr'>hanc</span> <span class='ocrx_word' id='word_1_137' title='bbox 1454 1260 1707 1286; x_wconf 88' lang='lat' dir='ltr'>communem</span> <span class='ocrx_word' id='word_1_138' title='bbox 1727 1247 1785 1285; x_wconf 82' lang='lat' dir='ltr'>fa-</span> 
     </span>
     <span class='ocr_line' id='line_1_17' title="bbox 392 1312 1785 1366; baseline 0.004 -20"><span class='ocrx_word' id='word_1_139' title='bbox 392 1321 499 1346; x_wconf 80' lang='lat' dir='ltr'>mam</span> <span class='ocrx_word' id='word_1_140' title='bbox 520 1319 633 1362; x_wconf 89' lang='lat' dir='ltr'>atque</span> <span class='ocrx_word' id='word_1_141' title='bbox 653 1312 951 1362; x_wconf 88' lang='lat' dir='ltr'>querimoniam,</span> <span class='ocrx_word' id='word_1_142' title='bbox 986 1327 1063 1350; x_wconf 90' lang='lat' dir='ltr'>non</span> <span class='ocrx_word' id='word_1_143' title='bbox 1083 1314 1216 1351; x_wconf 87' lang='lat' dir='ltr'>mitior</span> <span class='ocrx_word' id='word_1_144' title='bbox 1235 1315 1275 1351; x_wconf 93' lang='lat' dir='ltr'>in</span> <span class='ocrx_word' id='word_1_145' title='bbox 1307 1314 1509 1366; x_wconf 90' lang='lat' dir='ltr'>supplicio,</span> <span class='ocrx_word' id='word_1_146' title='bbox 1538 1313 1599 1351; x_wconf 86' lang='lat' dir='ltr'>sed</span> <span class='ocrx_word' id='word_1_147' title='bbox 1619 1314 1785 1366; x_wconf 86' lang='lat' dir='ltr'>diligen-</span> 
     </span>
     <span class='ocr_line' id='line_1_18' title="bbox 394 1375 1787 1430; baseline 0.004 -18"><span class='ocrx_word' id='word_1_148' title='bbox 394 1375 482 1419; x_wconf 83' lang='lat' dir='ltr'>tior,</span> <span class='ocrx_word' id='word_1_149' title='bbox 516 1376 586 1414; x_wconf 82' lang='lat' dir='ltr'>esse</span> <span class='ocrx_word' id='word_1_150' title='bbox 605 1378 737 1430; x_wconf 85' lang='lat' dir='ltr'>coepit.</span> <span class='ocrx_word' id='word_1_151' title='bbox 775 1378 978 1430; x_wconf 85' lang='lat' dir='ltr'>Capitibus</span> <span class='ocrx_word' id='word_1_152' title='bbox 1005 1379 1189 1417; x_wconf 78' lang='lat' dir='ltr'>involutiS</span> <span class='ocrx_word' id='word_1_153' title='bbox 1221 1380 1322 1417; x_wconf 86' lang='lat' dir='ltr'>cives</span> <span class='ocrx_word' id='word_1_154' title='bbox 1344 1380 1542 1417; x_wconf 85' lang='lat' dir='ltr'>Romanos</span> <span class='ocrx_word' id='word_1_155' title='bbox 1574 1379 1620 1417; x_wconf 89' lang='lat' dir='ltr'>ad</span> <span class='ocrx_word' id='word_1_156' title='bbox 1651 1393 1787 1417; x_wconf 87' lang='lat' dir='ltr'>necem</span> 
     </span>
     <span class='ocr_line' id='line_1_19' title="bbox 393 1440 1788 1498; baseline 0.004 -20"><span class='ocrx_word' id='word_1_157' title='bbox 393 1440 604 1492; x_wconf 89' lang='lat' dir='ltr'>producere</span> <span class='ocrx_word' id='word_1_158' title='bbox 634 1442 826 1481; x_wconf 88' lang='lat' dir='ltr'>instituit:</span> <span class='ocrx_word' id='word_1_159' title='bbox 859 1457 954 1495; x_wconf 85' lang='lat' dir='ltr'>quos</span> <span class='ocrx_word' id='word_1_160' title='bbox 986 1453 1117 1482; x_wconf 89' lang='lat' dir='ltr'>tamen</span> <span class='ocrx_word' id='word_1_161' title='bbox 1143 1445 1289 1483; x_wconf 91' lang='lat' dir='ltr'>idcirco</span> <span class='ocrx_word' id='word_1_162' title='bbox 1320 1446 1479 1483; x_wconf 85' lang='lat' dir='ltr'>necabat</span> <span class='ocrx_word' id='word_1_163' title='bbox 1509 1445 1649 1498; x_wconf 86' lang='lat' dir='ltr'>palam,</span> <span class='ocrx_word' id='word_1_164' title='bbox 1683 1446 1788 1497; x_wconf 87' lang='lat' dir='ltr'>quod</span> 
     </span>
     <span class='ocr_line' id='line_1_20' title="bbox 394 1504 1786 1563; baseline 0.004 -19"><span class='ocrx_word' id='word_1_165' title='bbox 394 1504 573 1545; x_wconf 88' lang='lat' dir='ltr'>homines</span> <span class='ocrx_word' id='word_1_166' title='bbox 594 1508 633 1545; x_wconf 92' lang='lat' dir='ltr'>in</span> <span class='ocrx_word' id='word_1_167' title='bbox 654 1518 861 1553; x_wconf 90' lang='lat' dir='ltr'>conventu,</span> <span class='ocrx_word' id='word_1_168' title='bbox 894 1509 934 1546; x_wconf 91' lang='lat' dir='ltr'>id</span> <span class='ocrx_word' id='word_1_169' title='bbox 955 1510 1059 1561; x_wconf 85' lang='lat' dir='ltr'>quod</span> <span class='ocrx_word' id='word_1_170' title='bbox 1079 1520 1188 1548; x_wconf 85' lang='lat' dir='ltr'>antea</span> <span class='ocrx_word' id='word_1_171' title='bbox 1213 1511 1398 1556; x_wconf 83' lang='lat' dir='ltr'>diximus,</span> <span class='ocrx_word' id='word_1_172' title='bbox 1429 1511 1598 1549; x_wconf 87' lang='lat' dir='ltr'>nimium</span> <span class='ocrx_word' id='word_1_173' title='bbox 1621 1511 1786 1563; x_wconf 85' lang='lat' dir='ltr'>diligen-</span> 
     </span>
     <span class='ocr_line' id='line_1_21' title="bbox 394 1574 1787 1629; baseline 0.004 -19"><span class='ocrx_word' id='word_1_174' title='bbox 394 1581 452 1610; x_wconf 89' lang='lat' dir='ltr'>ter</span> <span class='ocrx_word' id='word_1_175' title='bbox 472 1574 696 1626; x_wconf 80' lang='lat' dir='ltr'>praedonum</span> <span class='ocrx_word' id='word_1_176' title='bbox 711 1588 917 1612; x_wconf 87' lang='lat' dir='ltr'>numerum</span> <span class='ocrx_word' id='word_1_177' title='bbox 933 1576 1190 1627; x_wconf 84' lang='lat' dir='ltr'>requirebant.</span> <span class='ocrx_word' id='word_1_178' title='bbox 1214 1578 1399 1615; x_wconf 82' lang='lat' dir='ltr'>Haeccine</span> <span class='ocrx_word' id='word_1_179' title='bbox 1415 1578 1519 1629; x_wconf 90' lang='lat' dir='ltr'>plebi</span> <span class='ocrx_word' id='word_1_180' title='bbox 1537 1578 1736 1622; x_wconf 60' lang='lat' dir='ltr'>Romana-³,</span> <span class='ocrx_word' id='word_1_181' title='bbox 1752 1586 1787 1615; x_wconf 91' lang='lat' dir='ltr'>te</span> 
     </span>
     <span class='ocr_line' id='line_1_22' title="bbox 397 1640 1788 1695; baseline 0.004 -19"><span class='ocrx_word' id='word_1_182' title='bbox 397 1640 573 1683; x_wconf 78' lang='lat' dir='ltr'>Praetore,</span> <span class='ocrx_word' id='word_1_183' title='bbox 597 1640 648 1677; x_wconf 89' lang='lat' dir='ltr'>est</span> <span class='ocrx_word' id='word_1_184' title='bbox 668 1640 874 1678; x_wconf 86' lang='lat' dir='ltr'>constituta</span> <span class='ocrx_word' id='word_1_185' title='bbox 893 1642 1092 1678; x_wconf 83' lang='lat' dir='ltr'>conditio?</span> <span class='ocrx_word' id='word_1_186' title='bbox 1125 1641 1207 1680; x_wconf 77' lang='lat' dir='ltr'>haec</span> <span class='ocrx_word' id='word_1_187' title='bbox 1229 1644 1371 1695; x_wconf 83' lang='lat' dir='ltr'>negotii</span> <span class='ocrx_word' id='word_1_188' title='bbox 1393 1643 1549 1695; x_wconf 85' lang='lat' dir='ltr'>gerendi</span> <span class='ocrx_word' id='word_1_189' title='bbox 1570 1643 1649 1695; x_wconf 81' lang='lat' dir='ltr'>spes</span> <span class='ocrx_word' id='word_1_190' title='bbox 1669 1644 1680 1679; x_wconf 73' lang='grc' dir='ltr'><strong><em>ἓ</em></strong></span> <span class='ocrx_word' id='word_1_191' title='bbox 1713 1643 1788 1681; x_wconf 90' lang='lat' dir='ltr'>hoc</span> 
     </span>
     <span class='ocr_line' id='line_1_23' title="bbox 393 1706 1788 1758; baseline 0.003 -16"><span class='ocrx_word' id='word_1_192' title='bbox 393 1706 531 1758; x_wconf 85' lang='lat' dir='ltr'>capitis</span> <span class='ocrx_word' id='word_1_193' title='bbox 553 1706 716 1757; x_wconf 85' lang='lat' dir='ltr'>vitaeque</span> <span class='ocrx_word' id='word_1_194' title='bbox 746 1706 982 1744; x_wconf 84' lang='lat' dir='ltr'>discrimen?</span> <span class='ocrx_word' id='word_1_195' title='bbox 1022 1709 1211 1746; x_wconf 84' lang='lat' dir='ltr'>Parumne</span> <span class='ocrx_word' id='word_1_196' title='bbox 1244 1709 1367 1746; x_wconf 89' lang='lat' dir='ltr'>multa</span> <span class='ocrx_word' id='word_1_197' title='bbox 1398 1710 1673 1747; x_wconf 85' lang='lat' dir='ltr'>mercatoribus</span> <span class='ocrx_word' id='word_1_198' title='bbox 1700 1709 1788 1747; x_wconf 87' lang='lat' dir='ltr'>sunt</span> 
     </span>
     <span class='ocr_line' id='line_1_24' title="bbox 397 1770 1787 1823; baseline 0.003 -16"><span class='ocrx_word' id='word_1_199' title='bbox 397 1770 598 1808; x_wconf 85' lang='lat' dir='ltr'>neceffario</span> <span class='ocrx_word' id='word_1_200' title='bbox 618 1771 786 1823; x_wconf 89' lang='lat' dir='ltr'>pericula</span> <span class='ocrx_word' id='word_1_201' title='bbox 805 1771 1000 1810; x_wconf 89' lang='lat' dir='ltr'>subeunda</span> <span class='ocrx_word' id='word_1_202' title='bbox 1018 1771 1182 1811; x_wconf 78' lang='lat' dir='ltr'>fortunae</span> <span class='ocrx_word' id='word_1_203' title='bbox 1196 1802 1206 1817; x_wconf 93' lang='lat'>,</span> <span class='ocrx_word' id='word_1_204' title='bbox 1242 1774 1309 1811; x_wconf 83' lang='lat' dir='ltr'>nisi</span> <span class='ocrx_word' id='word_1_205' title='bbox 1337 1775 1453 1811; x_wconf 81' lang='lat' dir='ltr'>etiam</span> <span class='ocrx_word' id='word_1_206' title='bbox 1480 1772 1539 1810; x_wconf 83' lang='lat' dir='ltr'>hae</span> <span class='ocrx_word' id='word_1_207' title='bbox 1558 1772 1787 1811; x_wconf 87' lang='lat' dir='ltr'>formidines</span> 
     </span>
     <span class='ocr_line' id='line_1_25' title="bbox 397 1836 1786 1892; baseline 0.003 -19"><span class='ocrx_word' id='word_1_208' title='bbox 397 1836 443 1873; x_wconf 89' lang='lat' dir='ltr'>ab</span> <span class='ocrx_word' id='word_1_209' title='bbox 465 1836 598 1874; x_wconf 83' lang='lat' dir='ltr'>nostris</span> <span class='ocrx_word' id='word_1_210' title='bbox 620 1837 902 1889; x_wconf 81' lang='lat' dir='ltr'>magistratibus</span> <span class='ocrx_word' id='word_1_211' title='bbox 917 1867 928 1882; x_wconf 94' lang='lat'>,</span> <span class='ocrx_word' id='word_1_212' title='bbox 960 1847 1074 1890; x_wconf 84' lang='lat' dir='ltr'>atque</span> <span class='ocrx_word' id='word_1_213' title='bbox 1101 1840 1140 1876; x_wconf 90' lang='lat' dir='ltr'>in</span> <span class='ocrx_word' id='word_1_214' title='bbox 1162 1839 1295 1878; x_wconf 78' lang='lat' dir='ltr'>nostris</span> <span class='ocrx_word' id='word_1_215' title='bbox 1317 1839 1524 1892; x_wconf 75' lang='lat' dir='ltr'>provinciis</span> <span class='ocrx_word' id='word_1_216' title='bbox 1540 1868 1550 1883; x_wconf 93' lang='lat'>,</span> <span class='ocrx_word' id='word_1_217' title='bbox 1583 1839 1786 1891; x_wconf 87' lang='lat' dir='ltr'>impende-</span> 
     </span>
     <span class='ocr_line' id='line_1_26' title="bbox 397 1904 1787 1959; baseline 0.003 -18"><span class='ocrx_word' id='word_1_218' title='bbox 397 1904 523 1942; x_wconf 88' lang='lat' dir='ltr'>bunt?</span> <span class='ocrx_word' id='word_1_219' title='bbox 546 1904 609 1942; x_wconf 90' lang='lat' dir='ltr'>Ad</span> <span class='ocrx_word' id='word_1_220' title='bbox 629 1918 761 1942; x_wconf 87' lang='lat' dir='ltr'>eamne</span> <span class='ocrx_word' id='word_1_221' title='bbox 781 1919 863 1943; x_wconf 88' lang='lat' dir='ltr'>rem</span> <span class='ocrx_word' id='word_1_222' title='bbox 884 1905 960 1943; x_wconf 88' lang='lat' dir='ltr'>fuit</span> <span class='ocrx_word' id='word_1_223' title='bbox 980 1905 1060 1944; x_wconf 73' lang='lat' dir='ltr'>haec</span> <span class='ocrx_word' id='word_1_224' title='bbox 1082 1907 1296 1945; x_wconf 80' lang='lat' dir='ltr'>suburbana</span> <span class='ocrx_word' id='word_1_225' title='bbox 1312 1921 1353 1945; x_wconf 79' lang='lat' dir='ltr'>ac</span> <span class='ocrx_word' id='word_1_226' title='bbox 1371 1907 1492 1944; x_wconf 83' lang='lat' dir='ltr'>fidelis</span> <span class='ocrx_word' id='word_1_227' title='bbox 1512 1907 1707 1959; x_wconf 83' lang='lat' dir='ltr'>provincia</span> <span class='ocrx_word' id='word_1_228' title='bbox 1728 1908 1787 1945; x_wconf 77' lang='lat' dir='ltr'>Si-</span> 
     </span>
     <span class='ocr_line' id='line_1_27' title="bbox 398 1970 1786 2025; baseline 0.004 -19"><span class='ocrx_word' id='word_1_229' title='bbox 398 1970 500 2014; x_wconf 87' lang='lat' dir='ltr'>cilia,</span> <span class='ocrx_word' id='word_1_230' title='bbox 533 1972 645 2023; x_wconf 84' lang='lat' dir='ltr'>plena</span> <span class='ocrx_word' id='word_1_231' title='bbox 674 1971 913 2023; x_wconf 89' lang='lat' dir='ltr'>optimorum</span> <span class='ocrx_word' id='word_1_232' title='bbox 936 1973 1140 2018; x_wconf 86' lang='lat' dir='ltr'>sociorum,</span> <span class='ocrx_word' id='word_1_233' title='bbox 1163 1973 1591 2025; x_wconf 83' lang='lat' dir='ltr'>honestiffimorumque</span> <span class='ocrx_word' id='word_1_234' title='bbox 1621 1974 1786 2018; x_wconf 82' lang='lat' dir='ltr'>civium,</span> 
     </span>
     <span class='ocr_line' id='line_1_28' title="bbox 397 2036 1790 2092; baseline 0.004 -21"><span class='ocrx_word' id='word_1_235' title='bbox 397 2048 483 2086; x_wconf 86' lang='lat' dir='ltr'>quae</span> <span class='ocrx_word' id='word_1_236' title='bbox 503 2036 603 2073; x_wconf 84' lang='lat' dir='ltr'>cives</span> <span class='ocrx_word' id='word_1_237' title='bbox 626 2036 823 2074; x_wconf 83' lang='lat' dir='ltr'>Romanos</span> <span class='ocrx_word' id='word_1_238' title='bbox 844 2051 979 2075; x_wconf 86' lang='lat' dir='ltr'>omnes</span> <span class='ocrx_word' id='word_1_239' title='bbox 1001 2039 1073 2076; x_wconf 88' lang='lat' dir='ltr'>suis</span> <span class='ocrx_word' id='word_1_240' title='bbox 1108 2039 1183 2091; x_wconf 81' lang='lat' dir='ltr'>ipsa</span> <span class='ocrx_word' id='word_1_241' title='bbox 1204 2039 1354 2076; x_wconf 85' lang='lat' dir='ltr'>sedibus</span> <span class='ocrx_word' id='word_1_242' title='bbox 1376 2039 1623 2076; x_wconf 75' lang='lat' dir='ltr'>libentissime</span> <span class='ocrx_word' id='word_1_243' title='bbox 1644 2039 1790 2092; x_wconf 83' lang='lat' dir='ltr'>semper</span> 
     </span>
     <span class='ocr_line' id='line_1_29' title="bbox 397 2101 1786 2156; baseline 0.004 -19"><span class='ocrx_word' id='word_1_244' title='bbox 397 2101 556 2153; x_wconf 80' lang='lat' dir='ltr'>accepit,</span> <span class='ocrx_word' id='word_1_245' title='bbox 580 2109 635 2145; x_wconf 84' lang='lat' dir='ltr'>ut,</span> <span class='ocrx_word' id='word_1_246' title='bbox 651 2101 718 2152; x_wconf 91' lang='lat' dir='ltr'>qui</span> <span class='ocrx_word' id='word_1_247' title='bbox 740 2101 856 2153; x_wconf 86' lang='lat' dir='ltr'>usque</span> <span class='ocrx_word' id='word_1_248' title='bbox 876 2116 923 2140; x_wconf 82' lang='lat' dir='ltr'>ex</span> <span class='ocrx_word' id='word_1_249' title='bbox 944 2103 1082 2141; x_wconf 84' lang='lat' dir='ltr'>ultima</span> <span class='ocrx_word' id='word_1_250' title='bbox 1104 2105 1207 2154; x_wconf 78' lang='lat' dir='ltr'>Syria</span> <span class='ocrx_word' id='word_1_251' title='bbox 1227 2114 1341 2155; x_wconf 82' lang='lat' dir='ltr'>atque</span> <span class='ocrx_word' id='word_1_252' title='bbox 1356 2105 1526 2156; x_wconf 76' lang='lat' dir='ltr'>AEgypto</span> <span class='ocrx_word' id='word_1_253' title='bbox 1547 2105 1786 2156; x_wconf 80' lang='lat' dir='ltr'>navigarent;</span> 
     </span>
     <span class='ocr_line' id='line_1_30' title="bbox 397 2166 1787 2221; baseline 0.003 -18"><span class='ocrx_word' id='word_1_254' title='bbox 397 2167 465 2219; x_wconf 90' lang='lat' dir='ltr'>qui</span> <span class='ocrx_word' id='word_1_255' title='bbox 486 2166 587 2218; x_wconf 88' lang='lat' dir='ltr'>apud</span> <span class='ocrx_word' id='word_1_256' title='bbox 608 2166 784 2204; x_wconf 83' lang='lat' dir='ltr'>barbaros</span> <span class='ocrx_word' id='word_1_257' title='bbox 799 2196 809 2211; x_wconf 92' lang='lat'>,</span> <span class='ocrx_word' id='word_1_258' title='bbox 831 2178 984 2220; x_wconf 89' lang='lat' dir='ltr'>propter</span> <span class='ocrx_word' id='word_1_259' title='bbox 1005 2178 1102 2221; x_wconf 78' lang='lat' dir='ltr'>togae</span> <span class='ocrx_word' id='word_1_260' title='bbox 1123 2183 1263 2207; x_wconf 86' lang='lat' dir='ltr'>nomen</span> <span class='ocrx_word' id='word_1_261' title='bbox 1281 2200 1290 2214; x_wconf 87' lang='lat'>,</span> <span class='ocrx_word' id='word_1_262' title='bbox 1314 2171 1352 2207; x_wconf 86' lang='lat' dir='ltr'>in</span> <span class='ocrx_word' id='word_1_263' title='bbox 1373 2169 1518 2208; x_wconf 89' lang='lat' dir='ltr'>honore</span> <span class='ocrx_word' id='word_1_264' title='bbox 1545 2170 1673 2221; x_wconf 86' lang='lat' dir='ltr'>aliquo</span> <span class='ocrx_word' id='word_1_265' title='bbox 1693 2169 1787 2207; x_wconf 85' lang='lat' dir='ltr'>fuis-</span> 
     </span>
     <span class='ocr_line' id='line_1_31' title="bbox 397 2227 1788 2288; baseline 0.001 -18"><span class='ocrx_word' id='word_1_266' title='bbox 397 2233 496 2277; x_wconf 87' lang='lat' dir='ltr'>sent;</span> <span class='ocrx_word' id='word_1_267' title='bbox 515 2227 642 2284; x_wconf 84' lang='lat' dir='ltr'>quiex</span> <span class='ocrx_word' id='word_1_268' title='bbox 656 2232 880 2285; x_wconf 84' lang='lat' dir='ltr'>praedonum</span> <span class='ocrx_word' id='word_1_269' title='bbox 897 2234 1054 2280; x_wconf 73' lang='lat' dir='ltr'>insidiis²</span> <span class='ocrx_word' id='word_1_270' title='bbox 1069 2236 1192 2287; x_wconf 82' lang='lat' dir='ltr'>quiex</span> <span class='ocrx_word' id='word_1_271' title='bbox 1210 2236 1476 2288; x_wconf 76' lang='lat' dir='ltr'>tempestatum</span> <span class='ocrx_word' id='word_1_272' title='bbox 1495 2236 1788 2288; x_wconf 74' lang='lat' dir='ltr'>periculi5‚pro-</span> 
     </span>
     <span class='ocr_line' id='line_1_32' title="bbox 398 2298 1787 2354; baseline 0.003 -19"><span class='ocrx_word' id='word_1_273' title='bbox 398 2298 605 2350; x_wconf 71' lang='lat' dir='ltr'>fugissent,</span> <span class='ocrx_word' id='word_1_274' title='bbox 628 2299 667 2336; x_wconf 88' lang='lat' dir='ltr'>in</span> <span class='ocrx_word' id='word_1_275' title='bbox 691 2299 818 2338; x_wconf 86' lang='lat' dir='ltr'>Sicilia</span> <span class='ocrx_word' id='word_1_276' title='bbox 838 2300 957 2338; x_wconf 89' lang='lat' dir='ltr'>securi</span> <span class='ocrx_word' id='word_1_277' title='bbox 978 2300 1193 2346; x_wconf 85' lang='lat' dir='ltr'>ferirentur,</span> <span class='ocrx_word' id='word_1_278' title='bbox 1209 2315 1299 2339; x_wconf 88' lang='lat' dir='ltr'>cum</span> <span class='ocrx_word' id='word_1_279' title='bbox 1323 2303 1356 2339; x_wconf 85' lang='lat' dir='ltr'>se</span> <span class='ocrx_word' id='word_1_280' title='bbox 1370 2304 1452 2354; x_wconf 78' lang='lat' dir='ltr'>jam</span> <span class='ocrx_word' id='word_1_281' title='bbox 1475 2303 1637 2338; x_wconf 81' lang='lat' dir='ltr'>domum</span> <span class='ocrx_word' id='word_1_282' title='bbox 1652 2301 1787 2339; x_wconf 78' lang='lat' dir='ltr'>veniss‘e</span> 
     </span>
     <span class='ocr_line' id='line_1_33' title="bbox 399 2354 897 2402; baseline 0.004 -1"><span class='ocrx_word' id='word_1_283' title='bbox 399 2365 667 2402; x_wconf 87' lang='lat' dir='ltr'>arbitrarentur</span> <span class='ocrx_word' id='word_1_284' title='bbox 687 2365 700 2401; x_wconf 87' lang='lat'>?</span> <span class='ocrx_word' id='word_1_285' title='bbox 895 2354 897 2356; x_wconf 27' lang='lat'><strong><em>¹</em></strong></span> 
     </span>
    </p>

    <p class='ocr_par' dir='ltr' id='par_1_5' title="bbox 398 2431 1788 2553">
     <span class='ocr_line' id='line_1_34' title="bbox 455 2431 1786 2486; baseline 0.002 -19"><span class='ocrx_word' id='word_1_286' title='bbox 455 2431 563 2468; x_wconf 93' lang='lat' dir='ltr'>LXI.</span> <span class='ocrx_word' id='word_1_287' title='bbox 597 2431 702 2469; x_wconf 87' lang='lat' dir='ltr'>Nam</span> <span class='ocrx_word' id='word_1_288' title='bbox 734 2434 828 2484; x_wconf 90' lang='lat' dir='ltr'>quid</span> <span class='ocrx_word' id='word_1_289' title='bbox 859 2448 929 2486; x_wconf 81' lang='lat' dir='ltr'>ego</span> <span class='ocrx_word' id='word_1_290' title='bbox 961 2435 1006 2473; x_wconf 92' lang='lat' dir='ltr'>de</span> <span class='ocrx_word' id='word_1_291' title='bbox 1028 2436 1071 2473; x_wconf 89' lang='lat' dir='ltr'>P.</span> <span class='ocrx_word' id='word_1_292' title='bbox 1096 2437 1220 2473; x_wconf 74' lang='lat' dir='ltr'>Gavio</span> <span class='ocrx_word' id='word_1_293' title='bbox 1241 2435 1387 2473; x_wconf 77' lang='lat' dir='ltr'>Cosano</span> <span class='ocrx_word' id='word_1_294' title='bbox 1416 2433 1613 2485; x_wconf 82' lang='lat' dir='ltr'>municipe</span> <span class='ocrx_word' id='word_1_295' title='bbox 1635 2433 1758 2470; x_wconf 82' lang='lat' dir='ltr'>dicam</span> <span class='ocrx_word' id='word_1_296' title='bbox 1775 2462 1786 2477; x_wconf 90' lang='lat'><em>‚</em></span> 
     </span>
     <span class='ocr_line' id='line_1_35' title="bbox 398 2495 1788 2553; baseline 0.003 -22"><span class='ocrx_word' id='word_1_297' title='bbox 398 2495 554 2545; x_wconf 80' lang='lat' dir='ltr'>Judices</span> <span class='ocrx_word' id='word_1_298' title='bbox 575 2496 588 2532; x_wconf 90' lang='lat'>?</span> <span class='ocrx_word' id='word_1_299' title='bbox 610 2506 674 2534; x_wconf 92' lang='lat' dir='ltr'>aut</span> <span class='ocrx_word' id='word_1_300' title='bbox 695 2511 771 2549; x_wconf 86' lang='lat' dir='ltr'>qua</span> <span class='ocrx_word' id='word_1_301' title='bbox 803 2500 838 2536; x_wconf 88' lang='lat' dir='ltr'>vi</span> <span class='ocrx_word' id='word_1_302' title='bbox 873 2501 991 2545; x_wconf 84' lang='lat' dir='ltr'>vocis,</span> <span class='ocrx_word' id='word_1_303' title='bbox 1015 2514 1090 2552; x_wconf 86' lang='lat' dir='ltr'>qua</span> <span class='ocrx_word' id='word_1_304' title='bbox 1110 2502 1290 2553; x_wconf 70' lang='lat' dir='ltr'>gravitate</span> <span class='ocrx_word' id='word_1_305' title='bbox 1311 2500 1512 2536; x_wconf 82' lang='lat' dir='ltr'>verborum</span> <span class='ocrx_word' id='word_1_306' title='bbox 1529 2529 1538 2543; x_wconf 89' lang='lat'><em>‚</em></span> <span class='ocrx_word' id='word_1_307' title='bbox 1561 2512 1638 2551; x_wconf 85' lang='lat' dir='ltr'>quo</span> <span class='ocrx_word' id='word_1_308' title='bbox 1659 2499 1788 2536; x_wconf 76' lang='lat' dir='ltr'>dolore</span> 
     </span>
    </p>

    <p class='ocr_par' dir='ltr' id='par_1_6' title="bbox 1313 2566 1486 2603">
     <span class='ocr_line' id='line_1_36' title="bbox 1313 2566 1486 2603; baseline -0.006 0"><span class='ocrx_word' id='word_1_309' title='bbox 1313 2566 1350 2603; x_wconf 76' lang='lat' dir='ltr'>N</span> <span class='ocrx_word' id='word_1_310' title='bbox 1375 2579 1397 2602; x_wconf 88' lang='lat' dir='ltr'>n</span> <span class='ocrx_word' id='word_1_311' title='bbox 1423 2578 1445 2601; x_wconf 88' lang='lat' dir='ltr'>n</span> <span class='ocrx_word' id='word_1_312' title='bbox 1467 2578 1486 2602; x_wconf 83' lang='lat'><em>2</em></span> 
     </span>
    </p>
   </div>
  </div>
 </body>
</html>
