2201 2792
645 168 1412 221 PROP.QU1NT10.
1685 180 1736 221 43

325 291 411 330 quae
431 274 588 315 Naevius
611 273 761 318 edebat,
783 286 861 310 non
882 270 1088 317 recusasse,
1121 270 1175 309 ita
1196 279 1340 315 tamen,
1363 281 1471 307 more
1491 275 1529 306 et
1550 267 1738 314 instituto,

325 357 392 395 per
411 355 501 380 eum
521 340 802 393 magistratum,
822 338 891 391 qui
911 338 1047 376 auxilii
1068 337 1177 375 causa
1197 336 1428 375 constitutus
1449 334 1515 373 est.

381 410 464 446 Aut
490 407 572 446 haec
607 406 705 445 faeta
738 420 817 444 non
848 406 934 451 fint,
963 404 1108 443 necesse
1140 404 1219 449 est,
1252 412 1318 441 aut
1351 404 1399 442 C.
1423 401 1624 455 Aquilius,
1657 401 1741 439 talis

325 475 397 520 vir,
414 476 563 528 juratus
585 474 660 512 hoc
681 475 746 526 jus
766 474 807 511 in
827 473 982 511 civitate
1001 472 1210 511 constituat
1226 490 1237 516 ς
1270 471 1380 523 cujus
1410 478 1634 523 procurator
1664 482 1743 506 non

327 543 460 581 omnia
482 543 633 595 judicia
658 541 861 594 acceperit,
883 554 969 594 quae
990 540 1153 593 quisque
1172 539 1213 577 in
1242 539 1356 576 verba
1377 537 1600 591 postularit3
1634 536 1743 587 cujus

326 619 550 661 procurator
571 623 590 646 a
610 609 777 647 Praetore
812 607 988 646 tribunos
1010 606 1200 660 appellare
1220 605 1329 643 ausus
1352 604 1409 650 fit,
1442 617 1534 642 eum
1564 617 1643 642 non
1676 603 1743 640 de-

327 673 436 712 fendi
448 694 460 720 5
493 676 573 728 ejus
594 674 695 713 bona
716 675 814 712 recte
834 672 1013 727 poffideri
1033 672 1135 726 poffe
1147 690 1160 717 ;
1192 671 1228 709 ei
1248 670 1402 715 misero,
1430 669 1590 715 absenti,
1613 670 1746 723 ignaro

327 740 574 780 fortunarum
594 741 761 786 suarum,
793 740 927 779 omnia
956 739 1044 778 vitae
1064 746 1291 777 ornamenta
1319 751 1387 791 per
1407 736 1606 775 summum
1628 736 1746 774 dede-

329 821 398 846 cus
433 818 472 848 et
503 808 763 862 ignominiam
794 807 913 860 diripi
946 806 1162 846 convenire.
1206 805 1326 857 Qod
1357 805 1382 844 fi
1414 804 1568 858 probari
1597 802 1749 842 nemini

329 875 453 928 potest
464 894 476 922 5
508 875 607 914 illud
628 885 731 914 certe
761 874 916 928 probari
946 873 1132 913 omnibus
1163 871 1308 911 neceffe
1342 872 1409 917 est,
1441 870 1645 910 defensum
1677 870 1748 909 effe

324 942 476 993 judicio
496 941 692 980 absentem
711 942 941 993 Qintium.
988 940 1110 992 Qod
1133 953 1227 979 cum
1258 940 1312 978 ita
1331 938 1398 985 est,
1424 951 1472 977 ex
1491 937 1618 976 edieto
1648 937 1750 976 bona

333 1007 487 1060 poffefi‘a
506 1022 585 1046 non
606 1008 707 1046 sunt.

379 1076 436 1112 At
456 1075 562 1120 enim
583 1074 730 1112 tribuni
750 1073 875 1127 plebis
897 1087 945 1112 ne
964 1074 1168 1112 audierunt
1188 1075 1363 1126 quidem.
1388 1075 1540 1117 Fateor,
1562 1073 1588 1110 fi
1609 1073 1663 1110 ita
1682 1073 1749 1117 est,

332 1149 623 1192 procuratorem
658 1140 813 1177 decreto
847 1141 1022 1178 Praetoris
1055 1140 1262 1192 oportuiffe
1293 1153 1436 1192 parere.
1489 1138 1598 1191 Qid
1630 1138 1655 1176 st
1683 1139 1749 1176 M.

331 1207 475 1244 Brutus
505 1204 800 1244 intercessurum
831 1203 868 1242 se
888 1204 987 1242 dixit
1007 1204 1150 1257 palam,
1182 1204 1251 1242 nis1
1284 1204 1379 1256 quid
1400 1205 1500 1242 inter
1527 1204 1655 1256 ipsum
1676 1205 1750 1242 Al-

332 1271 511 1326 phenum
531 1281 569 1311 et
582 1271 769 1311 Naevium
789 1271 1040 1310 conveniret?
1062 1271 1263 1309 videturne
1283 1270 1525 1317 interceffiffe
1545 1270 1751 1324 appellatio

333 1340 598 1385 tribunorum,
620 1353 699 1378 non
720 1352 852 1384 morae,
875 1337 937 1376 sed
957 1338 1092 1377 auxilii
1112 1337 1219 1376 causa
1237 1338 1250 1375 ?

375 1408 491 1446 XXI.
515 1407 625 1458 Qid
641 1406 779 1445 deinde
798 1405 871 1444 fit?
893 1404 1117 1458 Alphenus,
1136 1414 1181 1443 ut
1198 1418 1333 1444 omnes
1354 1405 1570 1458 intelligere
1590 1404 1751 1458 poffent,

327 1474 482 1526 judicio
501 1472 658 1511 defendi
679 1472 910 1523 Qinfium,
942 1485 991 1510 ne
1022 1485 1098 1524 qua
1128 1470 1271 1509 subeffe
1304 1471 1425 1524 posset
1450 1471 1572 1509 aliena
1591 1480 1656 1510 aut
1689 1471 1752 1524 ip-

335 1541 410 1579 sius
430 1540 575 1586 officio,
607 1547 673 1578 aut
691 1537 808 1592 hujus
829 1537 1113 1577 existimatione
1139 1536 1319 1591 suspicio,
1352 1538 1453 1576 viros
1486 1537 1609 1577 bonos
1640 1551 1752 1576 com-

337 1608 465 1660 plures
496 1608 671 1645 advocat.
718 1605 912 1651 Testatur,
943 1605 1015 1644 isto
1045 1605 1238 1651 audiente,
1270 1604 1306 1642 se
1340 1619 1411 1658 pro
1444 1604 1649 1643 communi
1684 1618 1753 1642 ne-

338 1673 563 1712 ceffitudine
593 1673 633 1711 id
654 1673 830 1726 primum
860 1681 1003 1727 petere,
1035 1685 1083 1710 ne
1103 1672 1198 1725 quid
1219 1672 1385 1710 atrocius
1407 1672 1448 1710 in
1471 1673 1515 1710 P.
1540 1671 1755 1722 Qintium

338 1741 532 1780 absentem
553 1740 631 1779 fine
651 1739 760 1778 causa
778 1738 903 1777 facere
922 1747 1107 1778 conetur:
1130 1739 1186 1776 fin
1204 1747 1335 1775 autem
1355 1738 1620 1775 inimicissime
1639 1746 1756 1790 atque

338 1807 577 1846 infestissime
609 1807 842 1845 contendere
873 1805 1118 1858 preserveret,
1154 1804 1190 1842 se
1221 1813 1398 1857 paratum
1424 1803 1495 1842 effe
1522 1804 1631 1843 omni
1657 1805 1756 1842 reita

338 1885 453 1928 atque
473 1873 631 1913 honesta
650 1874 796 1912 ratione
815 1871 1034 1917 defendere,
1066 1871 1174 1924 quod
1190 1880 1308 1924 petat,
1339 1885 1417 1910 non
1444 1871 1575 1909 deberi
1593 1886 1602 1909 :
1635 1870 1670 1908 se
1685 1871 1754 1924 ju-

340 1942 490 1981 dicium
511 1941 565 1988 id,
585 1940 692 1994 quod
711 1941 811 1986 edat,
832 1939 1018 1992 acciperet,
1056 1940 1152 1992 Ejus
1174 1938 1241 1984 rei,
1260 1937 1578 1991 conditionesque
1598 1937 1756 1977 tabellas

339 2009 636 2062 obsignaverunt
655 2008 727 2045 viri
748 2007 842 2046 boni
867 2006 1105 2060 complures.
1150 2007 1227 2044 Res
1255 2006 1295 2043 in
1327 2005 1496 2044 dubium
1515 2005 1645 2043 venire
1676 2018 1757 2043 non

340 2077 480 2129 potest.
527 2076 606 2121 Fit,
638 2076 751 2114 rebus
773 2075 957 2114 omnibus
997 2074 1171 2127 integris,
1203 2086 1328 2125 neque
1362 2071 1600 2126 proscriptis,
1631 2085 1757 2125 neque

343 2142 507 2196 poffeffis
539 2142 666 2186 bonis,
699 2151 742 2179 ut
769 2140 974 2194 Alphenus
1006 2141 1210 2193 promittat
1243 2140 1383 2178 Naevio
1417 2139 1491 2178 fisti
1526 2139 1756 2191 Qintium.

343 2209 464 2248 Venit
494 2210 540 2247 ad
571 2208 839 2246 vadimonium
861 2207 1062 2258 Qintius.
1095 2207 1204 2258 Jacet
1226 2219 1280 2244 res
1313 2207 1353 2244 in
1374 2206 1652 2251 controversiis,
1686 2205 1757 2242 isto

345 2276 621 2321 calumniante,
643 2275 863 2320 biennium,
886 2274 1005 2326 usque
1026 2273 1122 2311 dum
1153 2273 1404 2318 inveniretur,
1438 2286 1513 2326 qua
1533 2273 1678 2310 ratione
1699 2284 1756 2309 res

344 2344 392 2382 ab
425 2344 556 2382 ufitata
585 2342 861 2381 consuetudine
889 2341 1092 2386 recederet,
1127 2351 1164 2380 et
1198 2342 1239 2380 in
1259 2340 1335 2379 hoc
1358 2338 1756 2393 fingularejudicium

347 2410 454 2447 causa
473 2410 602 2448 omnis
621 2409 930 2447 concluderetur.

403 2476 522 2526 Qod
546 2476 737 2521 officium,
757 2477 805 2514 C.
823 2475 978 2528 Aquili,
1011 2474 1309 2514 commemorari
1337 2468 1593 2526 procuratoris
1620 2471 1755 2524 potest,

346 2541 462 2593 quod¹
473 2542 520 2580 ab
541 2541 725 2595 Alpheno
744 2542 984 2595 praeteritum
1003 2541 1074 2579 effe
1095 2541 1293 2580 videatur?
1317 2538 1428 2590 Qid
1448 2538 1618 2584 affertur,
1643 2550 1759 2590 quare

1378 2606 1406 2645 F
1431 2619 1452 2645 2
