2201 2792
414 146 465 201 73
935 142 1292 182 ORATIO

414 243 520 296 quod
540 256 587 281 ex
608 251 688 281 tota
707 240 894 286 societate,
926 239 1001 278 hoc
1027 241 1092 285 est,
1123 253 1171 278 ex
1206 248 1264 278 tot
1295 238 1447 283 ficariis,
1476 237 1579 277 solus
1614 245 1655 276 tu
1677 237 1814 277 inven-

414 318 475 347 tus
497 322 550 354 es,
580 308 649 361 qui
669 321 760 345 curn
779 306 1058 345 accusatoribus
1079 305 1235 350 sederes,
1268 314 1382 356 atque
1403 317 1444 342 os
1465 312 1579 342 tuum
1599 317 1677 341 non
1697 304 1817 342 modo

414 375 640 419 ostenderes,
672 373 733 411 sed
753 373 870 411 etiam
904 371 1072 410 offerres.
1119 371 1348 409 Inimicitias
1371 370 1443 408 tibi
1463 369 1574 407 fuisse
1603 383 1697 407 curn
1726 369 1813 407 Sex.

415 440 556 478 Roscio
571 469 581 485 ‚
616 448 655 477 et
675 451 829 490 magnas
851 438 903 475 rei
924 436 1120 475 familiaris
1142 436 1410 474 controversias
1424 465 1435 480 ,
1467 435 1652 473 concedas
1673 433 1817 472 neceffe

416 506 483 544 cst.

470 570 614 614 Restat,
637 570 808 621 Judices,
830 577 874 607 ut
893 568 969 606 hoc
989 568 1227 612 dubitemus,
1259 577 1342 605 uter
1368 567 1496 620 potius
1520 567 1604 604 Sex.
1628 565 1817 603 Roscium

415 637 625 681 occiderit;
658 637 703 680 is,
735 636 781 673 ad
814 649 932 687 quem
957 644 1080 672 morte
1109 636 1190 687 ejus
1220 635 1363 672 divitiae
1393 634 1595 676 venerint;
1628 645 1674 669 an
1695 632 1741 675 is,
1772 629 1819 668 ad

415 717 532 756 quem
555 702 806 740 mendicitas:
838 702 883 746 is,
909 701 977 753 qui
997 710 1106 739 antea
1137 701 1263 738 tenuis
1284 699 1428 744 fuerit;
1460 712 1506 737 an
1529 700 1574 743 is,
1597 698 1665 750 qui
1691 696 1818 750 postea

413 769 534 807 factus
555 769 599 807 fit
619 768 904 821 egentiffimus:
938 769 982 813 is,
1015 768 1082 820 qui
1113 767 1244 805 ardens
1265 766 1419 804 avaritia
1438 765 1579 803 feratur
1598 763 1756 802 infestus
1776 763 1818 800 in

414 836 498 874 suos
516 854 527 880 ;
559 849 606 873 an
628 836 672 879 is,
705 835 772 887 qui
792 834 941 887 semper
967 834 1019 871 ita
1044 833 1196 877 vixerit,
1218 842 1260 870 ut
1280 833 1465 886 quaestum
1484 831 1603 869 noffet
1632 829 1815 873 nullum;

414 901 586 940 frustum
606 911 735 940 autem
756 915 847 939 eum
864 900 1002 945 solum,
1031 914 1150 952 quem
1166 900 1295 938 labore
1315 900 1538 953 peperiffet:
1571 898 1617 943 is,
1639 897 1708 949 qui
1727 910 1816 934 om-

414 969 526 1006 nium
548 969 736 1006 festorum
757 966 1023 1005 audaciffimus
1044 967 1088 1004 sit
1106 984 1117 1010 3
1140 980 1185 1004 an
1208 966 1252 1009 is,
1271 967 1354 1017 qui,
1380 974 1535 1017 propter
1554 963 1630 1002 fori
1644 964 1817 1016 judicio-

415 1048 580 1086 rumque
612 1033 867 1076 insolentiam,
904 1045 982 1068 non
1015 1030 1132 1067 modo
1153 1030 1340 1074 subsellia,
1372 1043 1506 1067 verum
1538 1029 1655 1067 etiam
1682 1029 1818 1067 urbem

413 1100 534 1151 ipsam
556 1096 803 1136 reformidet:
837 1096 1042 1149 postremo,
1065 1096 1237 1146 Judices,
1261 1095 1300 1132 id
1319 1095 1424 1147 quod
1445 1095 1489 1132 ad
1510 1108 1606 1139 rem,
1627 1095 1714 1133 mea
1734 1095 1818 1133 sen-

413 1166 535 1203 tentia
555 1165 725 1202 maxime
745 1163 926 1214 pertinet,
949 1171 1081 1199 utrum
1103 1162 1287 1198 inimicus
1308 1161 1452 1212 potiuS,
1474 1173 1520 1198 an
1541 1160 1659 1198 filius.

470 1231 645 1268 XXXII.
678 1229 776 1265 Haee
809 1236 865 1271 tu,
902 1227 1036 1270 Eruci,
1068 1235 1138 1270 tot,
1167 1234 1204 1263 et
1225 1235 1329 1263 tanta
1349 1226 1374 1263 s1
1396 1227 1526 1263 nad‘tus
1557 1225 1646 1264 effes
1669 1226 1707 1263 in
1738 1239 1816 1270 reo,

415 1295 601 1349 quamdiu
622 1294 764 1331 diceres
784 1293 796 1329 ?
819 1306 897 1344 quo
919 1300 955 1330 te
975 1292 1092 1330 modo
1106 1293 1265 1343 jactares
1285 1292 1297 1328 ?
1330 1293 1508 1344 Tempus
1528 1290 1684 1329 hercule
1705 1301 1741 1329 te
1758 1292 1818 1329 ci-

415 1363 505 1406 tius,
543 1374 661 1413 quam
678 1359 811 1403 oratio,
844 1357 1036 1396 deficeret.
1074 1358 1233 1396 Etenim
1255 1358 1294 1395 in
1316 1358 1473 1410 singulis
1496 1358 1608 1396 rebus
1629 1357 1819 1409 ejusmodi

414 1427 589 1466 materies
609 1426 675 1470 est,
704 1434 747 1463 ut
768 1425 846 1462 dies
868 1424 1034 1476 singulos
1055 1424 1167 1477 poffis
1198 1424 1436 1462 consumere.
1482 1424 1624 1476 Neque
1650 1437 1720 1476 ego
1740 1437 1818 1463 non

414 1492 592 1546 poffum:
625 1505 703 1529 non
735 1491 841 1528 enim
872 1489 972 1528 mihi
993 1499 1146 1528 tantum
1167 1490 1322 1542 derogo,
1356 1489 1502 1527 tametsi
1533 1488 1632 1526 nihil
1668 1502 1817 1542 arrogo,

415 1570 459 1598 ut
479 1569 516 1598 te
536 1558 738 1612 copiosius,
761 1570 878 1609 quam
899 1569 976 1601 me,
1002 1565 1137 1609 putem
1157 1556 1259 1609 poss'e
1278 1556 1403 1594 dicere
1421 1571 1430 1594 ε
1462 1569 1597 1593 verum
1618 1568 1689 1607 ego
1709 1555 1819 1594 forfi-

415 1637 494 1671 tan‚
530 1634 684 1678 propter
715 1623 1011 1661 multitudinem
1040 1631 1304 1675 patronorum,
1346 1624 1385 1659 in
1423 1634 1537 1675 grege
1575 1635 1818 1660 annumeret.

415 1694 476 1730 Te
496 1704 626 1745 pugna
647 1689 854 1727 Cannensis
876 1688 1133 1726 accusatorem
1155 1688 1207 1726 sat
1227 1689 1374 1726 bonum
1396 1686 1502 1725 fecit.
1534 1687 1687 1725 Multos
1708 1687 1819 1726 caesos

414 1772 494 1796 non
524 1756 570 1794 ad
589 1754 891 1794 Thrafimenum
911 1753 1056 1799 lacum,
1087 1754 1150 1792 sed
1176 1754 1222 1791 ad
1243 1754 1462 1799 Servilium,
1484 1753 1666 1791 vidimus.
1717 1753 1818 1804 Qis

416 1823 472 1861 ibi
500 1835 576 1860 non
593 1833 596 1836 ⁴
611 1821 662 1858 est
695 1820 912 1858 vulneratus
934 1821 1046 1872 ferro
1066 1820 1227 1872 Phrygio
1245 1820 1265 1857 ,ἲ
1296 1820 1389 1857 Non
1423 1818 1566 1856 necefl‘e
1598 1818 1650 1856 est
1685 1831 1818 1856 omnes

416 1899 748 1930 commemorare3
781 1884 952 1928 Curtios,
975 1885 1136 1929 Marios,
1171 1885 1336 1936 denique
1356 1885 1592 1927 Mamercos,
1624 1896 1720 1935 quos
1736 1884 1819 1935 jam

418 1962 503 1991 aetas
523 1965 544 1989 a
563 1951 701 2004 praeliis
720 1950 899 1987 avocabat
917 1964 926 1987 t
951 1949 1141 2002 postremo
1163 1950 1364 1987 Priamum
1385 1948 1526 2001 ipsum,
1544 1949 1669 1986 senem
1684 1949 1818 1986 Antis-

418 2019 534 2062 tium,
567 2030 686 2069 quem
716 2029 792 2053 non
814 2016 932 2054 modo
951 2025 1052 2060 aetas,
1088 2015 1151 2053 sed
1171 2015 1287 2053 etiam
1318 2015 1420 2068 leges
1441 2028 1611 2067 pugnare
1635 2013 1819 2067 prohibe·

418 2085 524 2122 bant.
557 2084 659 2134 Jam,
692 2094 788 2133 quos
809 2095 924 2120 nemo
950 2092 1105 2134 propter
1124 2081 1410 2134 ignobilitatem
1432 2082 1620 2125 nominat,
1654 2080 1820 2118 sexcenti

419 2150 518 2194 sunt,
551 2149 620 2201 qui
641 2148 738 2185 inter
769 2147 930 2193 ficarios,
962 2158 1000 2186 et
1019 2149 1065 2186 de
1086 2147 1277 2186 veneficiis
1299 2147 1537 2186 accusabant.
1583 2147 1665 2197 Qi
1684 2159 1818 2184 omnes

421 2215 544 2268 (quod
564 2215 610 2252 ad
630 2227 693 2251 me
712 2213 865 2264 attinet)
897 2214 1037 2251 vellem
1058 2214 1241 2251 viverent.
1288 2212 1405 2250 Nihil
1427 2214 1532 2250 enim
1554 2213 1645 2249 mali
1666 2211 1731 2255 est,
1753 2224 1817 2248 ca-

420 2295 486 2320 nes
511 2281 566 2318 ibi
586 2293 702 2332 quam
723 2278 911 2331 plurimos
932 2278 1016 2323 effe,
1053 2278 1120 2316 ubi
1141 2279 1325 2331 permulti
1346 2277 1582 2321 observandi,
1619 2276 1818 2327 multaque

420 2347 595 2384 servanda
617 2346 715 2383 sunt.

476 2412 639 2456 Verum,
671 2419 714 2448 ut
750 2410 807 2455 fit,
853 2410 976 2448 multa
1006 2408 1124 2462 saepe,
1165 2408 1475 2462 imprudentibus
1511 2407 1817 2461 imperatoribus,

421 2478 477 2517 vis
499 2477 591 2515 belli
611 2490 653 2516 ac
675 2477 786 2515 turba
808 2477 983 2516 molitur.
1015 2477 1127 2514 Dum
1148 2475 1179 2514 is
1200 2475 1240 2513 in
1261 2474 1342 2512 aliis
1363 2474 1474 2513 rebus
1496 2483 1573 2512 erat
1593 2482 1816 2526 occupatus,
