2201 2792
462 209 511 248 82
984 209 1339 249 ORATIO

460 308 549 360 effe)
573 308 711 346 audiet.
748 308 886 346 Veniat
908 308 1052 354 modo,
1084 309 1251 361 explicet
1271 308 1382 346 suum
1403 307 1585 346 volumen
1607 307 1719 353 illud,
1751 309 1858 361 quod

460 374 495 411 ei
515 374 674 426 planum
696 372 817 410 facere
846 373 995 425 poffum
1016 374 1206 411 Erucium
1230 372 1511 426 conscripsisse,
1544 373 1649 425 quod
1679 373 1786 411 aiunt
1806 373 1856 411 il-

460 438 543 476 lum
565 440 650 476 Sex.
674 438 814 476 Roscio
835 438 1030 476 intentasse
1047 457 1058 483 5
1090 448 1127 476 et
1149 438 1374 476 minitatum
1394 437 1478 483 effe,
1498 437 1532 476 se
1552 438 1684 476 omnia
1703 438 1769 476 illa
1787 451 1858 491 pro

460 504 680 542 testimonio
700 503 770 541 effe
789 504 997 542 disturum.
1031 504 1068 540 O
1089 504 1313 556 praeclarum
1327 503 1475 548 testem,
1489 504 1646 554 Judices
1663 503 1670 541 ἕ
1694 503 1857 556 &gravi-

461 577 578 607 tatem
600 569 758 621 dignam
778 569 1038 620 expeitatione
1057 567 1063 604 !
1096 568 1120 607 ὀ
1140 569 1258 606 vitam
1280 567 1491 612 honestam,
1522 578 1635 620 atque
1655 567 1857 620 ejusmodi,

460 643 503 672 ut
522 633 734 672 libentibus
766 634 902 671 animis
923 634 968 671 ad
999 635 1078 685 ejus
1110 633 1375 671 testimonium
1395 633 1561 671 vestrum
1585 633 1858 685 jusjurandum

459 699 784 738 accommodetis!
818 699 994 738 Profecto
1026 713 1105 738 non
1136 710 1215 738 tam
1249 699 1446 752 perspicue
1476 699 1636 737 istorum
1670 698 1859 737 maleficia

459 766 690 811 videremus,
722 766 789 804 nisi
823 765 922 818 ipsos
957 779 1075 804 caecos
1109 766 1280 804 redderet
1313 765 1517 818 cupiditas,
1552 774 1592 804 et
1624 765 1788 810 avaritia,
1819 773 1858 803 et

460 832 629 871 audacia.

513 899 705 956 XXXVI.
738 898 848 937 Alter
867 912 914 938 ex
945 899 1023 952 ipsa
1041 899 1142 938 caede
1161 899 1358 938 volucrem
1385 899 1569 938 nuntium
1590 898 1791 938 Ameriam
1811 896 1859 934 ad

457 964 621 1010 socium,
652 962 770 1016 'atque
803 964 850 1001 ad
884 965 1148 1017 magistratum
1181 964 1293 1002 suum
1324 965 1452 1003 misit:
1486 975 1542 1008 ut,
1578 965 1604 1002 fi
1625 962 1858 1002 dissimulare

458 1043 591 1067 omnes
612 1038 795 1082 cuperent
816 1028 850 1066 se
870 1028 976 1072 scire,
1011 1030 1057 1066 ad
1077 1042 1196 1080 quem
1217 1028 1453 1066 maleficium
1475 1029 1695 1080 pertineret,
1728 1037 1858 1065 tamen

456 1095 534 1147 ipse
554 1104 728 1146 apertum
748 1093 860 1131 suum
882 1093 1001 1131 scelus
1023 1103 1109 1131 ante
1129 1094 1309 1132 omnium
1330 1094 1462 1132 oculos
1479 1103 1648 1146 poneret.
1680 1093 1791 1131 Alter
1813 1092 1858 1144 (si

457 1160 545 1198 Diis
566 1159 852 1198 immortalibus
884 1159 1026 1210 placet)
1063 1158 1328 1196 testimonium
1357 1159 1474 1196 etiam
1496 1160 1535 1196 in
1562 1160 1648 1197 Sex.
1671 1158 1858 1196 Roscium

457 1226 627 1263 dicturus
648 1224 713 1262 est.
765 1223 880 1273 Qafi
901 1237 989 1261 vero
1008 1223 1047 1260 id
1070 1237 1171 1261 nunc
1192 1232 1337 1275 agatur,
1370 1222 1500 1261 utrum
1524 1224 1554 1261 is
1576 1223 1681 1275 quod
1702 1223 1856 1268 dixerit,

457 1290 690 1328 credendum
707 1307 719 1334 3
751 1302 812 1333 an,
835 1288 939 1339 quod
959 1287 1105 1332 fecerit,
1127 1288 1404 1327 vindicandum
1424 1289 1481 1327 fit.

512 1356 646 1408 Itaque
675 1368 783 1393 more
804 1355 994 1406 majorum
1025 1363 1291 1407 comparatum
1322 1354 1388 1400 est,
1425 1363 1468 1393 ut
1488 1355 1528 1392 in
1549 1355 1724 1393 minimis
1745 1355 1857 1393 rebus

457 1421 635 1459 homines
656 1419 878 1473 ampliffimi
913 1419 1178 1458 testimonium
1208 1420 1253 1457 de
1274 1420 1336 1458 sua
1355 1434 1393 1458 re
1413 1434 1490 1458 non
1511 1421 1694 1459 dicerent.
1744 1419 1855 1459 Afri-

457 1501 588 1532 canus,
625 1487 692 1539 qui
712 1486 778 1524 suo
798 1486 1031 1538 cognomine
1052 1486 1230 1530 declarat,
1262 1487 1414 1524 tertiam
1446 1496 1592 1539 partem
1613 1487 1715 1525 orbis
1738 1495 1856 1525 terra-

457 1569 543 1592 rum
565 1554 600 1592 se
620 1552 812 1606 subegisse,
835 1562 978 1597 tamen,
997 1553 1022 1590 fi
1044 1553 1105 1590 sua
1126 1566 1183 1590 res
1203 1562 1389 1606 ageretur,
1407 1553 1673 1592 testimonium
1694 1567 1772 1592 non
1792 1553 1855 1591 di-

456 1630 570 1659 ceret.
620 1620 727 1658 Nam
746 1619 847 1656 illud.
864 1619 904 1656 in
936 1619 1054 1657 talem
1073 1619 1201 1657 virum
1228 1632 1306 1657 nou
1326 1619 1446 1657 audeo
1466 1619 1617 1664 dicere,
1649 1619 1676 1657 fi
1697 1619 1855 1664 diceret,

457 1699 532 1723 non
552 1685 781 1723 crederetur.
824 1684 963 1722 Videte
996 1697 1115 1729 nune,
1147 1698 1265 1736 quam
1285 1684 1385 1722 versa
1404 1694 1442 1722 et
1461 1693 1608 1723 mutata
1626 1685 1667 1722 in
1685 1686 1855 1737 pejorem

454 1760 602 1804 partem
623 1750 694 1788 s1nt
715 1750 859 1788 omnia.
893 1751 997 1788 Cum
1019 1750 1065 1787 de
1086 1750 1211 1794 bonis,
1242 1759 1281 1788 et
1307 1750 1353 1788 de
1373 1750 1473 1788 caede
1501 1759 1646 1803 agatur,
1679 1750 1854 1788 testimo-

455 1816 754 1854 nium'difturus
786 1815 837 1852 est
858 1815 904 1859 is,
936 1815 1004 1867 qui
1035 1824 1073 1853 et
1093 1815 1209 1853 sector
1228 1815 1295 1860 est,
1325 1825 1363 1853 et
1383 1816 1562 1860 fiemus,
1594 1815 1669 1853 hoc
1689 1815 1754 1859 est,
1787 1817 1855 1868 qui

454 1893 492 1919 et
523 1882 681 1919 illorum
711 1880 879 1932 ipsorum
902 1880 1108 1924 bonorum,
1144 1880 1190 1916 de
1210 1881 1352 1932 quibus
1385 1881 1522 1932 agitur,
1559 1890 1711 1933 emptor
1740 1889 1855 1933 atque

457 1946 630 1998 possessor
661 1946 741 1989 est,
773 1955 810 1982 ct
841 1958 932 1982 eum
958 1943 1162 1983 hominem
1194 1945 1452 1983 occidendum
1473 1947 1632 1991 curavit,
1668 1946 1714 1984 de
1743 1947 1854 1999 cujus

455 2021 578 2049 morte
599 2012 793 2063 quaeritur.

511 2077 618 2129 Qid
650 2087 705 2121 tu,
741 2077 798 2114 vir
827 2077 1006 2129 optime?
1038 2077 1177 2128 ecquid
1210 2075 1341 2123 habes,
1368 2077 1463 2131 quid
1483 2079 1617 2116 dicas?
1648 2077 1748 2116 mihi
1768 2078 1853 2116 aus-

455 2142 588 2180 culta:
621 2142 720 2186 vide,
753 2155 799 2179 ne
834 2142 904 2179 tibi
936 2142 1042 2180 desis.
1088 2144 1178 2180 Tua
1202 2157 1358 2196 quoque
1389 2157 1444 2181 res
1475 2157 1682 2196 permagna
1712 2144 1852 2196 agitur.

455 2209 586 2246 Multa
606 2208 793 2252 scelerate,
825 2208 949 2246 multa
969 2208 1173 2254 audaciter,
1205 2209 1328 2247 multa
1348 2210 1525 2262 improbe
1545 2209 1667 2247 fecisti
1683 2227 1695 2254 3
1728 2223 1853 2248 unum

456 2274 682 2319 stultissime,
714 2272 884 2326 profesto
905 2284 968 2312 tua
999 2274 1146 2326 sponte,
1177 2289 1254 2313 non
1290 2275 1335 2313 de
1356 2276 1491 2313 Erucii
1512 2275 1720 2312 sententia:
1753 2273 1853 2313 nihil

455 2353 551 2393 opus
571 2339 647 2378 fuit
678 2348 715 2377 te
746 2339 829 2376 istic
849 2338 986 2378 sedere.
1019 2339 1161 2392 Neque
1190 2340 1296 2378 enim
1327 2340 1540 2378 accusatore
1572 2348 1697 2384 muto,
1730 2353 1854 2392 neque

456 2406 545 2443 teste
579 2405 782 2458 quisquam
816 2405 938 2443 utitur
968 2418 1038 2451 eo,
1080 2406 1149 2458 qui
1179 2406 1225 2444 de
1254 2405 1478 2444 accusatoris
1513 2405 1689 2444 subsellio
1718 2405 1851 2458 surgit.

456 2471 550 2510 Huc
569 2472 728 2517 accedit,
759 2471 864 2524 quod
885 2471 999 2524 paulo
1017 2471 1206 2510 occultior
1226 2480 1339 2524 atque
1370 2472 1504 2510 testior
1535 2471 1651 2510 vestra
1684 2470 1750 2509 ista
1780 2484 1852 2509 cu-

454 2537 594 2591 piditas
624 2537 724 2576 effet.
773 2538 895 2577 Nunc
929 2537 1022 2591 quid
1055 2537 1122 2584 est,
1153 2537 1259 2592 quod
1279 2537 1483 2592 quisquam
1512 2551 1557 2577 ex
1589 2537 1697 2577 vobis
1727 2537 1855 2575 audire
