2201 2792
699 200 1245 243 DIVINATIO.
1607 215 1676 242 121

272 307 364 347 H—S
389 318 451 349 11,
472 316 543 357 pro
562 300 776 348 frumento,
808 302 850 340 in
869 301 1022 340 modios
1054 300 1236 354 singulos,
1270 298 1467 337 duodenos
1498 298 1682 336 sestertios

269 370 445 426 exegiffe.
477 371 675 423 Magnum
705 369 870 414 crimen,
902 368 1038 422 ingens
1069 367 1248 421 pecunia,
1279 365 1432 404 furtum
1462 365 1682 418 impudens,

269 439 410 492 injuria
429 451 508 477 non
529 436 695 476 ferenda.
719 437 806 490 Ego
824 435 901 475 hoc
922 449 1001 475 uno
1021 435 1186 474 crimine
1200 433 1318 473 illum
1335 432 1596 472 condemnem
1617 445 1685 470 ne-

270 504 366 545 ceffe
386 505 452 544 est.
485 506 567 550 Tu,
590 504 739 550 Caecili,
774 503 872 557 quid
889 501 1038 542 facies?
1070 499 1204 540 utrum
1238 500 1314 540 hoc
1351 510 1505 539 tantum
1537 500 1686 538 crimen

270 573 556 626 praetermittes,
578 585 625 610 an
646 570 806 623 objicies
825 571 838 607 ?
871 570 910 608 Si
930 570 1105 623 objicies,
1137 568 1228 607 idne
1247 567 1355 607 alteri
1382 567 1542 606 crimini
1562 566 1685 610 dabis,

271 640 378 692 quod
393 640 530 678 eodem
550 649 738 692 tempore,
772 638 813 676 in
833 637 968 676 eadem
988 636 1201 690 provincia,
1220 645 1262 674 tu
1283 633 1362 688 ipse
1381 633 1534 673 fecisti?
1568 633 1685 671 aude-

272 707 331 745 bis
352 708 405 746 ita
424 706 594 745 accusare
614 706 794 751 alterum,
809 714 867 751 ut,
885 718 964 758 quo
982 705 1111 743 minus
1129 713 1214 742 tute
1228 702 1499 746 condemnere,
1520 701 1688 739 recusare

273 787 351 812 non
371 774 515 828 poffis?
547 774 615 812 Sin
634 773 902 827 praetermittes
920 791 931 818 ;
955 772 1079 825 qualis
1100 772 1173 810 erit
1193 771 1261 809 ista
1280 779 1346 809 tua
1365 768 1568 814 accusatio,
1586 781 1687 820 quae,

273 840 473 879 domestici
493 841 657 894 periculi
678 849 801 886 metu,
816 839 1015 879 certiffimi
1030 848 1067 877 et
1089 838 1255 877 maximi
1271 836 1448 876 criminis
1470 849 1549 875 non
1570 835 1689 874 modo

274 905 545 960 suspicionem,
563 921 698 946 verum
717 908 835 946 etiarn
855 907 1099 946 mentionem
1115 905 1252 959 ipsam,
1274 903 1519 958 pertimescat
1537 903 1549 939 ?

332 973 529 1024 Emptum
549 973 603 1010 est
632 986 679 1010 ex
699 973 738 1011 S.
762 974 811 1011 C.
833 972 1081 1011 frumentum
1103 973 1150 1010 ab
1171 971 1326 1016 Siculis,
1363 972 1529 1009 Praetore
1556 968 1687 1012 Verre,

276 1051 347 1090 pro
375 1051 454 1090 quo
474 1036 673 1075 frumento
694 1039 857 1090 pecunia
875 1039 1004 1075 omnis
1025 1038 1148 1075 soluta
1178 1051 1257 1076 non
1283 1037 1349 1076 est,
1382 1038 1511 1074 Grave
1531 1035 1584 1074 est
1612 1034 1689 1072 hoc

276 1104 426 1141 crimen
444 1104 485 1141 in
498 1104 685 1163 Verrem,
707 1117 833 1156 grave,
850 1117 913 1142 me
930 1112 1090 1157 agente;
1114 1112 1151 1141 te
1171 1102 1383 1147 accusante,
1403 1101 1572 1140 nullum.
1596 1101 1690 1139 Eras

276 1170 385 1207 enim
407 1178 448 1206 tu
462 1169 655 1220 Qaestor:
678 1170 884 1221 pecuniam
900 1170 1100 1222 publicam
1117 1179 1160 1207 tu
1177 1170 1384 1213 tractabam
1407 1181 1453 1206 ex
1470 1181 1560 1220 qua,
1574 1167 1693 1206 etiam

276 1234 303 1273 fi
323 1243 481 1287 cuperet
501 1235 658 1279 Praetor,
694 1243 824 1272 tamen
850 1248 898 1272 ne
915 1247 991 1286 qua
1011 1234 1192 1271 deduffio
1208 1233 1329 1278 fieret,
1352 1246 1492 1285 magna
1511 1246 1557 1270 ex
1587 1242 1693 1285 parte

276 1308 343 1339 tua
375 1299 536 1353 potestas
567 1309 660 1338 erat.
706 1301 841 1353 Hujus
871 1313 1029 1352 quoque
1054 1299 1176 1352 igitur
1195 1299 1386 1344 criminis,
1420 1308 1458 1336 te
1478 1298 1692 1343 accusante,

277 1368 427 1406 mentio
445 1367 553 1406 nulla
572 1366 651 1406 fiet.
685 1368 869 1406 Silebitur
888 1377 971 1406 toto
985 1367 1138 1419 judicio
1159 1367 1205 1404 de
1225 1366 1409 1405 maximis
1430 1375 1467 1404 et
1489 1365 1694 1404 notiffimis

251 1424 257 1428 ⁵
279 1434 385 1472 illius
406 1433 519 1472 furtis
540 1443 577 1471 et
598 1435 762 1486 injuriis.
796 1434 906 1471 Mihi
927 1436 1051 1480 crede,
1087 1434 1237 1479 Caecili,
1272 1448 1351 1472 non
1372 1433 1495 1486 potest
1514 1433 1555 1471 in
1576 1446 1694 1471 accu-

278 1501 407 1546 sando,
429 1501 551 1540 socios
572 1514 656 1539 vere
677 1499 881 1539 defendere
906 1501 954 1547 is,
987 1502 1055 1554 qui
1077 1514 1171 1539 cum
1197 1514 1262 1539 reo
1282 1501 1498 1539 criminum
1517 1500 1697 1538 societate

278 1569 509 1621 conjunctus
528 1567 594 1605 est.

335 1635 541 1687 Mancipes
575 1648 597 1672 a
630 1634 852 1673 civitatibus
887 1649 957 1687 pro
990 1633 1192 1673 frumento
1229 1635 1436 1688 pecuniam
1468 1644 1693 1687 exegerunt.

280 1701 419 1753 de?
450 1699 542 1745 hoc,
563 1701 683 1738 Verre
703 1701 883 1745 Praetore,
914 1700 1061 1738 faenum
1082 1701 1136 1738 est
1162 1700 1315 1738 solum?
1348 1714 1455 1744 non;
1488 1700 1551 1738 sed
1577 1701 1696 1738 etiam

280 1767 480 1820 Qaestore
500 1767 674 1806 Caecilio.
713 1767 823 1817 Qid
855 1767 1003 1820 igitur?
1035 1767 1191 1806 daturus
1211 1779 1249 1804 es
1270 1765 1364 1804 huic
1385 1766 1558 1812 crimini,
1590 1766 1696 1819 quod

279 1843 321 1873 et
349 1833 509 1887 potuisti
529 1832 747 1886 prohibere,
780 1846 830 1871 ne
849 1832 971 1878 fieret,
1002 1843 1040 1871 et
1061 1832 1225 1871 debuisti
1243 1832 1256 1869 ?
1288 1846 1334 1870 an
1356 1841 1486 1870 totum
1507 1832 1548 1870 id
1577 1832 1695 1870 relin-

280 1913 375 1953 ques
393 1900 406 1938 ?
439 1899 544 1952 Ergo
564 1899 605 1936 id
635 1899 799 1937 omnino
819 1898 957 1937 Verres
979 1899 1018 1937 in
1034 1899 1185 1951 judicio
1207 1898 1273 1936 suo
1305 1912 1383 1936 non
1414 1898 1557 1944 audiet,
1591 1899 1697 1951 quod

278 1980 375 2004 cum
395 1964 575 2010 faciebat,
597 1965 933 2018 quemadmodum
950 1963 1174 2003 defensurus
1191 1963 1293 2010 effet,
1315 1977 1393 2002 non
1414 1964 1641 2018 reperiebat.

338 2033 412 2070 XI.
444 2034 576 2085 Atque
595 2045 667 2084 ego
687 2031 785 2077 haec,
819 2046 905 2084 quae
924 2033 965 2070 in
986 2032 1118 2070 medio
1136 2031 1257 2085 pofita
1276 2031 1378 2076 sunt,
1413 2044 1695 2070 commemoro.

285 2100 383 2138 Sunt
402 2098 476 2136 alia
505 2099 628 2151 magis
648 2099 803 2137 occulta
831 2098 961 2144 furta;
994 2113 1079 2152 quae
1110 2099 1191 2144 ille,
1224 2107 1268 2136 ut
1298 2098 1420 2143 istius,
1452 2098 1578 2144 credo,
1612 2099 1696 2136 ani-

281 2178 370 2203 mos
405 2173 520 2217 atque
549 2163 721 2216 impetus
753 2165 971 2210 retardaret,
1002 2178 1096 2203 cum
1161 2164 1314 2203 uaestore
1334 2164 1401 2202 suo
1428 2164 1697 2217 benignissime

280 2231 607 2270 communicavit.
653 2232 752 2270 Haec
785 2241 826 2270 tu
859 2232 928 2270 scis
949 2232 995 2270 ad
1027 2246 1089 2271 me
1117 2232 1189 2270 effe
1216 2232 1365 2276 delata,
1399 2246 1484 2285 quae
1519 2232 1546 2269 fi
1581 2230 1697 2267 velim

283 2296 468 2351 proferre,
498 2296 613 2336 facile
646 2311 783 2336 omnes
819 2299 1053 2352 intelligent,
1095 2299 1205 2337 vobis
1239 2299 1338 2336 inter
1368 2312 1434 2336 vos
1464 2311 1543 2335 non
1577 2295 1696 2332 modo

286 2355 669 2404 voluntatem‘fuisse
704 2367 967 2419 conjunctam,
1010 2367 1072 2404 sed
1104 2381 1150 2404 ne
1178 2366 1343 2419 praedam
1376 2364 1535 2416 quidem
1569 2360 1696 2400 adhuc

284 2429 359 2468 effe
377 2431 551 2470 divisam.
584 2432 830 2486 Qapropter
851 2433 875 2471 fi
898 2434 971 2472 tibi
992 2433 1185 2472 indicium
1206 2430 1371 2484 postulas
1393 2429 1485 2474 dari,
1510 2428 1616 2481 quod
1638 2438 1697 2466 te-

289 2508 383 2534 cum
402 2510 478 2535 una
496 2496 645 2544 fecerit,
677 2500 862 2546 concedo,
895 2500 921 2538 si
956 2500 994 2538 id
1014 2500 1097 2549 lege
1117 2498 1357 2551 permittitur
1377 2511 1384 2534 :
1419 2496 1472 2534 sin
1500 2506 1629 2534 autem
1651 2496 1697 2532 de

374 2563 441 2601 To
453 2575 504 2602 M.
527 2565 600 2604 IV.
1352 2565 1418 2616 Q
