2201 2792
334 195 385 235 34
857 180 1211 218 ORATIO

331 281 483 335 poffim,
516 282 539 319 fi
563 281 732 319 maxime
753 281 897 325 velim5
931 291 973 318 ut
1004 290 1041 318 et
1061 280 1160 319 mihi
1183 281 1226 319 sit
1252 280 1488 333 propolitum
1511 280 1556 318 de
1577 294 1654 333 quo
1674 280 1737 318 di-

331 362 430 393 cam,
463 358 500 386 et
522 348 750 386 Hortensius
784 346 920 385 habeat
941 347 1122 399 exposita,
1158 347 1204 384 ad
1226 361 1309 398 quae
1342 346 1576 399 respondeat,
1608 356 1645 384 et
1680 356 1736 390 tu,

332 416 378 451 C.
403 415 554 466 Aquili,
569 416 651 466 jam
672 423 758 452 ante
777 415 908 452 animo
928 413 1140 466 prospicere
1162 413 1286 466 poffis,
1306 412 1447 465 quibus
1468 412 1514 450 de
1535 412 1647 451 rebus
1668 426 1735 450 au-

331 480 479 518 diturus
502 480 561 518 fis.

386 547 603 599 Negamus,
636 556 672 584 te
694 547 794 584 bona
815 547 858 584 P.
883 545 1055 596 Qintii,
1078 547 1162 584 Sex.
1186 545 1313 590 Naevi,
1338 544 1527 597 possedisse
1547 558 1596 583 ex
1613 543 1739 582 edicto

332 613 531 650 Praetoris:
566 613 605 649 in
637 625 682 649 eo
713 613 859 664 sponsio
880 611 977 649 faeta
1007 612 1073 650 est.
1120 611 1331 649 Ostendam
1362 611 1550 663 primum,
1585 610 1737 648 causam

330 693 408 717 non
429 678 552 724 fuiffe,
589 693 657 717 cur
686 693 707 716 a
727 680 890 716 Praetore
921 678 1143 731 postulares,
1174 687 1218 716 ut
1248 679 1348 716 bona
1368 679 1412 716 P.
1437 678 1595 729 Qintii
1620 675 1736 729 poffi-

330 746 465 784 deres:
498 746 650 791 deinde,
686 759 733 784 ex
765 746 890 784 edicto
919 755 956 783 te
990 745 1174 798 poffidere
1205 758 1282 783 non
1309 744 1498 797 potuisse:
1531 742 1736 797 postremo,

332 826 409 850 non
442 812 648 864 poffediffe.
682 812 836 864 Qaeso,
869 813 916 850 C.
941 812 1095 864 Aquili,
1117 811 1272 864 vosque,
1308 812 1376 863 qui
1397 811 1480 848 estis
1502 811 1542 848 in
1563 809 1737 854 consilio,

331 888 387 923 ut,
423 879 517 931 quid
538 879 736 932 pollicitus
758 879 842 924 fim,
878 879 1082 931 diligenter
1111 879 1309 916 memoriae
1342 878 1558 915 mandetis:
1591 877 1737 915 etenim

330 959 412 983 rem
432 944 584 983 facilius
606 954 728 983 totam
749 945 961 997 accipietiS,
992 945 1018 983 fi
1039 944 1121 983 haec
1153 944 1407 982 memineritis
1426 962 1435 987 ;
1468 953 1504 980 et
1535 957 1599 980 me
1624 941 1738 980 facile

330 1011 445 1048 vestra
465 1011 746 1050 existimatione
766 1011 1006 1055 revocabitis,
1038 1011 1063 1048 fi
1085 1020 1189 1048 extra
1215 1009 1285 1046 hos
1307 1009 1496 1046 cancellos
1518 1008 1647 1060 egredi
1667 1021 1737 1045 co-

331 1078 462 1121 nabor,
486 1091 583 1129 quos
603 1076 703 1115 mihi
724 1076 802 1129 ipse
822 1076 1076 1114 circumdedi.
1109 1076 1225 1128 Nego
1245 1074 1355 1112 fuiffe
1376 1074 1542 1118 causam,
1559 1087 1628 1111 cur
1648 1073 1736 1125 pos-

330 1143 467 1180 tularet
485 1158 493 1180 ι
527 1156 625 1194 nego
645 1156 691 1181 ex
712 1142 836 1180 edicto
857 1141 1041 1194 poffidere
1061 1140 1247 1193 potuifl'e:
1282 1152 1380 1192 nego
1397 1138 1605 1191 poffedifle.
1639 1139 1739 1176 Haec

329 1210 399 1246 tria
419 1223 512 1247 cum
531 1209 710 1252 docuero,
741 1207 939 1260 perorabo.

384 1276 457 1313 XI.
490 1275 584 1313 Non
606 1273 682 1311 fuit
702 1273 824 1317 causa,
846 1287 915 1311 cur
934 1272 1154 1325 postulares.
1199 1273 1280 1324 Qi
1300 1271 1375 1310 hoc
1396 1271 1564 1323 intelligi
1584 1271 1733 1323 potest?

329 1341 418 1392 quia
453 1342 538 1378 Sex.
567 1340 704 1378 Naevio
737 1352 860 1391 neque
894 1353 940 1377 ex
971 1339 1159 1377 societatis
1191 1339 1349 1383 ratione,
1382 1351 1507 1390 neque
1538 1337 1736 1390 privatim,

329 1406 543 1458 quidquam
563 1406 697 1444 debuit
719 1406 922 1457 Qintius.
966 1405 1067 1456 Qis
1088 1404 1182 1442 huic
1204 1404 1255 1442 rei
1278 1403 1379 1442 testis
1400 1403 1452 1441 est
1471 1404 1483 1440 ?
1516 1403 1635 1447 idem,
1668 1403 1735 1454 qui

330 1474 536 1510 acerrimus
558 1471 799 1509 adversarius.
843 1472 888 1509 In
910 1470 981 1509 hac
1001 1485 1039 1508 re
1065 1480 1114 1515 te,
1148 1480 1197 1515 te,
1227 1471 1402 1522 inquam,
1425 1469 1573 1513 testem,
1606 1469 1734 1513 Naevi,

328 1538 471 1576 citabo.
503 1540 679 1582 Annum,
715 1547 753 1575 et
784 1551 829 1576 eo
849 1537 1010 1582 diutim,
1042 1537 1124 1589 post
1156 1546 1305 1574 motem
1327 1537 1374 1573 C.
1398 1535 1556 1586 Qintii
1587 1533 1663 1572 fuit
1694 1535 1735 1572 in

328 1606 458 1643 Gallia
478 1616 609 1644 tecum
630 1605 741 1642 fimul
764 1604 967 1656 Qintius.
991 1605 1114 1648 Doce,
1133 1612 1170 1641 te
1189 1601 1334 1655 petiiffe
1348 1602 1395 1640 ab
1416 1615 1460 1640 eo
1480 1600 1590 1639 istam
1610 1600 1737 1639 nescio

328 1685 446 1723 quam
478 1670 802 1708 innumerabilem
837 1669 1067 1722 pecuniam:
1107 1669 1216 1713 doce,
1253 1667 1460 1719 aliquando
1495 1666 1736 1705 mentionem

327 1737 453 1776 feciffe
472 1753 480 1776 :
514 1737 645 1775 dixisse
666 1736 809 1773 deberi.
844 1735 1028 1773 Debuisse
1050 1721 1276 1773 concedam.

382 1806 558 1848 Moritur
575 1804 623 1840 C.
647 1802 861 1852 Qintius;
891 1802 958 1853 qui
979 1802 1066 1846 tibi,
1089 1811 1132 1839 ut
1153 1801 1219 1846 ais,
1241 1801 1354 1838 certis
1374 1799 1601 1838 nominibus
1621 1811 1737 1850 gran-

327 1871 415 1909 dem
448 1869 654 1923 pecuniam
684 1868 832 1905 debuit.
879 1868 1002 1905 Heres
1035 1868 1115 1919 ejus
1138 1868 1182 1904 P.
1205 1867 1394 1918 Qintius
1425 1866 1466 1903 in
1487 1865 1659 1903 Galliam
1689 1865 1736 1902 ad

328 1948 365 1975 te
400 1937 527 1989 ipsum
559 1935 663 1972 venit
699 1934 739 1972 in
770 1947 906 1986 agrum
940 1946 1222 1977 communem3
1255 1946 1300 1971 eo
1334 1932 1515 1984 denique,
1553 1931 1621 1969 ubi
1656 1944 1735 1969 non

328 2004 446 2042 modo
466 2017 521 2040 res
543 2010 634 2046 erat,
666 2000 725 2038 sed
755 2001 849 2038 ratio
870 2014 1026 2052 quoquc
1056 2000 1198 2044 omnis,
1230 2009 1268 2037 et
1299 2012 1433 2037 omnes
1469 1999 1599 2036 literae.
1633 1998 1734 2048 Qis

327 2080 406 2108 tam
429 2068 628 2107 dissolutus
662 2067 703 2104 in
723 2080 761 2104 re
786 2066 967 2104 familiari
997 2065 1137 2110 fuisset,
1171 2065 1257 2118 quis
1291 2074 1370 2103 tam
1403 2065 1616 2117 negligens,
1647 2064 1735 2116 quis

328 2146 407 2175 tam
445 2137 517 2180 tui,
550 2137 675 2178 Sexte,
707 2133 913 2178 diffimilis,
945 2132 1027 2185 qui,
1058 2146 1150 2170 cum
1185 2145 1241 2170 res
1276 2131 1322 2169 ab
1353 2145 1412 2176 eo,
1448 2131 1612 2183 quicum
1638 2143 1734 2168 con-

327 2202 507 2247 traxisset,
544 2200 751 2246 receffisset,
782 2210 820 2238 et
850 2200 896 2237 ad
927 2199 1110 2238 heredem
1145 2197 1392 2252 pervenisset,
1428 2212 1507 2236 non
1537 2196 1733 2241 heredem,

328 2283 419 2307 cum
452 2269 626 2322 primum
656 2266 818 2311 vidisset,
851 2266 1055 2304 certiorem
1075 2265 1247 2304 faceret?
1279 2264 1511 2317 appellaret?
1545 2263 1735 2301 rationem

328 2335 504 2372 afferret?
550 2334 575 2372 si
608 2334 703 2386 quid
737 2333 778 2371 in
805 2332 1098 2371 controverfiam
1135 2332 1294 2376 veniret,
1326 2339 1391 2368 aut
1425 2330 1523 2367 intra
1556 2330 1733 2381 parietes,

328 2411 392 2439 aut
421 2401 573 2438 summo
602 2401 688 2453 jure
717 2399 982 2452 experiretur?
1016 2399 1149 2436 Itane?
1182 2397 1285 2450 quod
1317 2397 1388 2435 viri
1408 2395 1550 2448 optimi
1570 2394 1734 2439 faciunt,

328 2468 354 2505 ii
385 2467 453 2519 qui
484 2466 568 2503 suos
600 2466 851 2519 propinquos,
888 2479 930 2503 ac
961 2464 1194 2515 necessarios,
1226 2476 1330 2501 caros
1365 2472 1403 2500 et
1437 2461 1614 2499 honestos
1648 2460 1732 2505 effe,

327 2543 441 2587 atque
472 2532 603 2571 haberi
625 2533 775 2578 volunt,
805 2532 845 2570 id
866 2532 952 2571 Sex.
975 2531 1134 2570 Naevius
1167 2544 1245 2569 non
1264 2529 1419 2575 faceret,
1451 2528 1519 2582 qui
1550 2527 1668 2581 usque
1688 2540 1735 2566 eo
