2201 2792
503 198 579 236 242
930 187 1017 226 IN
1090 188 1470 228 VERREM

499 286 738 340 cooptandis,
760 300 836 325 non
857 288 975 326 modo
1005 288 1180 342 suffragia
1199 289 1305 328 nulla
1324 289 1446 335 fuiffe,
1477 289 1539 328 sed
1569 303 1617 328 ne
1648 302 1786 343 genera
1803 288 1899 342 qui-

499 352 588 391 dem
609 352 770 406 spectata
788 353 871 398 effe,
903 368 949 392 ex
970 356 1111 407 quibus
1137 357 1177 393 in
1207 370 1296 394 eum
1327 356 1501 394 ordInem
1531 357 1700 410 cooptari
1731 356 1862 394 liceret
1881 372 1898 401 ς

498 432 623 471 neque
657 420 803 465 censue,
833 434 958 473 neque
991 422 1126 467 aetatis,
1155 435 1280 474 neque
1309 431 1442 460 caetera
1472 423 1689 461 Siculorum
1714 423 1802 475 jura
1829 434 1896 460 va-

498 484 619 524 luiffe.
666 486 902 539 Qicunque
921 487 1065 525 senator
1085 488 1247 526 voluerit
1272 488 1368 533 fieri,
1389 490 1563 541 quamvis
1583 503 1690 541 puer,
1719 487 1897 541 quamvis

497 550 694 603 indignus,
727 553 901 604 quamvis
921 566 967 590 ex
988 567 1031 590 eo
1066 553 1165 598 loco,
1197 567 1244 591 ex
1278 567 1356 605 quo
1376 567 1452 591 non
1472 554 1631 598 liceret;
1663 555 1689 591 fi
1722 554 1753 592 is
1774 552 1897 606 pretio

497 618 598 670 apud
618 618 734 656 istum
754 618 861 656 fieret
891 619 1049 657 idoneus
1072 629 1114 657 ut
1145 620 1325 664 vinceret,
1358 619 1503 658 factum
1523 619 1593 657 effe
1613 620 1785 672 semper:
1817 632 1897 657 non

497 683 616 721 modo
637 684 855 722 Siculorum
877 684 976 723 nihil
997 686 1037 723 in
1058 685 1128 724 hac
1160 700 1198 723 re
1219 685 1372 724 valuisse
1392 686 1508 738 leges,
1539 686 1602 724 sed
1635 699 1682 724 ne
1701 686 1748 724 ab
1767 685 1901 722 senatu

497 749 657 801 quidem
691 750 913 802 populoque
934 751 1113 789 Romano
1143 752 1260 789 datas.
1293 752 1398 803 Qas
1419 751 1524 789 enim
1541 751 1643 804 leges
1664 751 1775 789 sociis
1794 750 1896 788 ami-

497 815 627 867 cisque
647 816 709 854 dat
730 816 775 861 is,
807 817 874 868 qui
894 815 1011 855 habet
1031 818 1239 870 imperium
1261 831 1281 854 a
1301 818 1446 870 populo
1467 818 1661 863 Romano,
1691 817 1895 855 auetorita-

495 888 576 918 tem
597 881 728 933 legum
749 881 959 920 dandarum
979 896 999 920 a
1019 882 1161 928 senatu,
1193 882 1252 921 hae
1273 883 1413 921 debent
1432 892 1469 921 et
1489 884 1623 936 populi
1645 883 1827 928 Romani,
1858 891 1899 920 et

495 945 642 984 senatus
662 947 882 986 existimari.

551 1012 724 1050 Halesmi
757 1026 826 1065 pro
846 1013 981 1051 multis
1002 1022 1039 1051 et
1070 1015 1219 1066 magnis
1240 1015 1330 1060 suis,
1366 1016 1634 1067 majorumque
1665 1014 1822 1053 suorum
1854 1013 1901 1051 in-

495 1079 777 1131 rempublicam
798 1080 963 1118 nostram
996 1081 1144 1119 meritis
1165 1091 1279 1134 atque
1310 1081 1520 1126 beneficiis,
1552 1082 1617 1119 suo
1642 1082 1729 1133 jure
1758 1093 1895 1133 nuper,

496 1145 544 1183 L.
563 1145 733 1189 Licinio,
756 1146 971 1197 QMucio
987 1146 1236 1191 Consulibus,
1254 1161 1345 1185 cum
1365 1146 1550 1185 haberent
1569 1148 1669 1185 inter
1688 1147 1722 1184 se
1738 1155 1894 1184 contro-

494 1211 626 1249 verfias
661 1212 707 1249 de
727 1211 855 1249 senatu
881 1213 1110 1264 cooptando,
1142 1212 1243 1264 leges
1278 1213 1323 1250 ab
1344 1212 1473 1250 senatu
1504 1213 1630 1250 nostro
1661 1213 1893 1264 petiverunt.

495 1277 677 1314 Decrevit
697 1277 843 1314 senatus
864 1275 1078 1315 honorifico
1098 1277 1457 1323 senatus—consulto,
1476 1288 1518 1316 ut
1538 1277 1598 1316 his
1620 1279 1667 1315 C.
1692 1277 1893 1321 Claudius,

495 1342 616 1394 Appii
651 1341 769 1386 filius,
801 1340 980 1387 Pulcher,
1017 1343 1172 1387 Praetor,
1204 1343 1248 1380 de
1276 1343 1405 1381 senatu
1435 1343 1650 1396 cooptando
1670 1342 1770 1394 leges
1797 1355 1898 1380 con·

495 1408 687 1446 scriberet.
734 1409 781 1445 C.
806 1407 1004 1453 Claudius,
1036 1407 1218 1447 adhibitis
1250 1409 1430 1448 omnibus
1463 1409 1676 1453 Marcellis,
1709 1409 1777 1461 qui
1808 1417 1895 1446 tum

495 1483 614 1518 erant,
637 1474 683 1511 de
703 1486 836 1511 eorum
858 1473 1042 1511 sententia
1061 1475 1162 1526 leges
1184 1476 1374 1513 Halefinis
1395 1475 1526 1520 dedit;
1549 1476 1587 1513 in
1609 1475 1750 1527 quibus
1771 1474 1895 1513 multa

496 1541 617 1579 sanxit
636 1541 683 1578 de
703 1548 810 1577 aetate
829 1538 1053 1585 hominum,
1084 1554 1131 1578 ne
1151 1542 1237 1593 quis
1259 1543 1386 1580 minor
1405 1542 1563 1594 triginta
1581 1541 1688 1579 annis
1709 1550 1824 1586 natu3
1847 1540 1894 1578 de

494 1606 652 1658 quaestu,
676 1618 792 1657 quern
813 1604 881 1656 qui
901 1603 1057 1650 fecisset,
1080 1619 1126 1642 ne
1146 1606 1358 1658 legeretur3
1390 1606 1436 1644 de
1457 1607 1583 1651 censu,
1606 1607 1651 1644 de
1669 1606 1812 1644 caeteris
1833 1619 1893 1643 re-

496 1673 582 1710 bus.
615 1672 713 1722 Qae
733 1670 876 1715 omnia,
907 1680 993 1708 ante
1013 1671 1128 1708 istum
1150 1673 1371 1717 Praetorem,
1403 1681 1440 1710 et
1460 1672 1674 1711 nostrorum
1695 1672 1892 1724 magistra-

495 1748 609 1776 tuum
639 1736 874 1781 auctoritate,
906 1746 944 1774 et
975 1737 1247 1775 Halefinorum
1274 1738 1425 1776 summa
1454 1738 1651 1776 voluntate
1676 1738 1893 1778 valuerunt,

495 1804 557 1841 Ab
579 1803 648 1841 isto
667 1812 705 1841 et
726 1803 868 1846 Praeco,
888 1803 957 1854 qui
976 1803 1113 1849 voluit,
1131 1803 1245 1842 istum
1265 1805 1439 1842 ordinem
1460 1805 1582 1856 pretio
1602 1813 1790 1842 mercatus
1811 1804 1861 1842 est
1880 1818 1890 1842 ε

494 1879 532 1907 ct
562 1869 670 1922 pueri
690 1881 879 1905 annorum
899 1867 1048 1912 sensim,
1079 1869 1356 1921 septenumque
1376 1869 1534 1914 densim,
1567 1869 1797 1907 senatorium
1817 1883 1892 1907 no-

495 1947 583 1972 men
606 1932 808 1970 nundinati
828 1931 914 1969 sunt
931 1947 940 1970 :
963 1942 1014 1976 et,
1037 1933 1141 1984 quod
1158 1934 1342 1979 Halesmi,
1360 1934 1610 1987 antiquiffimi
1630 1944 1668 1972 et
1686 1934 1893 1972 fideliffimi

494 1998 584 2036 socii
616 2007 729 2049 atque
759 1997 887 2040 amici,
924 1997 1060 2034 Romae
1092 1999 1354 2051 impetrarant,
1385 2008 1428 2037 ut
1448 1999 1547 2052 apud
1567 2000 1602 2038 se
1632 2013 1679 2037 ne
1705 1999 1892 2053 suffragiis

494 2063 653 2116 quidem
675 2062 754 2099 fieri
776 2061 920 2106 liceret,
943 2062 981 2099 id
1002 2064 1138 2115 pretio,
1158 2074 1200 2102 ut
1221 2064 1302 2102 fieri
1322 2064 1453 2117 posset,
1474 2064 1616 2104 effecit.

523 2130 570 2167 L.
603 2127 851 2179 Agrigentini
885 2127 930 2164 de
965 2128 1094 2166 senatu
1126 2130 1343 2182 cooptando
1365 2131 1553 2183 Scipionis
1584 2131 1685 2183 leges
1716 2131 1891 2183 antiquas

493 2194 661 2233 habent:
694 2193 734 2230 in
769 2193 911 2244 quibus
942 2203 978 2231 et
1007 2196 1139 2233 eadem
1166 2197 1231 2233 illa
1251 2196 1373 2234 saneta
1392 2196 1490 2241 sunt,
1521 2206 1560 2235 et
1588 2196 1663 2235 hoc
1693 2197 1887 2249 amplius:

494 2274 586 2299 cum
607 2259 952 2312 Agrigentinorum
983 2260 1060 2297 duo
1080 2274 1215 2312 genera
1244 2262 1328 2307 sint,
1360 2276 1482 2300 unum
1510 2272 1694 2307 veterum,
1727 2263 1891 2301 alterum

493 2327 736 2369 colonorum,
783 2338 878 2376 quos
911 2326 962 2362 T.
1000 2326 1173 2365 Manlius
1210 2328 1350 2366 Praetor
1383 2342 1430 2366 ex
1465 2327 1811 2366 senatus-consulto
1843 2329 1890 2366 de

493 2392 643 2445 oppidis
666 2391 883 2429 Siculorum
904 2391 1063 2429 deduxit
1082 2393 1341 2444 Agrigentum
1358 2412 1370 2439 3
1392 2402 1550 2432 cautum
1570 2393 1621 2431 est
1640 2394 1680 2432 in
1701 2394 1889 2446 Scipionis

494 2457 642 2509 legibus
658 2485 668 2501 ,
710 2470 757 2494 ne
793 2457 916 2509 plures
952 2456 1066 2495 ess‘ent
1100 2458 1139 2495 in
1177 2458 1304 2496 senatu
1345 2473 1391 2497 ex
1431 2459 1660 2498 colonorum
1698 2473 1859 2498 numero
1875 2490 1887 2506 ,

494 2535 611 2574 quam
631 2534 677 2559 ex
698 2530 867 2560 veterum
899 2523 1258 2576 Agrigentinorum.
1291 2523 1377 2569 Iste,
1408 2525 1475 2577 qui
1504 2525 1635 2564 onmia
1660 2525 1747 2578 jura
1766 2526 1891 2578 pretio
