2201 2792
544 106 622 155 406
968 103 1069 142 IN
1142 105 1523 143 VERREM

543 202 669 240 occiso
690 203 890 254 Perperna,
906 215 952 240 ex
974 202 1042 240 illo
1059 203 1271 241 Sertoriano
1288 217 1450 241 numero
1467 203 1642 241 militum
1663 200 1939 254 confugerunt.>

545 269 676 319 Qem
700 283 775 306 non
795 269 860 306 ille
882 268 1032 305 summo
1053 283 1146 306 cum
1167 269 1290 306 studio
1310 269 1457 307 salvum
1478 269 1797 321 incolumemque
1812 267 1934 305 serva-

543 335 627 371 vit?
667 335 743 371 Cui
763 334 838 371 civi
859 333 1023 385 supplici
1045 347 1120 371 non
1144 334 1208 370 illa
1228 334 1382 371 dextera
1401 334 1543 372 invicta
1561 343 1599 372 et
1614 333 1732 372 fidem
1752 332 1939 386 porrexit,

544 410 582 438 et
603 400 706 453 spem
728 400 856 437 salutis
888 400 1080 437 ostendit?
1114 400 1219 437 Itane
1251 400 1367 437 vero?
1399 400 1540 452 quibus
1571 399 1647 438 fuit
1677 409 1810 452 portus
1837 397 1940 452 apud

543 481 650 510 eum,
673 475 805 504 contra
825 479 943 516 quem
964 478 1067 502 arma
1087 465 1279 510 tulerant3
1312 466 1357 503 iis
1378 465 1480 517 apud
1500 474 1550 509 te,
1583 467 1692 517 cujus
1714 465 1868 503 nullum
1900 464 1938 501 in

544 532 742 585 republica
776 544 949 582 unquam
985 540 1288 568 monumentum
1321 530 1412 575 fuit,
1450 544 1553 568 mors
1583 540 1620 568 et
1651 531 1841 568 cruciatus
1862 538 1942 567 erat

544 597 803 636 constitutus?
829 596 938 640 Vide,
962 610 1078 648 quam
1099 597 1349 634 commodam
1370 595 1631 635 defenfionem
1651 596 1894 649 excogitariS.

601 666 713 702 LIX.
746 663 871 707 Malo,
890 663 992 700 malo
1013 662 1248 707 mehercule,
1271 663 1324 707 id,
1347 664 1452 715 quod
1480 672 1522 701 tu
1544 662 1732 708 defendis,
1754 661 1814 700 his
1829 661 1940 714 judi-

547 732 656 769 cibus
678 729 899 782 populoque
912 730 1106 773 Romano,
1127 743 1243 781 quam
1265 729 1317 773 id,
1339 729 1444 781 quod
1465 743 1536 781 ego
1554 729 1750 773 infimulo,
1773 728 1940 781 probari.

547 796 673 840 Malo,
695 796 870 846 inquam,
904 804 940 831 te
961 794 1020 831 isti
1042 795 1171 845 generi
1198 793 1423 838 hominum,
1457 808 1575 846 quam
1606 794 1882 832 mercatoribus
1905 802 1943 830 et

547 861 803 904 naviculariis,
837 860 1045 898 inimicum
1065 870 1180 912 atque
1199 859 1381 898 infestum
1402 861 1541 912 putari.
1575 861 1718 898 Meum
1738 861 1845 897 enim
1865 859 1941 896 cri-

548 942 639 967 men
660 928 823 966 avaritiae
850 936 888 964 te
909 927 1039 965 nimiae
1060 927 1262 979 coarguit,
1295 936 1360 964 tua
1379 925 1545 964 defenfio
1564 925 1704 964 furoris
1731 925 1944 978 cujusdam,

549 1004 587 1033 et
608 993 876 1038 immanitatis,
898 1003 936 1030 et
957 993 1137 1031 inauditae
1158 992 1416 1037 crudelitatis,
1441 1002 1479 1030 et
1510 1006 1608 1045 pene
1628 1005 1734 1031 novae
1754 991 1945 1045 proscrip-

549 1062 680 1099 tionis.

606 1127 678 1166 Sed
700 1141 776 1166 non
802 1127 895 1165 licet
927 1139 989 1165 me
1023 1127 1092 1165 isto
1124 1136 1231 1165 tanto
1261 1127 1377 1172 bono,
1405 1127 1577 1179 Judices,
1610 1127 1696 1172 uti,
1727 1141 1807 1165 non
1839 1127 1944 1164 licet.

552 1195 704 1232 Adsunt
723 1195 827 1231 enim
850 1194 1001 1232 Puteoli
1023 1195 1093 1232 toti
1112 1209 1120 1232 :
1152 1193 1450 1246 frequentiffimi
1471 1203 1657 1232 venerunt
1676 1193 1722 1231 ad
1745 1192 1821 1231 hoc
1836 1192 1946 1245 judi-

552 1262 659 1299 cium
681 1269 922 1305 mercatoreS,
944 1259 1122 1298 homines
1144 1260 1355 1312 locupletes
1387 1270 1501 1312 atque
1521 1259 1684 1305 honesti,
1717 1260 1785 1311 qui
1807 1259 1947 1311 partim

552 1328 672 1365 socios
692 1326 790 1370 suos,
814 1326 954 1378 partim
975 1326 1146 1369 libertos,
1179 1326 1226 1362 ab
1247 1326 1317 1363 isto
1336 1325 1530 1378 spoliatos,
1558 1326 1599 1363 in
1619 1325 1774 1363 vincula
1792 1326 1949 1376 conjec-

554 1403 638 1438 tos,
670 1393 811 1445 partim
832 1392 873 1429 in
894 1391 1058 1429 vinculis
1079 1401 1245 1436 necatos,
1269 1392 1409 1444 partim
1430 1391 1550 1429 securi
1571 1391 1775 1444 percuffos,
1797 1390 1867 1428 effe
1887 1390 1947 1428 di-

554 1469 656 1498 cent.
680 1460 762 1498 Hic
783 1459 868 1496 vide
890 1471 1007 1510 quam
1028 1472 1090 1496 me
1110 1458 1154 1495 fis
1176 1458 1308 1496 usurus
1329 1472 1453 1510 aequo.
1477 1460 1581 1496 Cum
1602 1472 1674 1510 ego
1696 1459 1739 1495 P.
1756 1458 1950 1496 Granium

555 1527 690 1564 testem
712 1525 940 1578 produxero,
970 1525 1039 1576 qui
1061 1524 1144 1562 suos
1165 1524 1323 1562 libertos
1349 1538 1370 1562 a
1390 1533 1427 1562 te
1447 1523 1568 1562 securi
1588 1523 1776 1577 percuffos
1797 1523 1868 1561 effe
1889 1523 1949 1561 di-

556 1602 630 1637 cat,
653 1593 721 1644 qui
753 1605 773 1628 a
793 1600 829 1628 te
860 1604 997 1628 navem
1018 1590 1123 1628 suam
1144 1590 1366 1642 mercesque
1388 1599 1531 1643 repetat
1548 1608 1559 1634 3
1592 1589 1772 1634 refellito,
1794 1590 1820 1627 fi
1840 1598 1950 1642 pote-

556 1660 607 1697 ris
627 1674 635 1696 :
669 1671 801 1696 meum
824 1657 958 1694 testem
979 1656 1159 1701 deseram,
1175 1656 1248 1710 tibi
1268 1655 1432 1701 faveb03
1466 1666 1516 1701 te,
1538 1657 1714 1708 inquam,
1736 1655 1922 1708 adjuvabo
1941 1670 1950 1692 :

557 1719 760 1763 ostendito,
782 1719 868 1756 illos
890 1731 983 1755 cum
1003 1718 1169 1756 Sertorio
1192 1716 1317 1763 fuiffe,
1339 1732 1359 1755 a
1379 1718 1524 1755 Dianio
1545 1717 1736 1770 fugientes
1756 1717 1802 1755 ad
1823 1716 1951 1754 Sicili-

557 1805 620 1833 am
640 1789 710 1828 effe
729 1789 887 1828 delatos.
911 1787 1028 1826 Nihil
1048 1788 1113 1833 est,
1136 1788 1242 1840 quod
1260 1797 1296 1826 te
1316 1788 1452 1826 malim
1473 1789 1654 1841 probare:
1678 1787 1832 1825 nullum
1849 1787 1953 1824 enim

558 1857 723 1901 facinus,
745 1855 851 1908 quod
872 1855 1015 1906 majore
1044 1855 1233 1907 supplicio
1260 1855 1425 1907 dignum
1445 1855 1503 1899 fit,
1532 1854 1700 1906 reperiri,
1715 1866 1842 1905 neque
1861 1867 1953 1905 pro-

560 1923 662 1966 ferri,
689 1921 824 1974 potest.

618 1988 819 2025 Reducam
840 1986 983 2023 iterum
1003 1975 1176 2038 equitem
1198 1987 1439 2030 Romanum,
1462 1988 1510 2024 L.
1535 1986 1729 2031 Flavium,
1764 1986 1791 2024 fi
1822 1986 1924 2023 voles
1943 2001 1954 2024 ε

562 2054 746 2107 quoniam
768 2053 892 2105 priore
912 2053 1072 2097 accione,
1107 2062 1150 2090 ut
1168 2053 1317 2105 patroni
1351 2053 1406 2090 tui
1439 2053 1629 2097 dictitant,
1663 2066 1759 2091 nova
1789 2052 1955 2105 quadam

562 2119 769 2173 sapientia3
801 2127 845 2156 ut
871 2132 1005 2156 omnes
1041 2118 1280 2171 intelligunt,
1312 2118 1544 2157 conscientia
1574 2129 1654 2164 tua,
1675 2128 1791 2171 atque
1822 2120 1955 2156 aueto-

564 2189 673 2224 ritate
693 2198 870 2223 meorum
892 2184 1060 2229 testium,
1084 2184 1218 2222 testem
1239 2185 1395 2223 nullum
1416 2185 1666 2238 interrogasti.
1695 2186 1957 2236 Interrogetur

564 2253 733 2296 Flavius,
765 2252 790 2288 fi
826 2250 943 2294 voles,
975 2251 1136 2301 quinam
1166 2250 1283 2289 fuerit
1315 2252 1363 2289 L.
1388 2251 1625 2295 Herennius,
1657 2251 1708 2294 is,
1741 2263 1857 2301 quern
1890 2249 1957 2286 ille

564 2317 814 2371 argentariam
835 2315 950 2368 Lepti
970 2314 1096 2353 feciffe
1118 2316 1213 2353 dicit
1231 2331 1240 2354 ι
1273 2317 1355 2368 qui,
1379 2330 1471 2354 cum
1492 2315 1658 2368 amplius
1681 2325 1838 2352 centurn
1856 2315 1957 2352 cives

567 2385 763 2423 Romanos
785 2382 941 2421 haberet
961 2394 1008 2420 ex
1029 2390 1222 2421 conventu
1245 2381 1487 2433 Syracusano,
1520 2381 1588 2433 qui
1619 2394 1711 2419 eum
1736 2394 1814 2420 non
1834 2380 1960 2420 solum
