2201 2792
486 179 561 216 194
907 169 997 208 IN
1072 169 1454 209 VERREM

478 264 622 316 inquit,
644 264 694 303 fic
714 278 869 317 agamus
889 281 897 304 :
930 267 1122 306 columnae
1142 268 1188 306 ad
1207 268 1529 321 perpendiculum
1550 269 1764 322 exigantur.
1796 271 1879 309 Ra·

478 331 631 376 bonius,
653 332 721 383 qui
741 332 867 384 legem
888 332 1020 378 noffet,
1057 335 1151 386 (qua
1169 335 1209 372 in
1230 335 1313 387 lege
1333 349 1516 373 numerus
1537 335 1688 374 tantum
1722 336 1878 375 colum-

476 412 613 436 narum
635 399 808 444 traditur,
827 401 1092 452 perpendiculi
1112 402 1260 439 mentio
1280 401 1324 439 fit
1343 402 1466 453 nulla)
1487 411 1525 440 et
1545 403 1613 454 qui
1633 417 1712 441 non
1728 412 1879 456 putaret

477 465 547 502 fibi
566 466 758 518 expedire,
781 466 833 503 ita
853 467 1037 519 accipere,
1060 481 1106 505 ne
1126 468 1263 505 eodem
1284 468 1402 506 modo
1422 468 1662 507 reddendum
1681 468 1785 514 effet,
1809 482 1878 507 ne-

475 539 553 583 gat,
576 531 615 569 id
635 532 703 569 fibi
724 532 851 570 deberi
864 551 876 577 3
908 542 1020 585 negat
1040 543 1213 586 oportere
1243 534 1360 586 exigi.
1403 534 1476 572 Iste
1496 535 1722 573 Rabonium
1748 534 1877 587 quies-

475 610 558 634 cere
573 597 687 649 jubet
703 616 714 642 3
747 607 783 635 et
803 598 916 636 simul
937 600 971 636 ei
992 600 1219 637 nonnullam
1241 599 1347 651 spem
1367 599 1556 637 societatis
1576 599 1754 638 ostendit.
1785 600 1879 638 Ho-

475 663 623 701 minem
643 663 875 708 modestum,
898 674 936 702 et
955 665 1119 703 minime
1139 666 1374 718 pertinacem
1392 664 1506 703 facile
1524 674 1675 704 coercet
1686 683 1698 711 3
1721 664 1881 704 colum-

473 743 538 768 nas
558 730 612 768 ita
631 731 666 768 se
685 733 908 769 exacturum
928 731 998 769 effe
1018 732 1236 771 confirmat.

528 796 644 833 Nova
663 809 734 840 reS,
767 804 881 848 atque
911 797 1116 850 improvisa
1135 798 1277 851 pupilli
1307 798 1503 837 calamitas
1529 798 1730 837 nuntiatur
1747 797 1879 836 statim

474 863 523 900 C.
547 862 709 906 Mustio,
744 862 882 901 vitrico
914 864 1068 916 pupilli,
1096 865 1165 917 qui
1196 878 1319 917 nuper
1343 865 1396 903 est
1416 874 1621 910 mortuus;
1653 865 1717 903 Μ.
1740 865 1876 916 Junio,

471 936 608 980 patruo
624 945 636 972 ς
669 928 714 966 Ρ.
736 929 898 973 Potitio,
918 930 1052 975 tutori,
1084 930 1239 969 homini
1258 930 1526 983 frugaliffimo.
1558 931 1617 968 Hi
1637 944 1719 968 rem
1739 931 1786 968 ad
1814 930 1875 968 vi-

470 1007 559 1032 rum
590 994 833 1047 primarium,
865 995 1020 1033 summo
1050 996 1179 1034 officio
1198 1010 1241 1034 ac
1261 997 1404 1034 virtute
1422 996 1644 1048 praeditum,
1674 996 1739 1034 M.
1761 995 1876 1033 Mar-

469 1060 629 1105 cellum,
661 1060 730 1112 qui
756 1070 834 1098 erat
854 1061 995 1113 pupilli
1028 1070 1145 1106 tutor,
1178 1060 1370 1100 deferunt.
1402 1062 1523 1100 Venit
1548 1061 1595 1099 ad
1614 1061 1777 1099 Verrem
1807 1061 1872 1100 M.

468 1127 680 1165 Marcellus
699 1142 708 1166 :
740 1128 838 1180 petit
856 1128 904 1166 ab
923 1141 968 1166 eo
987 1141 1057 1180 pro
1076 1128 1140 1167 sua
1158 1128 1234 1166 fide
1264 1142 1307 1166 ac
1338 1128 1552 1180 diligentia,
1583 1128 1760 1180 pluribus
1787 1142 1874 1167 ver-

468 1195 542 1240 bis,
573 1207 621 1232 ne
641 1207 706 1246 per
725 1194 918 1232 summam
938 1195 1119 1244 injuriam
1140 1194 1337 1246 pupillum
1349 1195 1515 1244 Junium
1544 1193 1711 1231 fortunis
1740 1194 1873 1246 patriis

468 1270 628 1300 conetur
647 1269 825 1299 evertere.
872 1260 958 1304 Iste,
993 1261 1061 1311 qui
1076 1261 1160 1312 jam
1180 1259 1243 1312 spe
1276 1268 1314 1296 et
1347 1260 1529 1311 opinione
1562 1260 1728 1312 praedam
1762 1260 1872 1299 illam

468 1326 685 1372 devorasset,
717 1339 844 1378 neque
873 1325 953 1363 ulla
983 1326 1160 1377 aequitate
1190 1326 1384 1370 orationis,
1418 1339 1542 1377 neque
1562 1326 1785 1364 auctoritate
1806 1326 1876 1365 M.
1902 1331 1908 1336 '

468 1394 647 1432 Marcelli
668 1402 888 1432 commotus
909 1392 974 1431 est.
1008 1393 1155 1446 Itaque,
1174 1392 1508 1446 quemadmodum
1526 1391 1760 1437 ostendisset,
1777 1392 1812 1431 se
1831 1391 1874 1430 id

468 1464 691 1500 exasturum
712 1461 796 1506 effe,
818 1461 1025 1513 respondit.

523 1531 629 1567 Cum
650 1529 719 1566 sibi
739 1542 873 1566 omnes
895 1529 941 1566 ad
962 1528 1075 1566 istum
1098 1528 1343 1581 allegationes
1365 1529 1556 1573 difficiles,
1588 1541 1723 1566 omnes
1744 1527 1870 1565 aditus

466 1595 617 1641 arduos,
640 1608 681 1632 ac
702 1595 830 1647 potius
851 1595 1074 1633 interclusos
1096 1596 1281 1640 viderent,
1313 1596 1414 1648 apud
1434 1609 1552 1647 quem
1578 1608 1657 1633 non
1680 1595 1760 1646 jus,
1792 1607 1869 1631 non

466 1664 636 1715 aequitas,
679 1676 756 1700 non
790 1662 1061 1707 misericordia,
1105 1676 1182 1700 non
1209 1664 1427 1715 ⁴propinqui
1459 1663 1600 1707 oratio,
1643 1675 1722 1699 non
1755 1661 1873 1699 amici

464 1729 655 1772 voluntas,
687 1741 763 1765 non
785 1727 1009 1779 cujusquam
1030 1729 1233 1766 auctoritas
1253 1742 1323 1780 pro
1354 1729 1492 1781 pretio,
1523 1741 1601 1766 non
1621 1727 1741 1779 gratia
1765 1726 1871 1765 vale-

464 1805 543 1841 ret3
576 1796 759 1840 statuunt,
791 1795 829 1832 id
862 1795 930 1833 fibi
951 1797 1149 1848 optimum
1181 1795 1253 1833 effe
1283 1795 1400 1840 factu,
1433 1796 1537 1847 quod
1563 1795 1686 1832 cuivis
1712 1794 1868 1832 venisset

464 1864 503 1900 in
525 1872 711 1906 mentem,
734 1871 860 1914 petere
880 1863 1070 1899 auxilium
1092 1875 1112 1898 a
1133 1861 1376 1905 Chelidone;
1409 1876 1494 1913 quae
1513 1862 1583 1898 isto
1604 1862 1769 1898 Praetore
1789 1873 1866 1898 non

464 1930 582 1967 modo
615 1930 654 1966 in
677 1930 762 1980 jure
797 1928 916 1971 civili,
950 1928 1265 1979 privatorumque
1292 1928 1474 1966 omnium
1501 1927 1764 1965 controverfiis
1793 1941 1868 1980 po-

464 1997 558 2050 pulo
579 1997 758 2034 Romano
779 1992 945 2046 prmfust,
974 2007 1107 2032 verum
1127 1995 1243 2031 etiam
1275 1994 1315 2031 in
1342 1994 1403 2031 his
1425 1993 1528 2032 sartis
1557 1995 1665 2032 tectis
1687 1993 1864 2033 domina-

464 2075 499 2101 ta
519 2063 584 2101 est.

518 2130 607 2168 LII.
632 2128 750 2166 Venit
769 2128 814 2165 ad
836 2127 1094 2167 Chelidonem
1112 2130 1160 2167 C.
1185 2129 1369 2174 Mustius,
1386 2142 1501 2181 eques
1523 2130 1738 2173 Romanus,
1760 2129 1863 2181 pub-

462 2198 623 2241 licanuS‚
654 2194 774 2234 homo
793 2208 884 2232 cum
906 2195 1041 2247 primis
1062 2195 1270 2234 honestus:
1303 2197 1407 2234 venit
1435 2197 1497 2234 M.
1521 2197 1675 2247 Junius,
1705 2205 1862 2247 patruus

463 2264 584 2317 pueri,
606 2262 878 2315 frugaliffimus
910 2260 1044 2306 homo,
1081 2271 1119 2300 et
1150 2263 1398 2301 castiffimus:
1432 2264 1536 2300 venit
1569 2261 1690 2299 homo
1710 2261 1864 2298 summo

462 2330 621 2374 honore,
652 2338 688 2366 et
708 2329 865 2381 pudore,
897 2336 934 2364 et
956 2327 1108 2366 summo
1127 2328 1257 2365 officio
1292 2328 1579 2380 speetatiffimus
1614 2326 1757 2363 ordinis
1791 2326 1861 2370 sui,

462 2398 505 2435 P.
531 2397 694 2434 Potitius
716 2404 833 2433 tutor.
868 2396 903 2433 O
927 2395 1061 2433 multis
1082 2395 1270 2439 acerbam,
1292 2396 1315 2432 ὂ
1332 2395 1506 2432 miseram
1527 2403 1641 2445 atquc
1662 2393 1862 2445 indignam

460 2471 665 2516 praeturam
687 2462 815 2500 tuam!
849 2463 907 2500 Ut
928 2462 1081 2501 mittam
1113 2470 1257 2506 caetera,
1295 2475 1372 2513 quo
1407 2461 1561 2498 tandem
1594 2460 1738 2512 pudore
1769 2460 1861 2497 tales

460 2531 574 2577 viros,
610 2543 689 2584 quo
723 2529 867 2575 dolore,
899 2531 1111 2571 meretricis
1143 2530 1304 2569 domum
1332 2528 1469 2568 venisse
1491 2527 1760 2566 arbitramini?
1792 2527 1861 2580 qui
