2201 2792
546 173 674 212 PRO
725 173 793 224 Q
830 172 1089 210 ROSCIO
1140 173 1503 215 COMOEDO.
1678 194 1748 220 101

399 272 507 324 Qid
527 285 617 325 ergo
636 271 717 310 est?
750 271 870 323 Qod
890 280 928 310 et
948 285 1033 310 reus
1054 272 1085 310 is
1117 272 1183 317 est,
1216 273 1281 311 cui
1301 282 1339 311 et
1369 275 1533 326 pecunia
1553 276 1751 323 leviffima,

340 348 378 377 et
396 338 629 377 existimatio
649 338 876 377 sanctisfima
894 337 971 376 fuit
991 338 1141 391 semper
1156 357 1168 384 5
1205 348 1243 377 et
1257 339 1380 391 judex
1401 341 1454 378 est
1473 341 1519 386 iS,
1543 356 1662 393 quem
1684 358 1751 383 nos

339 418 417 443 non
436 405 568 443 minus
590 405 686 443 bene
706 405 752 443 de
783 405 895 443 nobis
927 405 1155 451 existimare,
1189 419 1308 458 quam
1343 406 1557 446 secundum
1589 422 1658 447 nos
1682 411 1751 462 ju*-

337 472 463 510 dicare
496 472 690 517 velimus;
735 481 773 510 et
806 472 1005 511 advocatio
1031 485 1074 510 ea
1107 472 1180 517 est,
1216 485 1335 524 quam
1369 483 1528 526 propter
1557 475 1752 514 eximium

336 537 593 590 splendorem,
626 546 669 576 ut
693 537 871 590 judicem
899 551 1023 576 unum
1055 538 1174 576 vereri
1204 538 1442 578 debeamus:
1475 540 1633 593 perinde
1653 555 1696 580 ac
1723 543 1749 580 s1

334 603 377 640 in
402 601 504 642 hanc
523 602 735 642 formulam
756 604 890 641 omnia
904 603 1054 655 judicia
1073 603 1264 656 legitima,
1292 605 1425 643 omnia
1445 606 1602 645 arbitria
1620 606 1749 647 hono-

335 669 458 715 raria,
495 670 627 709 omnia
660 670 787 708 officia
817 670 1026 708 domestica
1059 670 1238 708 conclusa
1268 680 1306 709 et
1338 672 1613 725 comprehensa
1646 674 1748 720 fint,

332 736 492 789 perinde
526 736 715 775 dicemus.
763 736 835 775 Illa
860 736 1029 789 superior
1062 736 1139 775 fuit
1170 738 1292 776 oratio
1323 739 1536 785 necessaria,
1568 739 1650 778 haec
1676 742 1749 780 erit

334 801 576 841 voluntaria:
609 802 676 840 illa
694 802 741 840 ad
769 803 961 855 judicem,
992 801 1075 841 haec
1109 803 1156 841 ad
1178 804 1226 841 C.
1251 804 1459 843 Pisonem:
1491 805 1558 844 illa
1578 820 1648 859 pro
1669 821 1746 853 reo,

331 865 415 907 haec
448 883 518 922 pro
532 869 709 908 Roscio:
740 869 808 908 illa
826 870 1007 915 vidtoriae,
1042 869 1125 909 haec
1157 870 1269 909 bonae
1294 871 1604 919 existimationis,
1637 874 1748 912 caus-<⁴1

332 945 564 988 comparata.

387 1001 461 1040 VI.
494 1001 706 1040 Pecuniam
725 1002 838 1053 petis,
871 1003 1011 1047 Fanni,
1043 1016 1064 1040 a
1084 1002 1226 1041 Roscio
1244 1022 1257 1048 5
1289 1004 1440 1056 quam?
1472 1004 1534 1042 dic
1555 1005 1744 1052 audaster,

332 1074 371 1104 et
390 1076 529 1118 aperte.
577 1068 723 1104 Utrum
755 1081 840 1119 quae
861 1067 934 1105 tibi
964 1080 1011 1105 ex
1047 1067 1225 1106 societate
1247 1069 1462 1107 debeatur?
1492 1084 1554 1115 an,
1592 1085 1677 1124 quae
1698 1086 1746 1111 ex

332 1132 560 1169 liberalitate
581 1131 698 1183 hujus
718 1133 899 1184 promissa
919 1133 978 1178 fit,
1011 1142 1048 1171 et
1069 1134 1280 1172 ostentata?
1318 1149 1485 1187 quorum
1505 1136 1670 1176 alterum
1691 1138 1746 1177 est

328 1197 480 1248 gravius
511 1206 550 1234 et
580 1197 772 1242 odiosius3
804 1198 984 1242 alterum,
1006 1198 1128 1236 levius
1149 1209 1187 1237 et
1206 1199 1373 1238 facilius.
1421 1202 1520 1252 Qae
1543 1216 1591 1241 ex
1621 1203 1743 1243 socie-

328 1271 406 1302 tate
426 1263 609 1302 debeatur
627 1264 639 1301 ?
672 1263 782 1316 Qid
801 1264 884 1302 ais?
926 1264 1018 1302 Hoc
1036 1265 1121 1317 jam
1141 1278 1268 1318 neque
1287 1265 1422 1304 leviter
1440 1266 1646 1307 ferendum
1674 1270 1741 1316 est,

328 1343 455 1383 neque
473 1331 715 1384 negligenter
734 1330 1036 1370 defendendum.
1083 1332 1121 1370 Si
1142 1346 1218 1384 qua
1237 1332 1344 1371 enim
1364 1333 1452 1372 sunt
1471 1334 1617 1387 privata
1629 1337 1742 1388 judi-

327 1395 388 1434 cia
406 1395 568 1434 summae
588 1397 897 1443 existimationis,
930 1406 968 1435 et
987 1411 1086 1451 pene
1106 1398 1233 1437 dicam
1256 1399 1406 1452 capitis,
1440 1400 1512 1438 tria
1530 1399 1613 1440 haec
1639 1401 1740 1449 sunt,

326 1460 493 1507 fiduciae,
519 1462 663 1506 tutelae,
698 1461 901 1501 societatis.
933 1464 1063 1515 AEque
1083 1465 1189 1502 enim
1209 1464 1459 1517 perfidiosum
1491 1475 1529 1504 et
1551 1466 1742 1508 nefarium

325 1527 392 1572 est,
424 1527 543 1566 fidem
562 1527 750 1580 frangere,
783 1543 868 1580 quae
889 1529 1064 1568 continet
1095 1530 1214 1568 vitam
1229 1549 1241 1576 ς
1274 1539 1311 1568 et
1330 1531 1530 1584 pupillum
1550 1532 1740 1581 fraudare,

325 1594 395 1645 qui
414 1595 455 1631 in
476 1594 638 1632 tutelam
659 1595 834 1646 pervenit
848 1612 860 1640 5
884 1603 921 1633 et
943 1595 1090 1634 socium
1111 1595 1257 1642 fallere,
1275 1597 1343 1649 qui
1360 1597 1395 1635 se
1412 1598 1452 1636 in
1469 1600 1626 1651 negotio
1642 1614 1739 1639 con·

319 1659 468 1710 junxit,

381 1725 480 1776 Qae
501 1738 593 1762 cum
613 1725 665 1762 ita
685 1725 771 1769 sint,
805 1726 873 1778 qui
895 1726 952 1770 fit,
987 1727 1054 1777 qui
1077 1726 1224 1764 socium
1256 1726 1439 1765 fraudarit
1470 1737 1507 1766 et
1538 1728 1736 1777 fefellerit,

324 1791 621 1829 confideremus.
656 1792 777 1829 Dabit
806 1793 912 1830 enim
943 1793 1054 1830 nobis
1076 1793 1160 1844 jam
1184 1794 1297 1831 tacite
1329 1794 1407 1831 vita
1437 1796 1517 1832 aeta
1547 1796 1587 1833 in
1619 1797 1735 1836 alter-

323 1866 450 1895 utram
471 1867 620 1909 partem
641 1856 802 1895 firmum
822 1867 860 1895 et
880 1872 992 1910 grave
1008 1859 1289 1897 testimonium.
1323 1860 1594 1911 QRoscius?
1627 1863 1737 1914 Qid

322 1923 407 1962 ais?
439 1923 598 1968 Nonne,
631 1933 673 1961 ut
711 1924 812 1976 ignis
844 1924 885 1962 in
912 1937 1051 1976 aquam
1084 1925 1280 1976 conjectus
1311 1926 1497 1964 continuo
1529 1927 1735 1981 restingui-

323 1997 399 2034 tur,
430 1998 468 2027 et
498 1988 768 2042 refrigeratum
801 1990 851 2028 fic
872 1989 1062 2028 refervens
1084 1989 1222 2029 falsum
1255 1991 1403 2029 crimen
1424 1992 1464 2029 in
1495 1993 1736 2045 purissimam

321 2063 361 2092 et
392 2055 635 2093 castiffirnam
655 2056 775 2094 vitam
798 2057 1000 2102 collatum,
1031 2057 1159 2095 statim
1192 2058 1364 2096 concidit
1391 2068 1428 2096 et
1459 2060 1732 2113 extInguitur?

321 2121 487 2159 Roscius
507 2122 656 2160 socium
676 2122 893 2161 fraudavit?
927 2124 1053 2162 Potest
1083 2123 1159 2162 hoc
1180 2123 1334 2162 homini
1354 2123 1447 2163 huic
1478 2125 1619 2165 haerere
1639 2142 1732 2181 pec-

321 2196 453 2226 catum
471 2188 484 2224 ?
507 2188 575 2240 qui
594 2188 746 2226 medius
768 2188 881 2226 fidius
906 2189 1097 2241 (audaffi‘cer
1123 2190 1229 2242 dico)
1252 2191 1339 2243 plus
1361 2191 1465 2236 fidei,
1488 2206 1605 2244 quam
1626 2195 1729 2240 artis,

321 2253 408 2306 plus
440 2254 623 2299 veritatis,
660 2268 777 2306 quam
810 2254 1021 2308 disciplinae
1055 2256 1216 2309 poffidet
1250 2258 1290 2294 in
1318 2256 1380 2295 se:
1414 2271 1530 2309 quem
1562 2259 1729 2309 populus

320 2320 522 2359 Romanus
542 2321 747 2359 meliorem
768 2319 911 2371 virum,
929 2336 1047 2375 quarn
1067 2322 1307 2367 histrionem,
1325 2322 1396 2360 effe
1415 2323 1637 2361 arbitratur:
1661 2327 1730 2377 qui

320 2384 373 2422 ita
391 2385 633 2438 digniffimus
654 2387 707 2424 est
727 2387 837 2425 scena
855 2398 1013 2440 propter
1033 2388 1255 2433 artificium,
1276 2397 1318 2426 ut
1333 2387 1575 2438 digniflimus
1594 2389 1638 2427 fit
1657 2403 1729 2428 cu-

320 2450 375 2487 ria
394 2461 550 2504 propter
568 2452 854 2492 abstinentiam.

367 2515 439 2553 Sed
460 2516 556 2568 quid
574 2530 646 2569 ego
666 2518 820 2570 ineptus
841 2519 887 2557 de
910 2518 1051 2557 Roscio
1072 2517 1172 2570 apud
1194 2517 1372 2556 Pisonem
1395 2518 1509 2558 dico?
1541 2520 1726 2572 Ignotum
