2201 2792
609 162 898 202 ACTto
969 161 1277 200 PRIMA.
1575 176 1648 214 130

243 266 470 304 Romanum
489 261 561 300 effe
581 261 775 300 transsatos
792 277 800 300 ε
819 276 864 300 ex
886 260 946 300 his
967 260 1070 314 quafi
1091 260 1225 298 decem
1243 259 1351 297 fiscos
1373 260 1419 297 ad
1440 260 1649 298 senatorem

242 332 356 369 illum
376 330 527 368 relictos
548 328 632 374 effe,
664 329 918 367 comitiorum
939 341 1117 367 meorum
1138 327 1297 365 nomine
1319 341 1328 364 ε
1361 325 1538 363 divisores
1561 340 1650 364 om-

241 397 353 435 nium
373 396 550 434 tribuum
581 397 698 434 noctu
719 396 765 434 ad
787 396 903 434 istum
934 404 1087 434 vocatos
1107 409 1115 433 :
1148 407 1195 432 ex
1216 393 1359 446 quibus
1387 392 1561 445 quidam,
1584 394 1652 444 qui

242 463 278 502 se
297 464 429 502 omnia
449 463 535 502 mea
554 462 663 501 causa
682 462 805 501 facere
825 463 962 501 debere
981 461 1248 506 arbitrabatur,
1280 461 1414 498 eadem
1446 459 1513 497 illa
1542 461 1653 497 nocte

242 529 288 567 ad
309 543 372 567 me
392 530 511 568 venit.
549 529 812 575 Demonstrat,
843 543 919 582 qua
939 528 1006 567 iste
1025 528 1196 567 oratione
1217 526 1303 565 usus
1325 526 1412 565 effet
1428 545 1439 570 3
1473 539 1651 565 comme-

241 597 401 635 moraffe
420 598 552 642 istum,
583 611 702 650 quam
721 597 929 635 liberaliter
959 609 1022 634 eos
1055 594 1239 634 tractasset
1269 594 1387 632 etiam
1407 602 1529 638 antea,
1561 607 1653 631 cum

242 663 322 716 ipse
355 673 560 716 praeturam
590 664 754 716 petiffet,
791 672 829 702 et
858 663 1048 716 proximis
1081 660 1361 706 consularibus,
1393 659 1653 713 praetoriisque

243 731 413 768 comitiis
430 749 442 776 ς
475 730 612 769 deinde
632 731 821 769 continuo
851 729 923 768 effe
954 729 1176 783 pollicitum
1209 737 1394 780 quantam
1413 727 1557 764 vellent
1584 740 1653 779 pe-

243 797 414 842 cuniam,
451 797 476 836 fi
509 811 573 836 me
608 798 788 836 aedilitate
819 796 1048 850 dejeciffent.
1083 795 1165 834 Hic
1195 794 1288 833 alios
1320 792 1468 846 negaffe
1487 793 1624 831 audere
1640 811 1653 838 ς

243 862 336 900 alios
357 863 598 916 respondisse,
630 878 709 902 non
730 873 864 918 putare
897 863 937 901 id
967 862 1102 916 perfici
1132 860 1261 914 poffe:
1294 861 1499 898 inventum
1526 868 1655 897 tamen

245 928 317 966 effe
336 929 477 968 fortem
498 932 684 976 amicum,
701 945 749 969 ex
768 931 901 969 eadem
921 929 1084 974 familia,
1103 928 1353 980 QVerrem,
1386 926 1575 971 Romilia,
1608 939 1656 964 ex

246 995 396 1047 optima
415 995 624 1034 divisorum
645 996 860 1048 disciplina,
891 996 1008 1048 patris
1034 995 1139 1033 istius
1161 994 1398 1047 discipulum
1419 1003 1534 1046 atque
1554 992 1656 1031 ami-

247 1072 355 1105 cum,
387 1061 456 1113 qui
483 1061 576 1098 H-S
597 1061 818 1113 quingentis
845 1059 1022 1098 millibus
1055 1060 1248 1111 depositis,
1279 1060 1319 1096 id
1339 1059 1373 1096 se
1393 1058 1656 1111 perfecturum

246 1125 495 1178 polliceretur
511 1145 524 1171 ς
556 1135 594 1164 et
613 1126 722 1164 fuiffe
742 1136 872 1164 tamen
893 1125 1116 1170 nonnullos,
1150 1125 1219 1177 qui
1239 1125 1275 1163 se
1295 1138 1369 1162 una
1388 1123 1554 1162 facturos
1585 1122 1657 1161 effe

246 1191 430 1229 dicerent.
461 1193 560 1242 Qae
580 1205 672 1229 cum
692 1192 746 1229 ita
765 1191 894 1236 essent,
916 1191 1002 1229 sane
1023 1190 1212 1228 benevolo
1231 1191 1363 1228 animo
1385 1204 1461 1234 me,
1480 1199 1523 1228 ut
1544 1203 1655 1242 mag-

245 1270 386 1310 nopere
405 1271 592 1303 caverem,
613 1258 888 1311 praemonebat.

301 1324 373 1361 IX.
407 1324 648 1363 Sollicitabar
666 1324 780 1363 rebus
802 1324 983 1362 maximis
1004 1338 1096 1369 uno,
1125 1333 1241 1377 atque
1261 1337 1305 1362 eo
1326 1323 1534 1376 perexiguo
1556 1331 1657 1360 tem-

246 1403 349 1442 pore.
383 1391 586 1442 Urgebant
605 1392 792 1437 comitia;
825 1400 863 1429 et
892 1392 933 1430 in
958 1390 1018 1429 his
1051 1391 1140 1444 ipsis
1161 1391 1413 1444 oppugnabar
1433 1390 1567 1443 grandi
1587 1403 1656 1442 pe-

245 1456 375 1494 cunia.
422 1455 588 1494 Instabat
616 1456 814 1508 judicium
832 1475 844 1501 5
882 1457 916 1494 ei
949 1470 1110 1508 quoquo
1144 1459 1301 1508 negotio
1335 1457 1414 1494 fisci
1447 1455 1658 1494 Sicilienses

245 1523 507 1561 minabantur.
539 1524 680 1576 Agere,
703 1537 787 1576 quae
808 1523 854 1561 ad
868 1523 1065 1575 judicium
1084 1523 1342 1576 pertinebant,
1374 1523 1506 1566 libere,
1530 1523 1658 1559 comi-

245 1589 390 1627 tiorum
419 1598 529 1628 metu
560 1590 800 1628 deterrebar:
833 1589 1013 1642 petitioni
1045 1598 1127 1628 toto
1158 1589 1290 1627 animo
1322 1589 1471 1634 servire,
1503 1597 1657 1641 propter

239 1654 452 1707 judicium,
470 1668 548 1693 non
567 1655 722 1693 licebat.
755 1655 902 1692 NIinari
918 1655 1086 1706 denique
1102 1654 1331 1692 divisoribus
1353 1656 1449 1693 ratio
1466 1668 1542 1692 non
1564 1664 1655 1697 erat,

248 1731 446 1775 propterea
476 1721 581 1774 quod
600 1734 663 1759 eos
684 1721 900 1772 intelligere
930 1720 1124 1765 videbam,
1158 1733 1222 1757 me
1243 1719 1318 1758 hoc
1333 1721 1485 1771 judicio
1506 1720 1655 1758 distric-

248 1798 333 1827 tum
354 1798 469 1841 atque
489 1788 708 1840 obligatum
728 1787 923 1826 futurum.

303 1858 434 1908 Atque
454 1854 530 1894 hoc
561 1855 643 1908 ipso
674 1865 848 1908 tempore
869 1855 1006 1893 Siculis
1029 1854 1300 1893 denuntiatum
1323 1854 1392 1892 effe
1413 1855 1539 1900 audio,
1576 1857 1655 1908 pri-

248 1936 360 1960 mum
381 1922 428 1960 ab
450 1921 673 1967 Hortenfio,
705 1922 870 1960 domum
902 1921 948 1959 ad
968 1921 1084 1959 illum
1105 1930 1148 1959 ut
1169 1922 1341 1959 venirent
1361 1936 1369 1959 ;
1403 1922 1552 1960 Siculos
1573 1923 1657 1960 sane

248 1989 289 2025 in
309 2001 353 2026 eo
372 1988 513 2026 liberos
534 1987 658 2033 fuisse,
680 1988 763 2040 qui,
795 1987 1051 2040 quamobrem
1081 1986 1361 2032 arcesserentur,
1393 2001 1484 2026 cum
1507 1989 1656 2026 intelli-

219 2097 222 2100 *
248 2064 396 2106 gerent,
418 2068 496 2092 non
517 2054 668 2092 veniffe.
716 2055 864 2092 Interea
884 2054 1043 2092 comitia
1075 2054 1211 2098 nostra,
1245 2068 1413 2106 quorum
1446 2055 1512 2092 iste
1534 2055 1582 2100 se,
1616 2065 1657 2093 ut

248 2130 475 2158 caeterorum
506 2119 580 2158 hoc
616 2133 716 2157 anno
736 2120 1015 2165 comitiorum,
1051 2120 1259 2158 dominum
1286 2121 1356 2159 effe
1391 2122 1656 2166 arbitrabatur,

248 2186 378 2224 haberi
400 2195 526 2239 coepta
547 2185 645 2223 sunt.
670 2186 830 2224 Cursare
846 2186 913 2224 iste
932 2185 1054 2224 homo
1074 2197 1224 2239 potem,
1243 2201 1335 2225 cum
1358 2188 1438 2226 filio
1460 2188 1600 2226 blando
1621 2199 1656 2225 ct

247 2253 423 2307 gratioso,
446 2254 595 2292 circum
618 2254 764 2292 tribus:
802 2263 978 2307 paternos
998 2255 1156 2299 amicos,
1179 2253 1254 2292 hoc
1275 2256 1341 2299 est,
1373 2255 1563 2298 divisores,
1586 2268 1655 2306 ap-

249 2320 389 2372 pellare
408 2334 559 2366 omnes,
581 2330 619 2358 et
639 2321 856 2359 convenire.
889 2321 1008 2371 Qod
1029 2334 1121 2359 curn
1143 2321 1230 2359 effet
1252 2321 1491 2358 intellectum
1513 2329 1549 2356 et
1570 2320 1654 2356 ani-

250 2387 490 2427 madversum
509 2407 521 2434 3
566 2388 660 2427 fecit
693 2389 824 2427 animo
858 2388 1108 2428 libentiffimo
1140 2389 1307 2441 populus
1344 2389 1558 2430 Romanus,
1597 2396 1652 2430 ut,

249 2453 359 2503 cujus
392 2454 536 2492 divitiae
556 2468 620 2492 me
651 2455 697 2492 de
717 2454 792 2493 fide
823 2455 1009 2494 deducere
1042 2469 1117 2492 non
1153 2452 1375 2505 potuill‘cnt‚
1408 2465 1454 2489 nc
1489 2451 1655 2503 ejusdem

250 2519 423 2571 pecuniis
443 2521 490 2558 de
509 2519 656 2560 honore
676 2520 871 2573 dejicerer.

1277 2593 1298 2622 b
1331 2597 1350 2622 2
