2201 2792
934 186 1136 241 [25]

659 417 1408 480 M-TU‘LLII

368 591 1785 792 (116ιῑῑπΟΝῑεεςἱ

545 908 1552 990 ORATIONES.

385 1299 584 1357 PRO
673 1300 1069 1360 PUBLIO
1159 1303 1681 1384 QUINTIO.

816 1471 1169 1512 ORATIO
1230 1475 1262 1512 Ι.

533 1696 602 1721 nos
634 1682 757 1720 ambae
787 1682 939 1721 faciunt
969 1683 1009 1721 in
1040 1682 1117 1722 hoc
1149 1693 1340 1737 ternpore,
1369 1685 1522 1724 summa
1540 1687 1674 1738 gratia,
1708 1696 1746 1724 et

534 1748 780 1801 eloquentia:
814 1762 979 1801 quarum
1001 1749 1173 1794 alteram,
1208 1751 1256 1788 C.
1279 1750 1432 1802 Aquili,
1454 1763 1612 1796 vereor;
1649 1751 1746 1789 alte-

329 1829 412 1854 ram
432 1824 579 1853 metuo.
602 1814 838 1867 Eloquentia
859 1815 1137 1867 QHortenfii
1158 1829 1204 1853 ne
1222 1829 1286 1854 me
1305 1817 1344 1854 in
1362 1817 1525 1855 dicendo
1544 1817 1745 1870 impediat,

331 1881 509 1921 nonnihil
532 1895 809 1921 commoveor:
842 1883 964 1935 gratia
984 1884 1070 1921 Sex.
1094 1883 1224 1921 Naevii
1256 1896 1304 1921 ne
1331 1884 1376 1921 Ρ.
1400 1884 1569 1935 Qintio
1595 1894 1745 1929 noceat,

331 1949 370 1987 id
391 1963 479 1987 vero
500 1962 579 1987 non
600 1949 848 1987 mediocriter
867 1948 1113 2002 pertimesco.
1157 1949 1299 2002 Neque
1329 1948 1404 1988 hoc
1433 1959 1629 2003 tantopere
1648 1964 1747 2003 que-

331 2015 494 2054 rendum
513 2015 720 2061 videretur,
751 2014 833 2054 haec
855 2016 1008 2054 summa
1027 2016 1067 2054 in
1088 2016 1165 2054 illis
1187 2016 1271 2061 effe,
1294 2017 1319 2055 fi
1340 2017 1379 2055 in
1402 2017 1514 2055 nobis
1535 2016 1651 2055 essent
1672 2017 1745 2055 sal-

331 2091 412 2119 tem
432 2081 654 2120 mediocria.
687 2081 838 2119 Verum
869 2082 921 2119 ita
943 2081 977 2119 se
999 2095 1053 2120 res
1075 2080 1206 2127 habet,
1243 2091 1284 2120 ut
1305 2096 1391 2135 ego,
1425 2083 1494 2135 qui
1526 2096 1651 2135 neque
1677 2083 1747 2121 usu

331 2146 432 2192 satis,
463 2155 501 2184 et
532 2146 689 2199 ingenio
709 2160 846 2200 parum
878 2146 1044 2200 possum,
1067 2161 1159 2186 cum
1187 2157 1349 2201 patrono
1371 2147 1613 2187 disertiflimo
1632 2162 1745 2186 com-

330 2226 465 2265 parer3
500 2213 543 2251 P.
568 2213 771 2264 Qintius‚
805 2213 869 2252 cui
904 2222 1036 2252 tenues
1067 2228 1174 2267 opes,
1206 2214 1323 2252 nulla:
1354 2213 1569 2259 facultates,
1599 2215 1746 2266 exiguzss

331 2280 547 2318 amicorum
567 2281 688 2333 copiae
709 2279 810 2325 sunt,
832 2294 924 2319 cum
945 2281 1151 2319 adversario
1171 2281 1436 2334 gratiofiffimo
1455 2280 1678 2319 contendat.

387 2346 491 2385 Illud
512 2361 668 2400 quoque
702 2348 814 2386 nobis
846 2348 993 2392 accedit
1026 2348 1342 2394 incommodum,
1375 2348 1482 2401 quod
1501 2348 1564 2385 M.
1588 2346 1745 2398 Junius,

331 2413 399 2464 qui
430 2411 532 2451 hanc
562 2414 728 2460 causam,
751 2415 903 2467 Aquili,
927 2415 1132 2468 aliquoties
1164 2416 1266 2469 apud
1298 2424 1334 2452 te
1362 2415 1453 2466 egit,
1484 2412 1607 2452 homo
1637 2422 1675 2451 et
1706 2413 1746 2451 in

333 2477 415 2516 aliis
433 2479 553 2517 causis
583 2482 826 2526 exercitatus,
862 2491 899 2519 et
919 2481 958 2519 in
980 2481 1052 2521 hac
1074 2482 1263 2526 multum,
1286 2489 1323 2518 et
1344 2480 1438 2534 saepe
1458 2479 1638 2525 versatus,
1670 2478 1746 2516 hoc

332 2552 505 2596 tempore
538 2545 668 2592 abest,
699 2562 797 2587 nova
830 2547 1021 2601 legatione
1051 2547 1262 2601 impeditus
1280 2565 1291 2592 ς
1337 2556 1375 2586 et
1411 2547 1457 2586 ad
1492 2561 1555 2586 me
1587 2554 1745 2585 ventum

417 2611 562 2649 ΤοΜ.
596 2613 666 2651 IV.
1402 2614 1440 2651 D

330 1611 598 1764 LQUAE
630 1629 687 1655 res
719 1616 759 1654 in
790 1616 946 1656 civitate
976 1617 1060 1655 duae
1091 1609 1311 1671 plurimum
1331 1619 1498 1672 polluxit,
1532 1618 1591 1657 hae
1616 1630 1749 1658 contra
