2201 2792
517 195 590 249 518
1012 197 1413 236 ORATIO

515 298 623 336 litera
649 298 713 350 jus
745 310 862 335 omne
898 297 1065 349 torqueri
1082 316 1093 342 ς
1126 309 1191 335 vos
1224 297 1388 343 statuite,
1426 299 1742 352 Recuperatores‚
1775 307 1908 338 utrum

513 364 646 402 utilius
668 364 738 402 effe
758 363 943 402 videatur.

571 431 662 468 Hoc
683 430 769 468 loco
789 430 1064 482 percommode
1094 430 1247 474 accidit,
1281 431 1385 482 quod
1405 444 1483 469 non
1503 431 1602 469 adest
1622 432 1667 477 is,
1705 433 1772 485 qui
1794 431 1909 485 paulo

515 505 600 533 ante
620 495 744 540 affuit,
775 504 813 532 et
833 495 952 533 adeffe
973 496 1084 533 nobis
1105 494 1327 548 frequenter
1348 497 1387 535 in
1407 495 1479 534 hac
1501 497 1608 535 causa
1627 498 1733 543 solet,
1761 498 1819 536 vir
1845 511 1909 536 or-

516 562 742 607 natiffimus,
766 563 814 600 C.
837 563 1035 615 Aquilius,
1068 563 1189 608 Nam,
1214 563 1294 616 ipso
1314 564 1509 616 praesente,
1532 564 1578 602 de
1597 565 1740 604 virtute
1765 565 1845 617 ejus
1873 572 1911 602 et

516 629 717 682 prudentia
739 629 913 667 timidius
935 629 1117 674 dicerem,
1145 630 1250 682 quod
1271 639 1309 668 et
1330 631 1406 683 ipse
1427 631 1571 683 pudore
1590 632 1759 684 quodam
1780 631 1909 669 affice-

517 704 618 733 retur
638 709 684 733 ex
706 694 769 732 sua
788 695 914 739 laude,
945 704 983 733 et
1004 709 1067 733 me
1087 696 1220 733 similis
1253 697 1348 734 ratio
1369 697 1525 749 pudoris
1547 711 1567 735 a
1586 698 1779 750 praesentis
1799 697 1911 735 laude

518 762 677 799 tardaret
693 776 701 798 :
726 761 836 812 cujus
851 761 1080 805 auctoritati,
1096 761 1244 798 dictum
1259 762 1323 806 est,
1346 763 1393 799 ab
1410 763 1475 800 illa
1488 764 1595 800 causa
1608 764 1769 801 concedi
1790 764 1910 802 nimi-

517 841 584 864 um
606 840 682 864 non
705 836 893 878 oportere.
927 827 1021 865 Non
1043 840 1185 871 vereor,
1201 827 1246 865 de
1267 827 1333 865 tali
1353 828 1436 866 viro
1457 842 1503 866 ne
1524 829 1611 882 plus
1633 830 1776 874 dicam,
1794 844 1913 882 quam

516 906 582 930 vos
604 902 668 930 aut
691 892 871 937 sentiatis,
894 901 958 929 aut
979 892 1079 945 apud
1100 907 1166 931 vos
1188 895 1490 932 commemorari
1506 895 1646 933 velitis.
1667 896 1913 949 Qapropter

517 958 591 997 hoc
610 959 750 1003 dicam,
769 973 967 1011 nunquam
982 960 1062 1011 ejus
1078 960 1343 998 auctoritatem
1358 961 1527 1000 nimium
1541 962 1678 1007 valere,
1690 963 1804 1014 cujus
1817 976 1912 1015 pru-

518 1026 688 1063 dentiam
711 1025 877 1078 populus
900 1026 1099 1064 Romanus
1121 1027 1161 1064 in
1183 1027 1365 1072 cavendo,
1398 1041 1475 1065 non
1502 1028 1543 1066 in
1563 1028 1803 1081 decipiendo,
1825 1041 1911 1082 per-

519 1092 679 1144 spexerit
698 1107 706 1130 :
740 1092 808 1144 qui
834 1092 933 1144 juris
968 1092 1092 1130 civilis
1125 1093 1313 1132 rationem
1345 1107 1544 1147 nunquam
1577 1095 1624 1133 ab
1658 1095 1836 1148 aequitate
1854 1095 1914 1134 se-

513 1159 687 1210 junxerit
706 1174 713 1197 :
747 1159 815 1211 qui
837 1168 895 1197 tot
914 1173 1032 1198 annos
1054 1160 1272 1212 ingenium,
1295 1161 1480 1207 laborem,
1503 1161 1620 1201 fidem
1642 1162 1747 1200 suam
1768 1162 1914 1215 populo

520 1226 698 1262 Romano
731 1234 952 1277 promptam
972 1225 1260 1278 expositamque
1292 1227 1520 1279 praebuerit:
1553 1228 1622 1280 qui
1653 1228 1704 1266 ita
1729 1227 1853 1280 justus
1877 1235 1915 1265 et

520 1292 643 1328 bonus
667 1291 723 1328 vir
743 1290 809 1334 est,
832 1300 875 1328 ut
896 1300 1040 1336 natura,
1065 1305 1139 1329 non
1160 1292 1375 1344 disciplina,
1408 1293 1603 1331 consultus
1624 1293 1694 1331 effe
1714 1294 1913 1332 videatur:

519 1357 572 1395 ita
592 1357 736 1410 peritus
758 1370 799 1394 ac
822 1357 1001 1409 prudens,
1031 1367 1074 1395 ut
1094 1371 1139 1396 ex
1155 1359 1242 1410 jure
1262 1359 1368 1396 civili
1390 1374 1466 1397 non
1488 1359 1644 1398 scientia
1664 1360 1789 1398 solum
1806 1374 1914 1413 quae-

520 1424 624 1468 dam,
648 1437 779 1461 verum
803 1423 919 1461 etiam
941 1424 1104 1469 bonitas,
1139 1433 1227 1462 nata
1247 1424 1416 1463 videatur
1434 1441 1442 1464 :
1475 1427 1584 1479 cujus
1606 1435 1758 1465 tantum
1778 1427 1832 1465 est
1851 1427 1916 1465 in-

520 1491 695 1542 genium,
718 1489 770 1526 ita
790 1499 969 1542 prompta
985 1489 1091 1535 fides,
1108 1500 1164 1535 ut,
1187 1490 1381 1543 quidquid
1402 1492 1492 1529 inde
1512 1492 1677 1537 haurias,
1700 1506 1842 1545 purum
1864 1493 1915 1531 li-

521 1556 766 1608 quidumque
788 1564 823 1593 te
843 1554 995 1593 haurire
1016 1556 1164 1595 sentias.
1199 1558 1328 1609 Qare
1348 1571 1597 1611 permagnam
1626 1558 1732 1597 initis
1762 1572 1783 1596 a
1802 1559 1915 1598 nobis

521 1623 698 1675 gratiam,
719 1636 812 1660 cum
833 1636 923 1660 eum
945 1625 1139 1662 austorem
1161 1623 1291 1662 nostrae
1312 1624 1539 1663 defensionis
1558 1625 1628 1663 effe
1649 1625 1791 1664 dicitis.
1814 1625 1919 1664 Illud

522 1699 651 1727 autem
681 1690 813 1734 miror,
849 1703 918 1727 cur
949 1703 1015 1728 vos
1050 1690 1359 1743 aliquid-contra
1386 1706 1448 1729 me
1478 1692 1615 1730 sentire
1643 1692 1793 1737 dicatis,
1825 1705 1918 1731 cum

522 1770 611 1793 eum
633 1758 825 1794 auctorem
847 1769 912 1794 vos
935 1770 1003 1809 pro
1032 1771 1095 1795 me
1122 1758 1349 1810 appelleti55
1383 1759 1555 1797 nostrum
1588 1759 1813 1797 nominetis.
1836 1760 1918 1797 Ve-

523 1832 727 1860 runtamen
759 1822 853 1874 quid
874 1823 925 1860 ait
946 1823 1013 1860 iste
1034 1824 1157 1861 noster
1177 1826 1308 1862 anaor
1327 1825 1339 1862 ?
1374 1825 1587 1872 Omnibus,
1619 1825 1812 1878 quidquid
1833 1838 1918 1864 ver-

524 1889 582 1926 bis
603 1890 747 1932 a&um‚
766 1889 1139 1941 pronuntiatumque
1159 1890 1217 1935 fit,
1239 1892 1434 1930 convenit.

579 1954 773 1991 XXVIII.
807 1954 894 2006 Ego
924 1968 970 1992 ex
992 1954 1062 1992 isto
1088 1969 1225 2008 genere
1244 1956 1509 1995 consultorum
1530 1971 1607 1996 non
1630 1957 1845 2003 nominem,
1877 1966 1920 1996 ut

524 2021 675 2073 opinor,
698 2020 812 2058 istum
834 2020 975 2073 ipsum,
994 2036 1073 2074 quo
1092 2035 1159 2060 nos
1180 2025 1332 2061 auctore
1353 2038 1433 2062 rem
1454 2024 1562 2063 istam
1584 2038 1706 2078 agere,
1726 2034 1764 2063 et
1784 2024 1921 2064 defen-

525 2088 669 2125 sionem
691 2086 807 2124 causae
826 2087 1068 2133 constituere,
1102 2102 1168 2127 vos
1189 2089 1331 2128 dicitis.
1365 2090 1462 2142 Qi,
1494 2105 1587 2129 cum
1608 2091 1718 2130 istam
1750 2090 1922 2144 disputa-

526 2154 673 2192 tionem
696 2166 852 2191 mecum
874 2154 1057 2206 ingreffus
1078 2155 1180 2201 effet,
1203 2170 1280 2194 non
1301 2156 1402 2210 poffe
1421 2158 1573 2210 probari
1595 2171 1834 2211 quemquam
1850 2157 1923 2196 effe

526 2219 731 2272 dejectum,
752 2219 819 2257 nifi
841 2233 888 2258 ex
908 2234 951 2258 eo
972 2221 1073 2267 loco,
1102 2222 1142 2260 in
1163 2236 1242 2275 quo
1261 2221 1415 2269 fuifl‘et5
1448 2238 1530 2262 rem
1551 2233 1589 2262 et
1610 2224 1837 2262 sententiam
1857 2223 1921 2262 in-

527 2285 680 2323 terdicti
712 2298 869 2323 mecum
904 2284 1026 2324 facere
1045 2286 1247 2334 fatebatur,
1279 2289 1394 2327 verbo
1426 2303 1489 2328 me
1520 2289 1675 2328 excludi
1694 2289 1872 2335 dicebat;
1903 2302 1924 2327 a

527 2352 645 2389 verbo
665 2360 793 2389 autem
816 2351 917 2404 poffe
939 2352 1063 2391 recedi
1084 2367 1161 2391 non
1182 2355 1447 2393 arbitrabatur.
1472 2356 1577 2393 Cum
1591 2355 1778 2407 exemplis
1800 2364 1925 2393 uterer

529 2417 678 2460 multis,
700 2417 817 2454 etiam
838 2417 904 2455 illa
924 2419 1081 2457 materia
1102 2419 1304 2472 aequitatis,
1331 2421 1377 2458 ab
1397 2420 1514 2458 verbo
1534 2429 1571 2458 et
1591 2420 1638 2458 ab
1659 2420 1812 2473 scripto,
1831 2420 1922 2473 plu-

528 2482 637 2520 rimis
653 2481 748 2536 saepe
764 2483 803 2521 in
821 2484 947 2529 rebus,
959 2484 1024 2538 jus
1042 2495 1079 2525 et
1096 2485 1196 2539 aequi
1213 2485 1383 2540 bonique
1401 2487 1588 2526 rationem
1604 2485 1675 2526 effe
1690 2486 1920 2539 sejunctam3
