<?xml version="1.0" encoding="UTF-8"?>
<!DOCTYPE html PUBLIC "-//W3C//DTD XHTML 1.0 Transitional//EN"
    "http://www.w3.org/TR/xhtml1/DTD/xhtml1-transitional.dtd">
<html xmlns="http://www.w3.org/1999/xhtml" xml:lang="en" lang="en">
 <head>
  <title>
</title>
<meta http-equiv="Content-Type" content="text/html;charset=utf-8" />
  <meta name='ocr-system' content='tesseract 3.04.00' />
  <meta name='ocr-capabilities' content='ocr_page ocr_carea ocr_par ocr_line ocrx_word'/>
</head>
<body>
  <div class='ocr_page' id='page_1' title='image "./operacumindicibu04ciceuoft_0418.png"; bbox 0 0 2201 2792; ppageno 0'>
   <div class='ocr_carea' id='block_1_1' title="bbox 521 163 1500 219">
    <p class='ocr_par' dir='ltr' id='par_1_1' title="bbox 521 163 1500 219">
     <span class='ocr_line' id='line_1_1' title="bbox 521 163 1500 219; baseline -0.001 -16"><span class='ocrx_word' id='word_1_1' title='bbox 521 163 596 219; x_wconf 85' lang='lat'>398</span> <span class='ocrx_word' id='word_1_2' title='bbox 944 163 1046 202; x_wconf 93' lang='lat' dir='ltr'>IN</span> <span class='ocrx_word' id='word_1_3' title='bbox 1118 163 1500 203; x_wconf 89' lang='lat' dir='ltr'>VERREM</span> 
     </span>
    </p>
   </div>
   <div class='ocr_carea' id='block_1_2' title="bbox 514 262 1919 2508">
    <p class='ocr_par' dir='ltr' id='par_1_2' title="bbox 516 262 1909 375">
     <span class='ocr_line' id='line_1_2' title="bbox 516 262 1909 317; baseline 0 -15"><span class='ocrx_word' id='word_1_4' title='bbox 516 264 638 317; x_wconf 84' lang='lat' dir='ltr'>igitur</span> <span class='ocrx_word' id='word_1_5' title='bbox 672 264 705 302; x_wconf 89' lang='lat' dir='ltr'>ei</span> <span class='ocrx_word' id='word_1_6' title='bbox 741 263 900 317; x_wconf 87' lang='lat' dir='ltr'>reliqua,</span> <span class='ocrx_word' id='word_1_7' title='bbox 932 264 1001 316; x_wconf 87' lang='lat' dir='ltr'>qui</span> <span class='ocrx_word' id='word_1_8' title='bbox 1031 264 1261 317; x_wconf 83' lang='lat' dir='ltr'>indignitate</span> <span class='ocrx_word' id='word_1_9' title='bbox 1295 263 1432 309; x_wconf 90' lang='lat' dir='ltr'>servos,</span> <span class='ocrx_word' id='word_1_10' title='bbox 1465 262 1679 302; x_wconf 79' lang='lat' dir='ltr'>temeritate</span> <span class='ocrx_word' id='word_1_11' title='bbox 1710 262 1909 317; x_wconf 83' lang='lat' dir='ltr'>fugitivos,</span> 
     </span>
     <span class='ocr_line' id='line_1_3' title="bbox 516 328 1441 375; baseline -0.002 -7"><span class='ocrx_word' id='word_1_12' title='bbox 516 330 653 369; x_wconf 85' lang='lat' dir='ltr'>scelere</span> <span class='ocrx_word' id='word_1_13' title='bbox 675 330 866 375; x_wconf 83' lang='lat' dir='ltr'>barbaros,</span> <span class='ocrx_word' id='word_1_14' title='bbox 888 329 1114 368; x_wconf 86' lang='lat' dir='ltr'>crudelitate</span> <span class='ocrx_word' id='word_1_15' title='bbox 1133 328 1256 368; x_wconf 87' lang='lat' dir='ltr'>hostes</span> <span class='ocrx_word' id='word_1_16' title='bbox 1278 330 1410 367; x_wconf 89' lang='lat' dir='ltr'>vicerit</span> <span class='ocrx_word' id='word_1_17' title='bbox 1429 330 1441 366; x_wconf 86' lang='lat'>?</span> 
     </span>
    </p>

    <p class='ocr_par' dir='ltr' id='par_1_3' title="bbox 515 396 1916 1499">
     <span class='ocr_line' id='line_1_4' title="bbox 573 396 1911 442; baseline -0.002 -6"><span class='ocrx_word' id='word_1_18' title='bbox 573 398 643 436; x_wconf 93' lang='lat' dir='ltr'>LI.</span> <span class='ocrx_word' id='word_1_19' title='bbox 676 397 848 435; x_wconf 80' lang='lat' dir='ltr'>Audistis</span> <span class='ocrx_word' id='word_1_20' title='bbox 869 396 1140 440; x_wconf 86' lang='lat' dir='ltr'>Theodorum,</span> <span class='ocrx_word' id='word_1_21' title='bbox 1166 405 1203 433; x_wconf 87' lang='lat' dir='ltr'>et</span> <span class='ocrx_word' id='word_1_22' title='bbox 1223 396 1480 441; x_wconf 87' lang='lat' dir='ltr'>Numinium,</span> <span class='ocrx_word' id='word_1_23' title='bbox 1511 405 1549 434; x_wconf 89' lang='lat' dir='ltr'>et</span> <span class='ocrx_word' id='word_1_24' title='bbox 1569 396 1831 442; x_wconf 76' lang='lat' dir='ltr'>Nicasionem,</span> <span class='ocrx_word' id='word_1_25' title='bbox 1853 396 1911 433; x_wconf 92' lang='lat' dir='ltr'>le-</span> 
     </span>
     <span class='ocr_line' id='line_1_5' title="bbox 517 461 1914 517; baseline -0.002 -15"><span class='ocrx_word' id='word_1_26' title='bbox 517 473 624 517; x_wconf 87' lang='lat' dir='ltr'>gatos</span> <span class='ocrx_word' id='word_1_27' title='bbox 657 463 867 508; x_wconf 82' lang='lat' dir='ltr'>EnnenseS,</span> <span class='ocrx_word' id='word_1_28' title='bbox 904 463 1061 515; x_wconf 90' lang='lat' dir='ltr'>publice</span> <span class='ocrx_word' id='word_1_29' title='bbox 1081 462 1221 507; x_wconf 80' lang='lat' dir='ltr'>dicere,</span> <span class='ocrx_word' id='word_1_30' title='bbox 1253 461 1326 500; x_wconf 90' lang='lat' dir='ltr'>sese</span> <span class='ocrx_word' id='word_1_31' title='bbox 1356 476 1376 500; x_wconf 89' lang='lat' dir='ltr'>a</span> <span class='ocrx_word' id='word_1_32' title='bbox 1397 461 1470 500; x_wconf 90' lang='lat' dir='ltr'>suis</span> <span class='ocrx_word' id='word_1_33' title='bbox 1502 463 1651 501; x_wconf 83' lang='lat' dir='ltr'>civibus</span> <span class='ocrx_word' id='word_1_34' title='bbox 1671 462 1754 501; x_wconf 84' lang='lat' dir='ltr'>haec</span> <span class='ocrx_word' id='word_1_35' title='bbox 1774 462 1914 501; x_wconf 90' lang='lat' dir='ltr'>habere</span> 
     </span>
     <span class='ocr_line' id='line_1_6' title="bbox 516 529 1912 574; baseline -0.002 -5"><span class='ocrx_word' id='word_1_36' title='bbox 516 531 708 574; x_wconf 80' lang='lat' dir='ltr'>mandata,</span> <span class='ocrx_word' id='word_1_37' title='bbox 739 539 782 567; x_wconf 93' lang='lat' dir='ltr'>ut</span> <span class='ocrx_word' id='word_1_38' title='bbox 816 530 861 567; x_wconf 84' lang='lat' dir='ltr'>ad</span> <span class='ocrx_word' id='word_1_39' title='bbox 882 530 1044 567; x_wconf 88' lang='lat' dir='ltr'>Verrem</span> <span class='ocrx_word' id='word_1_40' title='bbox 1077 529 1238 574; x_wconf 86' lang='lat' dir='ltr'>adirent,</span> <span class='ocrx_word' id='word_1_41' title='bbox 1270 538 1308 567; x_wconf 91' lang='lat' dir='ltr'>et</span> <span class='ocrx_word' id='word_1_42' title='bbox 1342 542 1434 567; x_wconf 91' lang='lat' dir='ltr'>eum</span> <span class='ocrx_word' id='word_1_43' title='bbox 1469 529 1715 567; x_wconf 82' lang='lat' dir='ltr'>fimulacrum</span> <span class='ocrx_word' id='word_1_44' title='bbox 1748 529 1912 573; x_wconf 89' lang='lat' dir='ltr'>Cereris,</span> 
     </span>
     <span class='ocr_line' id='line_1_7' title="bbox 516 594 1913 649; baseline -0.001 -14"><span class='ocrx_word' id='word_1_45' title='bbox 516 606 554 635; x_wconf 87' lang='lat' dir='ltr'>et</span> <span class='ocrx_word' id='word_1_46' title='bbox 574 597 754 635; x_wconf 65' lang='lat' dir='ltr'>Vicitoriae</span> <span class='ocrx_word' id='word_1_47' title='bbox 775 596 1024 649; x_wconf 85' lang='lat' dir='ltr'>reposcerent.</span> <span class='ocrx_word' id='word_1_48' title='bbox 1057 595 1102 633; x_wconf 90' lang='lat' dir='ltr'>Id</span> <span class='ocrx_word' id='word_1_49' title='bbox 1134 595 1159 634; x_wconf 89' lang='lat' dir='ltr'><strong>fi</strong></span> <span class='ocrx_word' id='word_1_50' title='bbox 1191 594 1466 649; x_wconf 68' lang='lat' dir='ltr'>impetrassent,</span> <span class='ocrx_word' id='word_1_51' title='bbox 1504 605 1589 633; x_wconf 88' lang='lat' dir='ltr'>tum</span> <span class='ocrx_word' id='word_1_52' title='bbox 1611 604 1654 633; x_wconf 91' lang='lat' dir='ltr'>ut</span> <span class='ocrx_word' id='word_1_53' title='bbox 1675 608 1826 633; x_wconf 87' lang='lat' dir='ltr'>morem</span> <span class='ocrx_word' id='word_1_54' title='bbox 1845 608 1913 633; x_wconf 86' lang='lat' dir='ltr'>ve-</span> 
     </span>
     <span class='ocr_line' id='line_1_8' title="bbox 516 659 1913 714; baseline -0.001 -14"><span class='ocrx_word' id='word_1_55' title='bbox 516 672 637 700; x_wconf 85' lang='lat' dir='ltr'>terem</span> <span class='ocrx_word' id='word_1_56' title='bbox 659 662 897 701; x_wconf 83' lang='lat' dir='ltr'>Ennenfium</span> <span class='ocrx_word' id='word_1_57' title='bbox 918 661 1179 700; x_wconf 86' lang='lat' dir='ltr'>conservarent</span> <span class='ocrx_word' id='word_1_58' title='bbox 1196 680 1208 706; x_wconf 88' lang='lat'>;</span> <span class='ocrx_word' id='word_1_59' title='bbox 1240 661 1395 714; x_wconf 89' lang='lat' dir='ltr'>publice</span> <span class='ocrx_word' id='word_1_60' title='bbox 1417 661 1456 698; x_wconf 92' lang='lat' dir='ltr'>in</span> <span class='ocrx_word' id='word_1_61' title='bbox 1481 675 1572 699; x_wconf 89' lang='lat' dir='ltr'>eum</span> <span class='ocrx_word' id='word_1_62' title='bbox 1596 661 1762 713; x_wconf 80' lang='lat' dir='ltr'>(tametfi</span> <span class='ocrx_word' id='word_1_63' title='bbox 1783 659 1913 699; x_wconf 84' lang='lat' dir='ltr'>vexas-</span> 
     </span>
     <span class='ocr_line' id='line_1_9' title="bbox 517 727 1913 780; baseline -0.001 -13"><span class='ocrx_word' id='word_1_64' title='bbox 517 729 570 767; x_wconf 86' lang='lat' dir='ltr'>set</span> <span class='ocrx_word' id='word_1_65' title='bbox 592 729 779 780; x_wconf 85' lang='lat' dir='ltr'>Siciliam)</span> <span class='ocrx_word' id='word_1_66' title='bbox 803 738 947 772; x_wconf 87' lang='lat' dir='ltr'>tamen,</span> <span class='ocrx_word' id='word_1_67' title='bbox 979 729 1164 780; x_wconf 87' lang='lat' dir='ltr'>quoniam</span> <span class='ocrx_word' id='word_1_68' title='bbox 1184 727 1266 766; x_wconf 82' lang='lat' dir='ltr'>haec</span> <span class='ocrx_word' id='word_1_69' title='bbox 1287 741 1307 765; x_wconf 84' lang='lat' dir='ltr'>a</span> <span class='ocrx_word' id='word_1_70' title='bbox 1326 728 1535 779; x_wconf 80' lang='lat' dir='ltr'>majoribus</span> <span class='ocrx_word' id='word_1_71' title='bbox 1567 727 1774 766; x_wconf 89' lang='lat' dir='ltr'>constituta</span> <span class='ocrx_word' id='word_1_72' title='bbox 1803 740 1913 765; x_wconf 88' lang='lat' dir='ltr'>acce-</span> 
     </span>
     <span class='ocr_line' id='line_1_10' title="bbox 517 793 1913 849; baseline -0.001 -16"><span class='ocrx_word' id='word_1_73' title='bbox 517 795 667 849; x_wconf 83' lang='lat' dir='ltr'>piffent‚</span> <span class='ocrx_word' id='word_1_74' title='bbox 690 795 956 833; x_wconf 87' lang='lat' dir='ltr'>testimonium</span> <span class='ocrx_word' id='word_1_75' title='bbox 978 808 1024 832; x_wconf 90' lang='lat' dir='ltr'>ne</span> <span class='ocrx_word' id='word_1_76' title='bbox 1045 794 1150 846; x_wconf 90' lang='lat' dir='ltr'>quod</span> <span class='ocrx_word' id='word_1_77' title='bbox 1170 795 1354 832; x_wconf 79' lang='lat' dir='ltr'>dicerent.</span> <span class='ocrx_word' id='word_1_78' title='bbox 1388 794 1451 832; x_wconf 85' lang='lat' dir='ltr'>Sin</span> <span class='ocrx_word' id='word_1_79' title='bbox 1473 804 1604 832; x_wconf 77' lang='lat' dir='ltr'>autem</span> <span class='ocrx_word' id='word_1_80' title='bbox 1624 808 1666 832; x_wconf 90' lang='lat' dir='ltr'>ea</span> <span class='ocrx_word' id='word_1_81' title='bbox 1686 808 1763 832; x_wconf 91' lang='lat' dir='ltr'>non</span> <span class='ocrx_word' id='word_1_82' title='bbox 1783 793 1913 831; x_wconf 91' lang='lat' dir='ltr'>reddi-</span> 
     </span>
     <span class='ocr_line' id='line_1_11' title="bbox 517 860 1914 913; baseline -0.002 -13"><span class='ocrx_word' id='word_1_83' title='bbox 517 862 638 907; x_wconf 76' lang='lat' dir='ltr'>disset,</span> <span class='ocrx_word' id='word_1_84' title='bbox 671 871 755 899; x_wconf 85' lang='lat' dir='ltr'>tum</span> <span class='ocrx_word' id='word_1_85' title='bbox 777 870 820 899; x_wconf 88' lang='lat' dir='ltr'>ut</span> <span class='ocrx_word' id='word_1_86' title='bbox 845 861 996 913; x_wconf 88' lang='lat' dir='ltr'>judicio</span> <span class='ocrx_word' id='word_1_87' title='bbox 1023 861 1202 906; x_wconf 78' lang='lat' dir='ltr'>adessent,</span> <span class='ocrx_word' id='word_1_88' title='bbox 1234 870 1320 899; x_wconf 88' lang='lat' dir='ltr'>tum</span> <span class='ocrx_word' id='word_1_89' title='bbox 1340 861 1398 899; x_wconf 91' lang='lat' dir='ltr'>uti</span> <span class='ocrx_word' id='word_1_90' title='bbox 1418 861 1464 898; x_wconf 91' lang='lat' dir='ltr'>de</span> <span class='ocrx_word' id='word_1_91' title='bbox 1485 862 1565 913; x_wconf 86' lang='lat' dir='ltr'>ejus</span> <span class='ocrx_word' id='word_1_92' title='bbox 1585 861 1734 913; x_wconf 86' lang='lat' dir='ltr'>injuriis</span> <span class='ocrx_word' id='word_1_93' title='bbox 1763 860 1914 912; x_wconf 84' lang='lat' dir='ltr'>judices</span> 
     </span>
     <span class='ocr_line' id='line_1_12' title="bbox 517 926 1914 980; baseline -0.002 -13"><span class='ocrx_word' id='word_1_94' title='bbox 517 930 711 972; x_wconf 80' lang='lat' dir='ltr'>docerent,</span> <span class='ocrx_word' id='word_1_95' title='bbox 746 928 807 966; x_wconf 87' lang='lat' dir='ltr'>sed</span> <span class='ocrx_word' id='word_1_96' title='bbox 842 928 968 966; x_wconf 87' lang='lat' dir='ltr'>multo</span> <span class='ocrx_word' id='word_1_97' title='bbox 1003 928 1173 966; x_wconf 86' lang='lat' dir='ltr'>maxime</span> <span class='ocrx_word' id='word_1_98' title='bbox 1207 927 1254 965; x_wconf 88' lang='lat' dir='ltr'>de</span> <span class='ocrx_word' id='word_1_99' title='bbox 1287 927 1469 980; x_wconf 82' lang='lat' dir='ltr'>religione</span> <span class='ocrx_word' id='word_1_100' title='bbox 1503 936 1765 978; x_wconf 86' lang='lat' dir='ltr'>quererentur.</span> <span class='ocrx_word' id='word_1_101' title='bbox 1807 926 1914 978; x_wconf 83' lang='lat' dir='ltr'>Qas</span> 
     </span>
     <span class='ocr_line' id='line_1_13' title="bbox 517 992 1914 1047; baseline -0.002 -14"><span class='ocrx_word' id='word_1_102' title='bbox 517 996 676 1033; x_wconf 82' lang='lat' dir='ltr'>illorum</span> <span class='ocrx_word' id='word_1_103' title='bbox 713 994 972 1047; x_wconf 84' lang='lat' dir='ltr'>querimonias</span> <span class='ocrx_word' id='word_1_104' title='bbox 1008 995 1141 1038; x_wconf 90' lang='lat' dir='ltr'>nolite,</span> <span class='ocrx_word' id='word_1_105' title='bbox 1175 1007 1242 1046; x_wconf 89' lang='lat' dir='ltr'>per</span> <span class='ocrx_word' id='word_1_106' title='bbox 1273 995 1377 1032; x_wconf 83' lang='lat' dir='ltr'>Deos</span> <span class='ocrx_word' id='word_1_107' title='bbox 1409 993 1662 1038; x_wconf 83' lang='lat' dir='ltr'>immortales,</span> <span class='ocrx_word' id='word_1_108' title='bbox 1698 992 1885 1046; x_wconf 84' lang='lat' dir='ltr'>aspernari</span> <span class='ocrx_word' id='word_1_109' title='bbox 1901 1010 1914 1037; x_wconf 81' lang='lat'>3</span> 
     </span>
     <span class='ocr_line' id='line_1_14' title="bbox 516 1060 1915 1113; baseline -0.002 -13"><span class='ocrx_word' id='word_1_110' title='bbox 516 1063 636 1100; x_wconf 88' lang='lat' dir='ltr'>nolite</span> <span class='ocrx_word' id='word_1_111' title='bbox 657 1071 918 1106; x_wconf 86' lang='lat' dir='ltr'>contemnere,</span> <span class='ocrx_word' id='word_1_112' title='bbox 936 1074 978 1098; x_wconf 84' lang='lat' dir='ltr'>ac</span> <span class='ocrx_word' id='word_1_113' title='bbox 999 1061 1206 1113; x_wconf 85' lang='lat' dir='ltr'>negligere,</span> <span class='ocrx_word' id='word_1_114' title='bbox 1224 1060 1396 1112; x_wconf 87' lang='lat' dir='ltr'>Judices.</span> <span class='ocrx_word' id='word_1_115' title='bbox 1420 1062 1605 1113; x_wconf 85' lang='lat' dir='ltr'>Aguntur</span> <span class='ocrx_word' id='word_1_116' title='bbox 1623 1061 1770 1112; x_wconf 85' lang='lat' dir='ltr'>injuriae</span> <span class='ocrx_word' id='word_1_117' title='bbox 1791 1060 1915 1097; x_wconf 90' lang='lat' dir='ltr'>socio-</span> 
     </span>
     <span class='ocr_line' id='line_1_15' title="bbox 516 1126 1916 1180; baseline -0.003 -13"><span class='ocrx_word' id='word_1_118' title='bbox 516 1143 628 1167; x_wconf 86' lang='lat' dir='ltr'>rum:</span> <span class='ocrx_word' id='word_1_119' title='bbox 661 1129 787 1180; x_wconf 79' lang='lat' dir='ltr'>agitur</span> <span class='ocrx_word' id='word_1_120' title='bbox 806 1129 862 1166; x_wconf 89' lang='lat' dir='ltr'>vis</span> <span class='ocrx_word' id='word_1_121' title='bbox 884 1127 1044 1180; x_wconf 88' lang='lat' dir='ltr'>legum:</span> <span class='ocrx_word' id='word_1_122' title='bbox 1077 1127 1203 1179; x_wconf 86' lang='lat' dir='ltr'>agitur</span> <span class='ocrx_word' id='word_1_123' title='bbox 1228 1127 1472 1171; x_wconf 85' lang='lat' dir='ltr'>existimatio,</span> <span class='ocrx_word' id='word_1_124' title='bbox 1506 1126 1716 1178; x_wconf 85' lang='lat' dir='ltr'>veritasque</span> <span class='ocrx_word' id='word_1_125' title='bbox 1742 1126 1916 1178; x_wconf 85' lang='lat' dir='ltr'>judicio-</span> 
     </span>
     <span class='ocr_line' id='line_1_16' title="bbox 516 1193 1915 1246; baseline -0.001 -14"><span class='ocrx_word' id='word_1_126' title='bbox 516 1209 618 1233; x_wconf 85' lang='lat' dir='ltr'>rum.</span> <span class='ocrx_word' id='word_1_127' title='bbox 687 1209 741 1232; x_wconf 82' lang='lat' dir='ltr'>uae</span> <span class='ocrx_word' id='word_1_128' title='bbox 762 1194 848 1231; x_wconf 84' lang='lat' dir='ltr'>sunt</span> <span class='ocrx_word' id='word_1_129' title='bbox 865 1194 997 1232; x_wconf 88' lang='lat' dir='ltr'>omnia</span> <span class='ocrx_word' id='word_1_130' title='bbox 1016 1207 1247 1246; x_wconf 51' lang='lat' dir='ltr'>permagna-5</span> <span class='ocrx_word' id='word_1_131' title='bbox 1271 1207 1405 1231; x_wconf 86' lang='lat' dir='ltr'>verum</span> <span class='ocrx_word' id='word_1_132' title='bbox 1425 1193 1524 1230; x_wconf 88' lang='lat' dir='ltr'>illud</span> <span class='ocrx_word' id='word_1_133' title='bbox 1544 1194 1787 1231; x_wconf 86' lang='lat' dir='ltr'>maximum:</span> <span class='ocrx_word' id='word_1_134' title='bbox 1812 1201 1915 1230; x_wconf 87' lang='lat' dir='ltr'>tanta</span> 
     </span>
     <span class='ocr_line' id='line_1_17' title="bbox 515 1259 1914 1314; baseline -0.002 -14"><span class='ocrx_word' id='word_1_135' title='bbox 515 1263 700 1314; x_wconf 80' lang='lat' dir='ltr'>religione</span> <span class='ocrx_word' id='word_1_136' title='bbox 719 1261 896 1299; x_wconf 64' lang='lat' dir='ltr'>obstrista</span> <span class='ocrx_word' id='word_1_137' title='bbox 917 1269 997 1298; x_wconf 90' lang='lat' dir='ltr'>tota</span> <span class='ocrx_word' id='word_1_138' title='bbox 1025 1261 1222 1312; x_wconf 84' lang='lat' dir='ltr'>provincia</span> <span class='ocrx_word' id='word_1_139' title='bbox 1241 1260 1320 1304; x_wconf 70' lang='lat' dir='ltr'>est,</span> <span class='ocrx_word' id='word_1_140' title='bbox 1353 1268 1457 1297; x_wconf 89' lang='lat' dir='ltr'>tanta</span> <span class='ocrx_word' id='word_1_141' title='bbox 1488 1259 1700 1312; x_wconf 89' lang='lat' dir='ltr'>superstitio</span> <span class='ocrx_word' id='word_1_142' title='bbox 1731 1273 1778 1297; x_wconf 79' lang='lat' dir='ltr'>ex</span> <span class='ocrx_word' id='word_1_143' title='bbox 1807 1259 1914 1297; x_wconf 89' lang='lat' dir='ltr'>istius</span> 
     </span>
     <span class='ocr_line' id='line_1_18' title="bbox 515 1326 1913 1378; baseline -0.003 -12"><span class='ocrx_word' id='word_1_144' title='bbox 515 1327 617 1366; x_wconf 56' lang='lat' dir='ltr'>fauo</span> <span class='ocrx_word' id='word_1_145' title='bbox 637 1336 785 1365; x_wconf 83' lang='lat' dir='ltr'>mentes</span> <span class='ocrx_word' id='word_1_146' title='bbox 807 1327 985 1365; x_wconf 90' lang='lat' dir='ltr'>omnium</span> <span class='ocrx_word' id='word_1_147' title='bbox 1009 1326 1228 1364; x_wconf 86' lang='lat' dir='ltr'>Siculorum</span> <span class='ocrx_word' id='word_1_148' title='bbox 1248 1326 1468 1378; x_wconf 87' lang='lat' dir='ltr'>occupavit,</span> <span class='ocrx_word' id='word_1_149' title='bbox 1502 1335 1558 1370; x_wconf 88' lang='lat' dir='ltr'>ut,</span> <span class='ocrx_word' id='word_1_150' title='bbox 1587 1338 1828 1377; x_wconf 83' lang='lat' dir='ltr'>quaecunque</span> <span class='ocrx_word' id='word_1_151' title='bbox 1848 1338 1913 1362; x_wconf 88' lang='lat' dir='ltr'>ac-</span> 
     </span>
     <span class='ocr_line' id='line_1_19' title="bbox 515 1391 1915 1447; baseline -0.001 -15"><span class='ocrx_word' id='word_1_152' title='bbox 515 1395 645 1432; x_wconf 88' lang='lat' dir='ltr'>cidant</span> <span class='ocrx_word' id='word_1_153' title='bbox 676 1394 846 1447; x_wconf 89' lang='lat' dir='ltr'>publice,</span> <span class='ocrx_word' id='word_1_154' title='bbox 879 1393 939 1431; x_wconf 90' lang='lat' dir='ltr'>vel</span> <span class='ocrx_word' id='word_1_155' title='bbox 969 1392 1152 1446; x_wconf 85' lang='lat' dir='ltr'>privatim</span> <span class='ocrx_word' id='word_1_156' title='bbox 1185 1391 1448 1437; x_wconf 86' lang='lat' dir='ltr'>incommoda,</span> <span class='ocrx_word' id='word_1_157' title='bbox 1469 1401 1625 1446; x_wconf 88' lang='lat' dir='ltr'>propter</span> <span class='ocrx_word' id='word_1_158' title='bbox 1645 1405 1729 1430; x_wconf 81' lang='lat' dir='ltr'>eam</span> <span class='ocrx_word' id='word_1_159' title='bbox 1763 1391 1915 1430; x_wconf 87' lang='lat' dir='ltr'>causam</span> 
     </span>
     <span class='ocr_line' id='line_1_20' title="bbox 516 1459 1182 1499; baseline -0.002 0"><span class='ocrx_word' id='word_1_160' title='bbox 516 1461 653 1499; x_wconf 86' lang='lat' dir='ltr'>scelere</span> <span class='ocrx_word' id='word_1_161' title='bbox 673 1460 779 1498; x_wconf 90' lang='lat' dir='ltr'>istius</span> <span class='ocrx_word' id='word_1_162' title='bbox 800 1459 950 1498; x_wconf 90' lang='lat' dir='ltr'>evenire</span> <span class='ocrx_word' id='word_1_163' title='bbox 970 1459 1182 1498; x_wconf 87' lang='lat' dir='ltr'>videantur.</span> 
     </span>
    </p>

    <p class='ocr_par' dir='ltr' id='par_1_4' title="bbox 514 1525 1919 2508">
     <span class='ocr_line' id='line_1_21' title="bbox 570 1525 1913 1580; baseline -0.001 -15"><span class='ocrx_word' id='word_1_164' title='bbox 570 1527 757 1572; x_wconf 88' lang='lat' dir='ltr'>Audistis,</span> <span class='ocrx_word' id='word_1_165' title='bbox 792 1527 1082 1580; x_wconf 88' lang='lat' dir='ltr'>Centuripinos,</span> <span class='ocrx_word' id='word_1_166' title='bbox 1113 1526 1384 1580; x_wconf 85' lang='lat' dir='ltr'>Agyrinenses,</span> <span class='ocrx_word' id='word_1_167' title='bbox 1417 1525 1653 1571; x_wconf 88' lang='lat' dir='ltr'>Catinenses,</span> <span class='ocrx_word' id='word_1_168' title='bbox 1696 1525 1913 1564; x_wconf 90' lang='lat' dir='ltr'>Herbiten-</span> 
     </span>
     <span class='ocr_line' id='line_1_22' title="bbox 515 1591 1915 1647; baseline -0.001 -15"><span class='ocrx_word' id='word_1_169' title='bbox 515 1595 584 1640; x_wconf 87' lang='lat' dir='ltr'>ses,</span> <span class='ocrx_word' id='word_1_170' title='bbox 616 1593 826 1639; x_wconf 83' lang='lat' dir='ltr'>Ennenses,</span> <span class='ocrx_word' id='word_1_171' title='bbox 868 1594 1090 1647; x_wconf 87' lang='lat' dir='ltr'>complures</span> <span class='ocrx_word' id='word_1_172' title='bbox 1123 1593 1230 1638; x_wconf 87' lang='lat' dir='ltr'>alios,</span> <span class='ocrx_word' id='word_1_173' title='bbox 1261 1593 1417 1646; x_wconf 90' lang='lat' dir='ltr'>publice</span> <span class='ocrx_word' id='word_1_174' title='bbox 1451 1593 1590 1638; x_wconf 89' lang='lat' dir='ltr'>dicere,</span> <span class='ocrx_word' id='word_1_175' title='bbox 1631 1606 1716 1645; x_wconf 85' lang='lat' dir='ltr'>quae</span> <span class='ocrx_word' id='word_1_176' title='bbox 1750 1591 1915 1630; x_wconf 89' lang='lat' dir='ltr'>solitudo</span> 
     </span>
     <span class='ocr_line' id='line_1_23' title="bbox 515 1657 1913 1713; baseline -0.002 -15"><span class='ocrx_word' id='word_1_177' title='bbox 515 1660 603 1699; x_wconf 83' lang='lat' dir='ltr'>effet</span> <span class='ocrx_word' id='word_1_178' title='bbox 623 1661 663 1698; x_wconf 90' lang='lat' dir='ltr'>in</span> <span class='ocrx_word' id='word_1_179' title='bbox 682 1660 795 1713; x_wconf 87' lang='lat' dir='ltr'>agris,</span> <span class='ocrx_word' id='word_1_180' title='bbox 833 1673 917 1712; x_wconf 85' lang='lat' dir='ltr'>quae</span> <span class='ocrx_word' id='word_1_181' title='bbox 939 1660 1101 1705; x_wconf 86' lang='lat' dir='ltr'>vastitas,</span> <span class='ocrx_word' id='word_1_182' title='bbox 1133 1673 1218 1712; x_wconf 86' lang='lat' dir='ltr'>quae</span> <span class='ocrx_word' id='word_1_183' title='bbox 1251 1658 1343 1712; x_wconf 86' lang='lat' dir='ltr'>fuga</span> <span class='ocrx_word' id='word_1_184' title='bbox 1369 1668 1575 1704; x_wconf 88' lang='lat' dir='ltr'>aratorum,</span> <span class='ocrx_word' id='word_1_185' title='bbox 1608 1671 1726 1711; x_wconf 87' lang='lat' dir='ltr'>quam</span> <span class='ocrx_word' id='word_1_186' title='bbox 1757 1657 1913 1702; x_wconf 90' lang='lat' dir='ltr'>deserta,</span> 
     </span>
     <span class='ocr_line' id='line_1_24' title="bbox 517 1714 1916 1779; baseline -0.001 -15"><span class='ocrx_word' id='word_1_187' title='bbox 517 1741 635 1779; x_wconf 85' lang='lat' dir='ltr'>quam</span> <span class='ocrx_word' id='word_1_188' title='bbox 656 1726 817 1772; x_wconf 89' lang='lat' dir='ltr'>inculta,</span> <span class='ocrx_word' id='word_1_189' title='bbox 847 1740 966 1779; x_wconf 89' lang='lat' dir='ltr'>quam</span> <span class='ocrx_word' id='word_1_190' title='bbox 988 1726 1117 1764; x_wconf 60' lang='lat' dir='ltr'>relicta</span> <span class='ocrx_word' id='word_1_191' title='bbox 1135 1714 1280 1764; x_wconf 85' lang='lat' dir='ltr'>omnia.</span> <span class='ocrx_word' id='word_1_192' title='bbox 1327 1727 1385 1764; x_wconf 89' lang='lat' dir='ltr'>Ea</span> <span class='ocrx_word' id='word_1_193' title='bbox 1404 1725 1550 1764; x_wconf 77' lang='lat' dir='ltr'>tametsi</span> <span class='ocrx_word' id='word_1_194' title='bbox 1573 1725 1679 1763; x_wconf 84' lang='lat' dir='ltr'>istius</span> <span class='ocrx_word' id='word_1_195' title='bbox 1709 1724 1845 1763; x_wconf 90' lang='lat' dir='ltr'>multis</span> <span class='ocrx_word' id='word_1_196' title='bbox 1876 1732 1916 1762; x_wconf 90' lang='lat' dir='ltr'>et</span> 
     </span>
     <span class='ocr_line' id='line_1_25' title="bbox 514 1791 1919 1845; baseline -0.002 -14"><span class='ocrx_word' id='word_1_197' title='bbox 514 1794 626 1842; x_wconf 84' lang='lat' dir='ltr'>variis</span> <span class='ocrx_word' id='word_1_198' title='bbox 659 1793 809 1845; x_wconf 84' lang='lat' dir='ltr'>injuriis</span> <span class='ocrx_word' id='word_1_199' title='bbox 844 1793 1094 1839; x_wconf 83' lang='lat' dir='ltr'>acciderunt;</span> <span class='ocrx_word' id='word_1_200' title='bbox 1142 1802 1269 1830; x_wconf 88' lang='lat' dir='ltr'>tamen</span> <span class='ocrx_word' id='word_1_201' title='bbox 1301 1791 1384 1831; x_wconf 81' lang='lat' dir='ltr'>haec</span> <span class='ocrx_word' id='word_1_202' title='bbox 1420 1806 1495 1831; x_wconf 89' lang='lat' dir='ltr'>una</span> <span class='ocrx_word' id='word_1_203' title='bbox 1524 1792 1632 1830; x_wconf 85' lang='lat' dir='ltr'>causa</span> <span class='ocrx_word' id='word_1_204' title='bbox 1666 1791 1707 1829; x_wconf 91' lang='lat' dir='ltr'>in</span> <span class='ocrx_word' id='word_1_205' title='bbox 1736 1791 1919 1844; x_wconf 88' lang='lat' dir='ltr'>opinione</span> 
     </span>
     <span class='ocr_line' id='line_1_26' title="bbox 517 1856 1912 1912; baseline -0.003 -14"><span class='ocrx_word' id='word_1_206' title='bbox 517 1860 735 1899; x_wconf 88' lang='lat' dir='ltr'>Siculorum</span> <span class='ocrx_word' id='word_1_207' title='bbox 756 1859 973 1912; x_wconf 83' lang='lat' dir='ltr'>plurimum</span> <span class='ocrx_word' id='word_1_208' title='bbox 994 1859 1108 1903; x_wconf 90' lang='lat' dir='ltr'>valet,</span> <span class='ocrx_word' id='word_1_209' title='bbox 1129 1859 1248 1911; x_wconf 87' lang='lat' dir='ltr'>quod,</span> <span class='ocrx_word' id='word_1_210' title='bbox 1284 1861 1422 1897; x_wconf 89' lang='lat' dir='ltr'>Cerere</span> <span class='ocrx_word' id='word_1_211' title='bbox 1442 1859 1593 1903; x_wconf 86' lang='lat' dir='ltr'>violata,</span> <span class='ocrx_word' id='word_1_212' title='bbox 1615 1871 1749 1895; x_wconf 89' lang='lat' dir='ltr'>omnes</span> <span class='ocrx_word' id='word_1_213' title='bbox 1770 1856 1912 1900; x_wconf 88' lang='lat' dir='ltr'>cultus,</span> 
     </span>
     <span class='ocr_line' id='line_1_27' title="bbox 515 1922 1915 1977; baseline -0.003 -14"><span class='ocrx_word' id='word_1_214' title='bbox 515 1925 738 1977; x_wconf 70' lang='lat' dir='ltr'>fructusque</span> <span class='ocrx_word' id='word_1_215' title='bbox 760 1925 908 1962; x_wconf 87' lang='lat' dir='ltr'>Cereris</span> <span class='ocrx_word' id='word_1_216' title='bbox 940 1924 980 1961; x_wconf 87' lang='lat' dir='ltr'>in</span> <span class='ocrx_word' id='word_1_217' title='bbox 1008 1923 1068 1961; x_wconf 90' lang='lat' dir='ltr'>his</span> <span class='ocrx_word' id='word_1_218' title='bbox 1102 1925 1196 1962; x_wconf 88' lang='lat' dir='ltr'>locis</span> <span class='ocrx_word' id='word_1_219' title='bbox 1218 1924 1397 1962; x_wconf 73' lang='lat' dir='ltr'>interiisse</span> <span class='ocrx_word' id='word_1_220' title='bbox 1418 1924 1661 1962; x_wconf 83' lang='lat' dir='ltr'>arbitrantur.</span> <span class='ocrx_word' id='word_1_221' title='bbox 1694 1922 1915 1960; x_wconf 89' lang='lat' dir='ltr'>Medemini</span> 
     </span>
     <span class='ocr_line' id='line_1_28' title="bbox 516 1987 1915 2043; baseline -0.002 -15"><span class='ocrx_word' id='word_1_222' title='bbox 516 1991 695 2043; x_wconf 84' lang='lat' dir='ltr'>religioni</span> <span class='ocrx_word' id='word_1_223' title='bbox 728 1990 933 2034; x_wconf 87' lang='lat' dir='ltr'>sociorum,</span> <span class='ocrx_word' id='word_1_224' title='bbox 969 1989 1154 2040; x_wconf 76' lang='lat' dir='ltr'>Judice53</span> <span class='ocrx_word' id='word_1_225' title='bbox 1186 1988 1402 2026; x_wconf 87' lang='lat' dir='ltr'>conservate</span> <span class='ocrx_word' id='word_1_226' title='bbox 1434 1989 1621 2027; x_wconf 85' lang='lat' dir='ltr'>vestram:</span> <span class='ocrx_word' id='word_1_227' title='bbox 1653 2001 1777 2039; x_wconf 89' lang='lat' dir='ltr'>neque</span> <span class='ocrx_word' id='word_1_228' title='bbox 1808 1987 1915 2025; x_wconf 87' lang='lat' dir='ltr'>enim</span> 
     </span>
     <span class='ocr_line' id='line_1_29' title="bbox 515 2053 1914 2108; baseline -0.003 -13"><span class='ocrx_word' id='word_1_229' title='bbox 515 2057 597 2095; x_wconf 78' lang='lat' dir='ltr'>haec</span> <span class='ocrx_word' id='word_1_230' title='bbox 618 2065 773 2094; x_wconf 84' lang='lat' dir='ltr'>externa</span> <span class='ocrx_word' id='word_1_231' title='bbox 793 2056 899 2094; x_wconf 80' lang='lat' dir='ltr'>vobis</span> <span class='ocrx_word' id='word_1_232' title='bbox 921 2056 973 2093; x_wconf 90' lang='lat' dir='ltr'>est</span> <span class='ocrx_word' id='word_1_233' title='bbox 995 2056 1142 2108; x_wconf 84' lang='lat' dir='ltr'>religio,</span> <span class='ocrx_word' id='word_1_234' title='bbox 1166 2069 1290 2108; x_wconf 89' lang='lat' dir='ltr'>neque</span> <span class='ocrx_word' id='word_1_235' title='bbox 1311 2055 1445 2094; x_wconf 87' lang='lat' dir='ltr'>aliena.</span> <span class='ocrx_word' id='word_1_236' title='bbox 1480 2055 1597 2106; x_wconf 83' lang='lat' dir='ltr'>Qod</span> <span class='ocrx_word' id='word_1_237' title='bbox 1618 2054 1643 2092; x_wconf 90' lang='lat' dir='ltr'>fi</span> <span class='ocrx_word' id='word_1_238' title='bbox 1664 2053 1765 2098; x_wconf 72' lang='lat' dir='ltr'>efi‘et,</span> <span class='ocrx_word' id='word_1_239' title='bbox 1788 2053 1812 2091; x_wconf 88' lang='lat' dir='ltr'><strong>fi</strong></span> <span class='ocrx_word' id='word_1_240' title='bbox 1834 2053 1914 2092; x_wconf 89' lang='lat' dir='ltr'>sus-</span> 
     </span>
     <span class='ocr_line' id='line_1_30' title="bbox 515 2119 1916 2176; baseline -0.004 -14"><span class='ocrx_word' id='word_1_241' title='bbox 515 2125 642 2176; x_wconf 84' lang='lat' dir='ltr'>cipere</span> <span class='ocrx_word' id='word_1_242' title='bbox 662 2136 745 2159; x_wconf 79' lang='lat' dir='ltr'>eam</span> <span class='ocrx_word' id='word_1_243' title='bbox 768 2121 919 2159; x_wconf 87' lang='lat' dir='ltr'>nolletis</span> <span class='ocrx_word' id='word_1_244' title='bbox 937 2140 948 2166; x_wconf 91' lang='lat'>;</span> <span class='ocrx_word' id='word_1_245' title='bbox 982 2131 1110 2160; x_wconf 84' lang='lat' dir='ltr'>tamen</span> <span class='ocrx_word' id='word_1_246' title='bbox 1131 2122 1172 2159; x_wconf 88' lang='lat' dir='ltr'>in</span> <span class='ocrx_word' id='word_1_247' title='bbox 1192 2135 1250 2166; x_wconf 89' lang='lat' dir='ltr'>eo,</span> <span class='ocrx_word' id='word_1_248' title='bbox 1274 2122 1342 2174; x_wconf 86' lang='lat' dir='ltr'>qui</span> <span class='ocrx_word' id='word_1_249' title='bbox 1363 2121 1544 2166; x_wconf 77' lang='lat' dir='ltr'>violasset,</span> <span class='ocrx_word' id='word_1_250' title='bbox 1568 2121 1710 2158; x_wconf 68' lang='lat' dir='ltr'>sancire</span> <span class='ocrx_word' id='word_1_251' title='bbox 1730 2133 1795 2158; x_wconf 86' lang='lat' dir='ltr'>vos</span> <span class='ocrx_word' id='word_1_252' title='bbox 1818 2119 1916 2158; x_wconf 92' lang='lat' dir='ltr'>velle</span> 
     </span>
     <span class='ocr_line' id='line_1_31' title="bbox 516 2186 1911 2243; baseline -0.004 -15"><span class='ocrx_word' id='word_1_253' title='bbox 516 2198 720 2243; x_wconf 82' lang='lat' dir='ltr'>oporteret.</span> <span class='ocrx_word' id='word_1_254' title='bbox 754 2188 874 2226; x_wconf 82' lang='lat' dir='ltr'>Nunc</span> <span class='ocrx_word' id='word_1_255' title='bbox 897 2202 984 2226; x_wconf 82' lang='lat' dir='ltr'>vero</span> <span class='ocrx_word' id='word_1_256' title='bbox 1014 2188 1053 2225; x_wconf 88' lang='lat' dir='ltr'>in</span> <span class='ocrx_word' id='word_1_257' title='bbox 1075 2188 1279 2226; x_wconf 88' lang='lat' dir='ltr'>communi</span> <span class='ocrx_word' id='word_1_258' title='bbox 1310 2189 1492 2226; x_wconf 88' lang='lat' dir='ltr'>omnium</span> <span class='ocrx_word' id='word_1_259' title='bbox 1513 2187 1690 2239; x_wconf 88' lang='lat' dir='ltr'>gentium</span> <span class='ocrx_word' id='word_1_260' title='bbox 1714 2186 1911 2238; x_wconf 76' lang='lat' dir='ltr'>religIOne,</span> 
     </span>
     <span class='ocr_line' id='line_1_32' title="bbox 515 2251 1911 2308; baseline -0.004 -14"><span class='ocrx_word' id='word_1_261' title='bbox 515 2258 633 2308; x_wconf 86' lang='lat' dir='ltr'>inque</span> <span class='ocrx_word' id='word_1_262' title='bbox 655 2254 714 2292; x_wconf 85' lang='lat' dir='ltr'>his</span> <span class='ocrx_word' id='word_1_263' title='bbox 738 2254 861 2297; x_wconf 66' lang='lat' dir='ltr'>sacris,</span> <span class='ocrx_word' id='word_1_264' title='bbox 877 2268 961 2305; x_wconf 80' lang='lat' dir='ltr'>quae</span> <span class='ocrx_word' id='word_1_265' title='bbox 984 2255 1143 2305; x_wconf 85' lang='lat' dir='ltr'>majores</span> <span class='ocrx_word' id='word_1_266' title='bbox 1165 2253 1281 2291; x_wconf 89' lang='lat' dir='ltr'>nostri</span> <span class='ocrx_word' id='word_1_267' title='bbox 1302 2254 1348 2292; x_wconf 85' lang='lat' dir='ltr'>ab</span> <span class='ocrx_word' id='word_1_268' title='bbox 1364 2255 1502 2292; x_wconf 79' lang='lat' dir='ltr'>exteris</span> <span class='ocrx_word' id='word_1_269' title='bbox 1524 2252 1742 2290; x_wconf 85' lang='lat' dir='ltr'>nationibus</span> <span class='ocrx_word' id='word_1_270' title='bbox 1760 2251 1911 2295; x_wconf 87' lang='lat' dir='ltr'>adscita,</span> 
     </span>
     <span class='ocr_line' id='line_1_33' title="bbox 515 2316 1912 2374; baseline -0.004 -15"><span class='ocrx_word' id='word_1_271' title='bbox 515 2332 630 2374; x_wconf 86' lang='lat' dir='ltr'>atque</span> <span class='ocrx_word' id='word_1_272' title='bbox 651 2321 817 2358; x_wconf 78' lang='lat' dir='ltr'>arcessita</span> <span class='ocrx_word' id='word_1_273' title='bbox 837 2320 1069 2364; x_wconf 80' lang='lat' dir='ltr'>coluerunt3</span> <span class='ocrx_word' id='word_1_274' title='bbox 1102 2333 1186 2371; x_wconf 79' lang='lat' dir='ltr'>quae</span> <span class='ocrx_word' id='word_1_275' title='bbox 1207 2319 1318 2364; x_wconf 85' lang='lat' dir='ltr'>sacra,</span> <span class='ocrx_word' id='word_1_276' title='bbox 1343 2329 1384 2357; x_wconf 89' lang='lat' dir='ltr'>ut</span> <span class='ocrx_word' id='word_1_277' title='bbox 1404 2327 1508 2357; x_wconf 79' lang='lat' dir='ltr'>erant</span> <span class='ocrx_word' id='word_1_278' title='bbox 1529 2332 1566 2356; x_wconf 85' lang='lat' dir='ltr'>rc</span> <span class='ocrx_word' id='word_1_279' title='bbox 1588 2331 1685 2361; x_wconf 83' lang='lat' dir='ltr'>vera,</span> <span class='ocrx_word' id='word_1_280' title='bbox 1709 2317 1758 2354; x_wconf 77' lang='lat' dir='ltr'>sic</span> <span class='ocrx_word' id='word_1_281' title='bbox 1778 2316 1912 2369; x_wconf 86' lang='lat' dir='ltr'>appel-</span> 
     </span>
     <span class='ocr_line' id='line_1_34' title="bbox 517 2381 1912 2438; baseline -0.005 -11"><span class='ocrx_word' id='word_1_282' title='bbox 517 2390 584 2427; x_wconf 78' lang='lat' dir='ltr'>lari</span> <span class='ocrx_word' id='word_1_283' title='bbox 607 2390 742 2426; x_wconf 75' lang='lat' dir='ltr'>Graeca</span> <span class='ocrx_word' id='word_1_284' title='bbox 764 2387 994 2431; x_wconf 69' lang='lat' dir='ltr'>voluerunt,</span> <span class='ocrx_word' id='word_1_285' title='bbox 1029 2384 1282 2438; x_wconf 85' lang='lat' dir='ltr'>negligentes,</span> <span class='ocrx_word' id='word_1_286' title='bbox 1304 2397 1346 2422; x_wconf 86' lang='lat' dir='ltr'>ac</span> <span class='ocrx_word' id='word_1_287' title='bbox 1367 2384 1538 2423; x_wconf 76' lang='lat' dir='ltr'>diffoluti</span> <span class='ocrx_word' id='word_1_288' title='bbox 1558 2383 1584 2421; x_wconf 88' lang='lat' dir='ltr'>fi</span> <span class='ocrx_word' id='word_1_289' title='bbox 1604 2382 1806 2436; x_wconf 83' lang='lat' dir='ltr'>cupiamus</span> <span class='ocrx_word' id='word_1_290' title='bbox 1827 2381 1912 2427; x_wconf 81' lang='lat' dir='ltr'>effe,</span> 
     </span>
     <span class='ocr_line' id='line_1_35' title="bbox 517 2453 832 2508; baseline -0.006 -15"><span class='ocrx_word' id='word_1_291' title='bbox 517 2456 584 2508; x_wconf 81' lang='lat' dir='ltr'>qui</span> <span class='ocrx_word' id='word_1_292' title='bbox 605 2454 801 2508; x_wconf 79' lang='lat' dir='ltr'>possumus</span> <span class='ocrx_word' id='word_1_293' title='bbox 819 2453 832 2490; x_wconf 86' lang='lat'>?</span> 
     </span>
    </p>
   </div>
  </div>
 </body>
</html>
