2201 2792
443 191 513 231 323
832 188 904 227 IN
964 189 1032 240 Q
1080 178 1452 227 eAEcrLr'UM

481 289 635 327 XVIII.
661 287 740 325 Hic
762 296 802 324 tu
820 287 845 325 fi
867 286 999 325 laesum
1020 295 1056 324 te
1077 300 1096 325 a
1116 287 1235 325 Verre
1254 287 1325 325 effe
1345 287 1462 332 dices,
1484 287 1617 340 patiar,
1639 294 1677 325 et
1695 299 1837 326 conce-

434 357 542 395 dam:
566 355 592 393 fi
613 354 795 406 injuriam
816 354 888 391 tibi
908 352 1048 392 saetam
1069 354 1250 406 quereris,
1273 352 1492 399 defendam,
1513 363 1551 392 et
1570 354 1731 407 negabo.
1754 354 1840 392 De·-

435 424 523 462 inde
544 422 590 460 de
610 421 763 473 injuria,
786 434 869 472 quae
891 420 963 458 tibi
983 418 1081 458 fasta
1110 420 1168 465 fit,
1197 420 1397 458 neminem
1424 420 1598 459 nostrum
1624 420 1839 473 graviorem

434 490 628 527 vindicem
650 487 721 525 effe
740 495 906 540 oportet,
939 499 1057 538 quam
1090 495 1127 524 te
1146 485 1287 539 ipsum,
1319 488 1384 525 cui
1404 486 1501 525 faeta
1531 488 1687 525 dicitur.
1737 487 1774 526 Si
1795 496 1840 525 tu

434 570 527 595 cum
549 555 617 593 illo
636 554 763 608 postea
782 554 821 591 in
842 554 1004 606 gratiam
1025 553 1175 598 redisti3
1199 553 1225 591 s1
1242 553 1350 592 domi
1370 554 1475 592 illius
1496 554 1714 606 aliquoties,
1732 554 1757 592 fi
1772 554 1840 592 ille

433 622 534 675 apud
556 631 592 658 te
614 620 740 673 postea
759 619 953 664 coenavit,
985 616 1118 656 utrum
1149 628 1187 656 te
1207 619 1468 672 perfidiosum,
1500 633 1547 657 an
1573 619 1840 672 praevaricato-

433 701 530 732 rem,
563 686 771 725 existimari
791 686 912 724 mavis
932 686 945 722 ?
976 685 1103 723 Video
1122 684 1194 723 effe
1214 685 1356 724 neceffe
1389 686 1645 724 alterutrum:
1678 685 1741 724 sed
1766 698 1841 738 ego

433 763 565 792 tecum
585 753 626 790 in
646 766 691 790 eo
713 765 789 790 non
811 751 1006 804 pugnabo,
1037 765 1116 803 quo
1137 751 1281 797 minus,
1304 760 1437 790 utrum
1457 752 1567 797 velis,
1588 752 1719 804 eligas.

488 815 610 866 Qid,
642 814 668 852 fi
697 827 744 851 ne
769 813 918 865 injuriae
939 813 1115 866 quidem,
1143 827 1229 866 quae
1260 813 1333 852 tibi
1352 814 1399 851 ab
1426 813 1495 852 illo
1514 812 1612 851 faeta
1642 813 1701 857 fit,
1732 811 1841 850 causa

433 890 629 925 remanet,
676 880 771 933 quid
806 879 938 925 habes,
970 880 1075 932 quod
1094 880 1206 933 poffis
1235 880 1374 926 dicere,
1411 894 1529 933 quam
1559 880 1610 918 ob
1645 893 1727 918 rem
1761 892 1840 917 non

431 948 550 986 modo
570 946 685 992 mihi,
711 946 772 984 sed
793 947 977 998 cuiquam
997 956 1226 999 anteponare
1244 948 1257 984 ?
1289 946 1358 985 nifi
1378 946 1478 984 forte
1493 946 1606 990 illud,
1628 944 1734 996 quod
1753 944 1838 982 dic-

432 1024 564 1053 turum
587 1024 623 1052 te
646 1013 718 1051 effe
737 1013 865 1057 audio,
897 1012 1135 1063 Qaestorem
1167 1013 1272 1050 illius
1303 1011 1439 1050 fuiffe:
1472 1026 1558 1064 quae
1588 1011 1696 1050 causa
1714 1010 1839 1064 gravis

429 1081 534 1126 ess'et,
565 1080 592 1117 fi
625 1088 784 1117 certares
805 1091 976 1122 mecum,
1008 1086 1093 1116 uter
1127 1077 1301 1116 nostrum
1335 1077 1395 1116 illi
1428 1078 1589 1117 amicior
1622 1076 1693 1116 effe
1720 1077 1838 1116 debe-

430 1155 501 1185 ret.
534 1147 579 1185 In
601 1145 849 1184 contentione
869 1144 1195 1196 suscipiendarum
1216 1144 1527 1189 inimicitiarum,
1555 1144 1767 1182 ridiculum
1787 1142 1841 1180 est

430 1222 576 1265 putare,
608 1211 759 1249 causam
790 1209 1073 1248 neceffitudinis
1108 1210 1155 1247 ad
1174 1208 1421 1248 inferendum
1450 1210 1671 1262 periculum
1694 1209 1841 1262 justam

430 1278 551 1317 videri
571 1286 760 1329 oportere.
786 1275 961 1320 Etenim,
983 1275 1009 1313 fi
1029 1275 1215 1328 plurimas
1236 1290 1256 1314 a
1276 1285 1343 1315 tuo
1364 1277 1530 1315 Praetore
1550 1276 1706 1328 injurias
1726 1288 1838 1313 acce-

429 1343 556 1397 piffes,
586 1352 716 1381 tamen
743 1355 800 1379 eas
836 1339 1008 1386 ferendo,
1043 1342 1230 1394 majorem
1250 1342 1419 1388 laudem,
1451 1356 1569 1394 quam
1601 1341 1837 1385 ulciscendo,

429 1423 628 1449 mererere.
653 1410 758 1447 Cum
774 1421 862 1447 vero
877 1408 1034 1447 nullum
1049 1409 1156 1447 illius
1173 1410 1213 1447 in
1229 1409 1307 1448 vita
1325 1410 1462 1446 reetius
1479 1409 1626 1446 fae'tum
1643 1408 1701 1453 fit,
1719 1421 1839 1461 quam

428 1479 484 1523 id,
507 1477 613 1530 quod
634 1485 677 1514 tu
697 1476 877 1528 injuriam
897 1476 1063 1528 appellas
1080 1493 1092 1520 3
1124 1474 1167 1512 hi
1191 1474 1370 1520 statuent,
1403 1474 1504 1514 hanc
1524 1475 1687 1520 causam,
1719 1489 1838 1527 quam

430 1558 477 1582 ne
497 1544 538 1581 in
559 1544 633 1581 alio
653 1542 812 1595 quidem
833 1542 1050 1595 probarent,
1073 1541 1114 1579 in
1136 1551 1172 1579 te
1187 1542 1330 1593 justam
1350 1542 1396 1579 ad
1417 1542 1732 1580 neceffitudinem
1752 1542 1838 1580 vio-

430 1611 583 1648 landam
605 1609 747 1648 videri?
776 1609 873 1659 Qi,
890 1608 916 1646 fi
934 1607 1127 1646 summam
1143 1608 1325 1660 injuriam
1340 1608 1387 1646 ab
1408 1608 1477 1646 illo
1497 1608 1690 1660 accepisti,
1709 1616 1838 1645 tamen

430 1677 615 1728 quoniam
637 1674 813 1726 Qaestor
843 1675 922 1725 ejus
943 1673 1064 1718 fuisti,
1096 1687 1174 1711 non
1194 1682 1302 1726 potes
1329 1687 1418 1711 eum
1441 1674 1516 1711 sine
1538 1673 1617 1711 ulla
1643 1673 1837 1726 vitupera-

429 1744 532 1781 tione
553 1741 749 1780 accusare:
782 1740 808 1778 fi
829 1753 918 1778 vero
951 1739 1057 1778 nulla
1088 1740 1161 1778 tibi
1192 1739 1291 1778 faena
1324 1740 1376 1778 est
1408 1740 1560 1792 injuria,
1592 1740 1670 1778 fine
1700 1739 1839 1778 scelere

429 1824 520 1848 eum
555 1808 726 1847 accusare
759 1821 836 1845 non
867 1816 990 1860 potes.
1036 1807 1180 1858 Qare,
1211 1821 1304 1845 cum
1324 1807 1519 1845 incertum
1539 1807 1584 1845 fit
1615 1806 1661 1844 de
1681 1807 1834 1858 injuria,

430 1888 669 1928 quemquam
690 1874 760 1911 effe
780 1872 923 1910 horum
944 1881 1068 1924 putas,
1106 1874 1174 1923 qui
1205 1886 1283 1910 non
1315 1872 1439 1917 malit,
1477 1882 1513 1910 te
1544 1872 1621 1910 fine
1641 1872 1835 1925 vitupera-

432 1943 551 1985 tione,
573 1953 690 1993 quam
712 1952 804 1976 cum
825 1937 976 1982 scelere,
1000 1937 1189 1975 discedere
1207 1938 1220 1974 ?

486 2008 601 2044 XIX.
633 2008 687 2044 At
708 2004 807 2049 vide,
831 2004 925 2056 quid
946 2003 1095 2041 differat
1112 2004 1211 2042 inter
1232 2017 1359 2042 meam
1379 2004 1620 2057 opinionem,
1649 2018 1691 2042 ac
1713 2013 1835 2043 tuam.

431 2075 512 2118 Tu,
535 2085 627 2110 cum
648 2070 831 2108 omnibus
853 2069 965 2107 rebus
987 2068 1145 2107 inferior
1166 2069 1224 2114 ᾖε,
1246 2068 1318 2107 hac
1339 2083 1415 2107 una
1434 2071 1474 2108 in
1496 2084 1534 2108 re
1555 2080 1591 2108 te
1606 2069 1707 2109 mihi
1726 2081 1835 2109 ante-

431 2138 522 2177 ferri
543 2146 651 2191 putas
672 2145 861 2189 oportere,
893 2134 997 2187 quod
1017 2135 1192 2187 Qaestor
1210 2135 1316 2173 illius
1336 2134 1454 2174 fueris
1475 2151 1483 2174 :
1516 2149 1600 2189 ego,
1623 2135 1649 2174 fi
1669 2135 1837 2189 superior

431 2205 574 2244 caeteris
596 2204 706 2242 rebus
737 2202 842 2247 effes,
872 2201 972 2241 hanc
994 2216 1109 2240 unam
1131 2202 1181 2241 ob
1202 2203 1352 2241 causam
1383 2213 1420 2241 te
1440 2205 1698 2241 accusatorem
1720 2216 1835 2255 repu-

432 2271 527 2309 diari
548 2279 724 2324 putarem
744 2277 931 2322 oportere.
964 2268 1026 2306 Sic
1047 2268 1153 2306 enim
1174 2282 1194 2306 a
1213 2268 1425 2320 majoribus
1446 2268 1580 2306 nostris
1601 2267 1834 2320 accepimus,

434 2340 641 2377 Praetorem
656 2336 844 2389 Qaestori
864 2335 931 2374 suo
948 2335 1114 2389 parentis
1130 2334 1218 2373 loco
1238 2334 1308 2373 effe
1327 2343 1526 2388 oportere;
1544 2333 1693 2372 nullam
1713 2347 1837 2387 neque

429 2405 644 2457 justiorem,
676 2417 800 2456 neque
830 2403 1044 2456 graviorem
1075 2402 1226 2440 causam
1257 2401 1540 2440 neceffitudinis
1571 2400 1672 2454 poffe
1693 2401 1836 2454 reperi-

435 2471 480 2516 ri,
512 2484 628 2523 quam
664 2470 978 2522 conjunctionem
1004 2468 1126 2514 sortis,
1158 2482 1276 2521 quam
1298 2468 1519 2522 provinciae,
1551 2481 1671 2520 quam
1700 2467 1833 2513 officii,

435 2551 553 2593 quam
588 2537 786 2591 publicam
807 2537 978 2576 muneris
1009 2535 1243 2576 societatem.
1286 2535 1554 2588 Qamobrem
1574 2534 1600 2574 fi
1629 2535 1718 2588 jure
1746 2547 1838 2573 eum
