2201 2792
574 210 653 250 324
1019 197 1107 235 IN
1165 196 1543 235 VERREM

571 297 691 336 modo
720 296 988 350 praejudicant,
1019 310 1151 335 verum
1180 296 1406 349 graviffime,
1438 311 1481 334 ac
1512 295 1839 334 vehementiffime
1856 295 1969 348 judi-

572 365 680 402 carit.
713 364 891 402 Primum
912 364 1031 407 enim,
1063 363 1088 400 fi
1111 362 1331 414 Apronium
1362 362 1580 400 absolutum
1608 362 1652 400 iri
1673 371 1835 415 putaret,
1867 361 1967 399 nihil

571 439 664 475 erat,
696 430 801 483 quod
832 429 958 468 ullum
978 428 1245 481 praejudicium
1276 437 1476 466 vereretur.
1509 429 1674 473 Deinde,
1707 428 1746 473 fi,
1779 428 1965 466 condem-

573 505 664 534 nato
683 496 872 548 Apronio,
904 495 1148 546 conjunt‘tam
1180 508 1271 532 cum
1293 507 1337 531 eo
1358 494 1487 532 Verris
1520 495 1668 532 causam
1698 508 1832 532 omnes
1862 503 1968 532 erant

573 562 839 606 existimaturi,
872 561 1056 599 Metellus
1089 561 1248 612 quidem
1277 570 1376 598 certe
1397 561 1478 612 jam
1500 559 1573 597 hoc
1589 560 1800 612 judicabat,
1833 574 1968 598 eorum

573 642 669 673 rem,
701 628 928 680 causamque
960 626 1030 664 effe
1059 628 1332 678 conjunetan13
1365 627 1433 678 qui
1461 627 1642 671 statuerit,
1669 626 1844 678 Apronio
1871 639 1967 663 con-

573 694 768 738 demnato,
800 694 846 731 de
866 693 935 731 isto
954 693 1219 745 praejudicium
1248 691 1439 730 futurum.
1472 693 1524 730 Et
1555 692 1667 731 fimul
1699 705 1773 729 una·
1793 705 1848 729 res
1871 692 1969 729 utri-

573 773 649 812 que
670 761 722 797 rei
752 760 804 797 est
834 767 1060 810 argumento
1076 777 1089 803 3
1119 767 1156 796 et
1176 767 1335 796 aratores
1356 759 1394 796 vi
1414 767 1451 796 et
1471 767 1578 796 metu
1598 759 1761 802 coactos,
1794 758 1969 810 Apronio

574 825 701 863 multo
720 825 820 877 plus,
854 838 970 876 quam
1001 824 1217 868 debuerint,
1252 823 1421 868 dediffe,-
1450 832 1487 861 et
1510 824 1727 876 Apronium
1756 823 1861 861 istius
1887 836 1971 861 rem

575 891 642 928 suo
661 891 820 929 nomine
839 889 964 942 egiffe,
995 904 1087 928 cum
1108 891 1155 928 L.
1179 890 1364 928 Metellus
1386 889 1553 927 statuerit
1579 903 1656 927 non
1677 889 1776 941 poffe
1796 889 1968 941 Aproni-

576 970 645 994 um
666 956 928 1001 condemnari,
964 957 1059 1008 quin
1080 955 1193 994 simul
1213 956 1261 993 de
1280 955 1385 993 istius
1406 954 1554 1000 scelere,
1585 964 1699 1008 atque
1720 954 1970 1008 improbitate

569 1022 820 1075 judicaretur.

635 1089 783 1127 LXVI.
818 1089 942 1126 Venio
960 1101 1063 1127 nunc
1094 1087 1140 1126 ad
1161 1086 1358 1141 epistolam
1379 1086 1659 1132 Timarchidis,
1690 1087 1818 1126 liberti
1848 1085 1970 1131 istIus,

574 1164 613 1193 et
632 1154 775 1193 accenfi
792 1173 803 1199 ;
836 1155 882 1192 de
902 1168 979 1207 qua
997 1168 1089 1193 curn
1109 1155 1255 1199 dixero,
1288 1163 1416 1192 totum
1446 1152 1521 1191 hoc
1542 1154 1689 1191 crimen
1710 1153 1970 1191 decumanum

573 1220 772 1274 perorabo.
805 1222 902 1259 Haec
921 1220 1078 1273 epistola
1096 1220 1161 1265 est,
1182 1219 1353 1271 Judices,
1375 1233 1491 1271 quam
1520 1233 1588 1257 nos
1610 1218 1795 1270 Syracusis
1816 1218 1855 1256 in
1876 1217 1968 1256 aedi-

575 1287 647 1325 bus
669 1287 847 1339 Apronii,
869 1300 961 1324 curn
982 1286 1108 1324 literas
1128 1286 1457 1337 conquireremus,
1492 1285 1724 1323 invenimus.
1768 1283 1882 1323 Mis-sa
1902 1283 1970 1328 est,

576 1362 619 1391 ut
639 1353 716 1405 ipsa
737 1352 935 1404 significat,
969 1365 1015 1390 ex
1047 1352 1196 1396 itinere,
1227 1365 1318 1389 cum
1340 1352 1477 1389 Verres
1502 1353 1584 1404 jam
1615 1351 1661 1388 de
1687 1350 1882 1403 provincia
1902 1349 1970 1388 de-

575 1419 744 1463 ceffiffet,
767 1417 1029 1456 Timarchidis
1066 1432 1183 1456 manu
1218 1417 1367 1470 scripta.
1414 1418 1551 1455 Recita
1580 1417 1777 1470 epistolam
1810 1417 1969 1455 Timar-

576 1484 715 1522 chidis.
748 1485 1081 1522 T1MARCH1DES
1119 1484 1243 1521 Verris
1275 1485 1434 1536 accetfics
1454 1485 1660 1521 APRomo
1682 1483 1839 1536 sillutc‘m
1868 1481 1971 1520 dicit.

576 1552 663 1602 Jam
684 1550 757 1588 hoc
779 1549 936 1601 quidem
957 1563 1033 1587 non
1056 1548 1303 1602 reprehendo,
1325 1549 1430 1604 quod
1450 1549 1654 1602 adscripsit,
1670 1550 1860 1602 Accenfics.
1891 1549 1971 1586 Cur

576 1618 680 1655 enim
703 1617 771 1653 fibi
793 1615 866 1653 hoc
900 1616 1029 1653 scribae
1063 1616 1131 1654 soli
1151 1615 1330 1653 sumant?
1362 1617 1409 1654 L.
1432 1617 1651 1654 PAPIRlus
1675 1615 1817 1669 scriba.
1868 1614 1971 1652 Volo

574 1696 646 1735 ego
666 1681 740 1720 hoc
760 1681 831 1719 effe
850 1695 1060 1719 commune
1080 1681 1339 1726 accensorum,
1362 1681 1557 1726 lictorum,
1578 1682 1782 1719 viatorum.

630 1750 709 1787 Fac
741 1747 958 1799 diligentiam
990 1746 1172 1790 adhibeas,
1204 1747 1297 1799 quod
1324 1747 1374 1785 (td
1397 1746 1679 1799 extstimationem
1699 1745 1880 1785 Praetoris
1906 1755 1968 1783 at-

577 1816 680 1853 tinet.
725 1814 985 1852 Commendat
1019 1815 1194 1866 Apronio
1224 1814 1398 1858 Verrem,
1429 1823 1466 1851 et
1494 1812 1681 1858 hortatur,
1724 1822 1767 1850 ut
1799 1811 1974 1850 inimicis

575 1882 656 1931 ejus
679 1880 827 1917 resistat.
861 1880 969 1916 Bono
999 1879 1168 1930 praefidio
1189 1879 1363 1916 munitur
1382 1879 1612 1916 existimatio
1641 1887 1732 1922 tua,
1764 1878 1789 1915 fi
1811 1876 1971 1930 quidem

577 1947 616 1983 in
652 1945 816 1997 Apronii
861 1943 1106 1981 constituitur
1139 1944 1361 1995 diligentia,
1406 1953 1520 1995 atque
1553 1945 1789 1982 auctoritate.
1848 1942 1973 1981 Habes.

578 2012 767 2055 virtutem,
798 2020 905 2062 atque
932 2010 1172 2063 eloquentiam.
1224 2010 1354 2060 Qam
1389 2010 1540 2063 copiose
1574 2010 1747 2048 laudatur
1775 2009 1970 2062 Apronius

577 2092 596 2115 a
618 2075 870 2115 Timarchide
889 2076 901 2112 ?
933 2090 1049 2127 quam
1071 2075 1302 2128 magnifice?
1324 2077 1386 2113 cui
1407 2090 1479 2128 ego
1499 2090 1576 2114 non
1597 2086 1731 2129 putem
1752 2076 1865 2114 illum
1886 2075 1970 2127 pla-

576 2157 659 2181 cere
689 2151 875 2194 oportere,
906 2143 973 2193 qui
1006 2152 1201 2194 tantopere
1232 2141 1477 2180 Timarchidi
1505 2143 1686 2195 probatus
1721 2141 1799 2180 fit?
1849 2140 1971 2179 Habes

565 2211 750 2263 fitmptum
779 2207 868 2246 unde
882 2208 1022 2259 fizciczs.
1082 2207 1240 2246 Neceffe
1273 2208 1342 2253 est,
1379 2208 1484 2260 quod
1519 2208 1736 2246 redundarit
1768 2208 1815 2244 de
1850 2206 1971 2243 vestro

578 2275 829 2313 frumentario
850 2273 1008 2325 quaestu,
1039 2274 1083 2310 ad
1119 2273 1232 2310 illum
1266 2274 1516 2325 potiffimum,
1547 2287 1612 2325 per
1638 2286 1757 2324 quem
1787 2271 1970 2323 agebatis,

578 2339 785 2378 defluxisse.
831 2339 988 2384 Scribas,
1019 2338 1242 2391 apparitores
1275 2349 1429 2377 recentes
1458 2339 1593 2391 arripe.
1633 2338 1722 2376 Cum
1743 2339 1794 2376 L.
1820 2337 1968 2381 Vulteio,

578 2407 642 2458 qui
651 2405 846 2458 plurimum
869 2404 994 2459 potest,
1025 2404 1128 2448 ccede,
1160 2403 1307 2442 concide.
1340 2404 1496 2449 Videte,
1524 2417 1641 2455 quam
1673 2402 1780 2440 valde
1813 2401 1970 2440 malitiae

580 2471 651 2509 1⁴11ae
690 2471 856 2509 confidat
895 2469 1198 2515 Timarchides,
1239 2470 1306 2522 qui
1344 2470 1460 2508 etiam
1499 2470 1673 2522 Apron10
1710 2468 1970 2521 improbitatis

579 2546 764 2590 praccepta
802 2538 878 2576 det.
938 2539 1026 2589 Jam
1065 2536 1153 2583 hoc,
1195 2536 1298 2582 ccede,
1343 2535 1491 2583 concide,
1540 2550 1667 2575 nonne
1704 2536 1818 2575 verba
1855 2535 1978 2575 domo.
