2201 2792
580 176 658 215 330
1009 162 1096 201 IN
1171 162 1550 201 VERREM

575 261 904 313 certiffimumque
920 262 1157 315 peculatum.
1181 263 1287 300 Nam
1309 276 1387 314 quo
1407 262 1481 300 alio
1497 261 1668 307 nomine,
1682 261 1853 315 pecuniae
1873 260 1976 313 pub-

576 328 660 366 licae
691 327 893 366 foeneratio
925 328 977 366 est
1007 328 1258 381 appellanda?
1310 330 1495 366 REclTA
1531 341 1752 377 RELIQJA.
1802 327 1975 366 Scribam

576 405 706 440 tuum,
739 396 835 434 dicit
851 424 863 440 ,
897 396 1047 440 Verres,
1080 394 1195 447 hujus
1224 395 1526 448 praescriptorem
1557 395 1816 434 faenerationis
1851 393 1973 433 fuiffe.

575 463 625 500 Ei
647 476 801 515 quoque
821 462 991 514 magistri
1012 463 1208 500 minantur
1229 463 1268 500 in
1289 462 1409 500 literis
1429 477 1438 500 :
1469 463 1614 500 etenim
1633 462 1719 500 casu
1740 462 1869 500 scribae
1889 471 1975 500 tum

574 528 653 567 duo
674 529 844 581 magistri
864 527 1022 567 fuerunt
1041 542 1134 567 cum
1154 529 1302 567 Vettio.
1333 528 1447 567 Binas
1468 528 1690 566 centesimas
1710 528 1757 566 ab
1778 528 1813 566 se
1832 527 1972 565 ablatas

574 594 778 634 ferendum
799 609 877 633 non
898 605 1058 648 putant:
1081 605 1119 633 et
1140 597 1237 634 redte
1258 609 1335 633 non
1356 604 1506 648 putant.
1539 595 1638 645 Qis
1657 595 1763 633 enim
1786 593 1861 632 hoc
1881 593 1974 632 fecit

574 662 776 714 unquam?
851 662 907 698 uis
940 662 1106 714 denique
1126 671 1284 700 conatus
1313 662 1365 699 est
1384 661 1522 706 facere,
1556 670 1621 699 aut
1640 660 1741 713 poffe
1761 660 1844 698 fieri
1864 660 1974 712 cogi-

573 728 681 772 tavit,
702 737 758 771 ut,
780 741 872 765 cum
893 727 1039 766 senatus
1061 728 1286 781 publicanos
1307 727 1417 766 usura
1437 727 1529 780 faepe
1545 727 1713 779 juvifl'et,
1735 727 1975 779 magistratus

571 807 592 831 a
611 794 829 846 publicanis
864 795 1067 846 pecuniam
1099 808 1168 847 pro
1201 794 1319 832 usuris
1351 794 1506 832 auderet
1536 792 1713 831 auferre?
1746 795 1859 831 Certe
1879 791 1973 830 huic

571 858 724 898 homini
744 860 824 913 spes
846 860 952 898 nulla
982 860 1110 898 salutis
1131 860 1232 906 effet,
1266 861 1291 898 fi
1312 860 1525 913 publicani,
1556 858 1632 898 hoc
1663 860 1729 905 est,
1764 859 1790 897 fi
1823 859 1974 911 equites

570 927 741 964 Romani
755 927 989 978 judicarent.

615 993 752 1030 Minor
770 992 841 1030 effe
861 1006 980 1037 nunc,
1000 993 1172 1044 Judices,
1194 992 1302 1030 vobis
1324 991 1623 1045 disceptantibus
1645 991 1784 1036 debet;
1807 1000 1845 1029 et
1865 998 1974 1029 tanto

569 1060 711 1105 minor,
733 1068 878 1112 quanto
899 1059 951 1097 est
970 1059 1165 1098 honestius
1196 1059 1329 1097 alienis
1349 1059 1515 1111 injuriis,
1550 1072 1668 1111 quam
1687 1072 1726 1096 re
1747 1058 1824 1104 sua,
1858 1071 1971 1097 com-

568 1127 727 1165 moveri.
771 1127 879 1179 Qid
900 1127 946 1164 ad
965 1126 1048 1165 haec
1068 1126 1290 1179 respondere
1309 1126 1453 1179 cogitas
1474 1125 1486 1162 ?
1518 1127 1665 1164 Utrum
1683 1124 1831 1164 sacrum
1852 1139 1971 1178 nega·-

567 1194 656 1232 bis?
687 1207 733 1232 an
766 1194 838 1231 tibi
868 1192 943 1231 hoc
974 1193 1129 1231 licitum
1161 1193 1230 1231 effe
1251 1192 1460 1230 defendes?
1492 1192 1644 1244 Negare
1664 1193 1732 1244 qui
1751 1193 1969 1245 potes?van

567 1268 610 1297 ut
645 1268 748 1297 tanta
781 1259 1004 1297 auetoritate
1038 1258 1251 1302 literarum,
1282 1266 1340 1296 tot
1374 1257 1532 1295 testibus
1553 1257 1769 1310 publicanis
1803 1257 1968 1296 convin-

566 1326 677 1363 care?
709 1324 877 1363 Licuiffe
897 1337 986 1362 vero
1005 1324 1104 1376 qui?
1136 1324 1162 1362 fi
1184 1323 1404 1362 mehercule
1439 1332 1476 1361 te
1496 1323 1701 1376 pecuniam
1732 1333 1854 1370 tuam,
1888 1337 1969 1362 non

566 1391 702 1445 populi
723 1391 907 1436 Romani,
939 1391 979 1429 in
1011 1391 1208 1444 provincia
1227 1389 1458 1428 foeneratum
1490 1390 1683 1435 docerem,
1717 1399 1845 1428 tamen
1866 1389 1967 1428 effu-

565 1471 653 1511 gere
675 1471 751 1495 non
772 1456 889 1510 poffe.
923 1457 995 1495 Sed
1015 1456 1229 1510 publicam,
1262 1456 1323 1494 sed
1343 1457 1393 1494 ob
1413 1455 1656 1494 frumentum
1678 1456 1882 1502 decretam,
1904 1457 1967 1495 sed

565 1538 584 1561 a
604 1524 820 1577 publicanis
856 1522 1003 1561 foenore
1033 1532 1216 1575 accepto;
1247 1522 1323 1560 hoe
1354 1522 1499 1561 licuiffe
1529 1523 1712 1575 cuiquam
1747 1523 1963 1576 probabis?

564 1604 642 1642 quo
663 1604 740 1628 non
761 1589 878 1628 modo
912 1590 1052 1634 caeteri,
1083 1589 1144 1627 sed
1166 1598 1207 1626 tu
1229 1588 1304 1641 ipse
1325 1587 1424 1626 nihil
1451 1589 1644 1633 audacius,
1675 1589 1966 1642 improbiusque

563 1655 698 1694 fecisti.
731 1656 825 1694 Non
857 1654 1080 1693 mehercule
1110 1654 1201 1699 hoc,
1235 1655 1340 1710 quod
1371 1654 1554 1693 omnibus
1586 1654 1771 1707 singulare
1800 1654 1964 1699 videtur,

563 1723 608 1760 de
628 1736 706 1775 quo
726 1721 825 1760 mihi
846 1722 1024 1775 deinceps
1046 1721 1256 1760 dicendum
1276 1721 1341 1766 est,
1364 1721 1528 1774 poffum,
1550 1721 1722 1773 Judices,
1751 1721 1876 1759 dicere
1895 1735 1964 1759 au-

562 1789 691 1828 dacius
721 1788 806 1834 effe,
851 1798 915 1827 aut
948 1789 1227 1841 impudentius,
1263 1788 1368 1841 quod
1401 1788 1605 1840 permultis
1640 1787 1862 1826 civitatibus
1896 1802 1966 1840 pro

565 1856 759 1894 frumento
780 1854 879 1893 nihil
901 1855 1012 1893 solvit
1031 1856 1206 1893 omnino.
1240 1855 1369 1906 Major
1388 1853 1471 1892 haec
1492 1854 1616 1907 praeda
1635 1853 1878 1898 fortaffeest3
1901 1854 1964 1892 sed

562 1921 627 1958 illa
657 1920 899 1974 impudentia
928 1929 1030 1957 certe
1051 1932 1128 1957 non
1149 1920 1290 1957 minor.
1322 1920 1388 1964 Et,
1410 1920 1593 1971 quoniam
1626 1919 1672 1957 de
1699 1919 1766 1957 illa
1795 1918 1962 1958 foenera-

563 1987 665 2024 tione
687 1986 771 2024 satis
792 1985 940 2023 dietum
961 1985 1026 2030 est,
1056 1998 1159 2023 nunc
1180 1985 1226 2023 de
1254 1984 1326 2023 hac
1358 1994 1437 2023 tota
1456 1986 1622 2038 pecunia
1646 1985 1782 2031 aversa,
1819 1986 1961 2038 quaeso,

561 2052 791 2105 cognoscite.

616 2119 809 2157 LXXIII.
842 2118 980 2156 Siciliae
1001 2118 1172 2156 civitates
1202 2118 1335 2158 multae
1355 2118 1457 2164 sunt,
1478 2119 1649 2170 Judices,
1671 2127 1825 2164 ornatae,
1847 2127 1963 2172 atque

560 2184 756 2229 honestae;
787 2197 835 2221 ex
867 2184 1007 2235 quibus
1040 2184 1079 2221 in
1101 2185 1236 2236 primis
1268 2185 1502 2223 numeranda
1528 2185 1580 2223 est
1610 2185 1743 2223 civitas
1764 2184 1958 2223 Halefina.

561 2250 725 2289 Nullam
745 2249 851 2288 enim
872 2250 1064 2301 reperietis
1099 2259 1164 2287 aut
1184 2250 1320 2288 officiis
1340 2250 1566 2296 fideliorem,
1602 2259 1667 2288 aut
1697 2250 1817 2302 copiis
1847 2249 1959 2287 locu-

560 2316 778 2369 pletiorem,
808 2324 873 2353 aut
902 2315 1123 2353 auctoritate
1143 2315 1369 2367 graviorem.
1402 2317 1511 2354 Huic
1531 2316 1597 2354 iste
1616 2316 1658 2354 in
1688 2329 1806 2353 annos
1827 2315 1957 2368 fingu-

561 2384 632 2428 los,
653 2396 745 2421 cum
766 2381 959 2434 sexaginta
978 2381 1097 2419 tritici
1118 2381 1242 2420 millia
1261 2380 1438 2420 modium
1454 2380 1722 2434 imperaviffet‚
1741 2395 1810 2434 pro
1830 2381 1962 2420 tritico

560 2462 741 2487 nummos
763 2448 930 2508 abstulit,
952 2447 1087 2500 quanti
1107 2456 1185 2486 erat
1205 2447 1245 2485 in
1262 2447 1390 2486 Sicilia
1406 2448 1604 2487 triticum:
1640 2461 1735 2501 quos
1757 2448 1803 2486 de
1822 2448 1958 2501 publi-

561 2528 605 2554 co
626 2528 808 2554 nummos
829 2523 1036 2568 acceperat,
1060 2514 1217 2555 retinuit
1247 2528 1397 2555 omnes.
1431 2514 1640 2569 Obstupui,
1661 2514 1833 2567 Judices,
1865 2527 1958 2554 cum
