2201 2792
468 126 1005 165 ARGUMENTA
1069 126 1605 165 ORATIONUM.
1708 129 1786 168 »21

306 211 416 248 lendis
435 211 512 257 Jan.
534 212 647 258 primo
669 210 864 245 consulatus
889 209 957 250 die,
986 219 1179 243 convocato
1198 209 1240 243 de
1261 220 1355 243 more
1375 208 1502 250 senatu,
1533 222 1600 245 non
1620 209 1727 247 solum
1750 213 1795 250 de

308 263 463 297 Mutinae
488 261 677 301 obsidione,
705 259 760 294 sed
784 258 928 294 omnino
955 258 999 292 de
1027 269 1100 292 tota
1126 269 1195 304 rep.
1225 258 1338 304 deque
1366 258 1557 293 honoribus
1586 270 1619 294 et
1644 264 1796 306 praemiis

308 312 397 345 bene
421 311 464 344 de
488 322 557 356 rep.
583 311 784 344 meritorum
805 321 841 342 ac
861 308 1083 349 merentium,
1112 308 1154 341 de
1173 308 1302 354 quibus
1321 307 1421 343 XlIi.
1441 309 1517 343 Kal.
1545 309 1578 344 S.
1600 309 1640 344 C.
1661 309 1795 348 fastum

307 370 392 400 erat,
420 360 622 393 retulerunt.
676 358 784 405 Qod
812 358 851 392 ad
880 358 1061 392 Mutinam
1089 356 1240 398 attinuit,
1275 356 1404 392 censuit
1433 358 1472 399 is,
1508 359 1566 404 qui
1596 359 1797 398 sententiam

307 408 443 456 primus
470 420 612 455 rogatus
640 408 700 449 est,
729 406 915 442 mittendos
941 407 982 441 ad
1008 406 1206 441 Antonium
1225 406 1372 452 legatos,
1399 407 1461 453 qui
1481 419 1623 454 agerent
1641 422 1721 445 cum
1741 424 1796 455 eo,

309 468 349 493 ut
366 457 408 492 ab
428 455 499 503 ejus
521 458 614 491 urbis
633 456 810 491 obsidione
829 456 1008 491 desisteret.
1060 456 1184 490 Cicero
1203 466 1332 496 autern,
1352 455 1410 490 suo
1429 458 1505 491 loco
1524 468 1677 504 rogatus,
1696 469 1799 507 turpe

308 517 345 542 et
363 507 548 552 indignum
568 507 652 541 dicit
669 507 733 541 effe
753 505 885 540 senatus
904 517 942 540 ac
961 506 1082 551 populi
1101 505 1250 539 Romani
1282 504 1466 551 majestate,
1493 506 1535 540 ad
1559 519 1641 543 eum
1664 509 1799 555 legatos

311 557 355 591 de
384 568 468 603 pace
499 556 648 597 mittere,
675 556 718 590 de
741 567 813 601 quo
837 565 916 590 ante
943 566 1070 600 paucos
1094 554 1178 595 dies,
1207 564 1373 600 tanquam
1401 555 1444 588 de
1473 555 1577 598 hoste,
1605 560 1800 603 gravissima

309 617 345 641 et
360 605 561 640 severiffima
578 604 705 650 judicia
722 604 814 639 idem
834 605 966 639 senatus
985 603 1116 638 fecerit.
1160 604 1371 638 Decreverat
1389 604 1480 639 enirn
1501 606 1602 640 XIII.
1623 607 1702 643 Kal.
1719 609 1799 653 Jan.

309 667 382 702 quo
401 654 454 689 die
475 654 590 689 habita
609 655 656 689 est
675 655 774 689 tertia
790 655 911 695 oratio,
940 664 979 688 ut
996 653 1040 688 de
1055 653 1245 687 honoribus
1265 653 1404 688 Caesaris
1425 665 1458 689 et
1477 655 1587 697 Bruti,
1607 657 1668 702 qui
1687 670 1799 706 remp.

309 705 446 752 privato
463 704 603 738 consilio
619 703 874 739 defendendam
888 703 1116 749 susceperant,
1135 703 1248 749 deque
1267 703 1418 749 praemiis
1438 704 1579 739 Martiae
1597 716 1632 740 et
1651 707 1801 756 Qartae

312 755 507 800 legionum,
535 764 629 799 quae,
656 753 815 789 Antonio
834 752 964 794 reliCto,
984 752 1025 786 ad
1045 752 1213 786 Caesarem
1230 751 1259 786 se
1278 752 1507 794 contulerant,
1528 754 1641 801 primo
1656 768 1801 804 quoque

310 812 470 849 tempore
493 803 574 836 novi
597 802 750 837 consules
770 801 946 837 referrent.
998 801 1135 836 Deinde
1164 801 1388 836 vehementer
1414 802 1573 838 incubuit
1599 805 1734 847 Cicero,
1763 817 1802 843 ut

310 851 413 887 hostis
435 851 650 898 judicaretur
674 853 864 893 Antonius,
892 862 927 886 et
945 863 985 886 ea
1003 850 1270 886 decernerentur
1293 852 1335 885 de
1361 851 1550 887 honoribus
1573 863 1606 888 et
1633 856 1800 901 praemiis‚

313 913 394 948 quae
418 901 551 936 senatus
574 913 616 935 ex
636 913 805 936 novorum
825 901 1005 935 consulum
1027 901 1188 935 relatione
1208 901 1345 935 decerni
1365 900 1425 935 fibi
1445 902 1577 947 placere
1594 903 1800 942 ostenderat.

315 951 460 985 Senatus
479 962 520 984 eo
538 951 592 984 die
614 951 697 985 nihil
716 951 879 992 decrevit,
899 951 953 985 sed
974 950 1088 985 triduo
1107 949 1183 996 post
1205 950 1392 984 mittendos
1415 951 1559 986 omnino
1576 952 1718 996 censuit,
1740 956 1802 1002 qui

316 1000 474 1033 Antonio
505 1001 716 1040 nuntiarent,
750 1011 793 1033 ne
823 999 996 1034 consulem
1029 1000 1244 1045 designatum
1275 1011 1506 1046 oppugnaret,
1543 1013 1584 1036 ne
1620 1003 1802 1041 Mutinam

315 1048 496 1088 obsideret,
517 1060 558 1082 ne
576 1048 791 1095 provinciam
811 1048 1094 1095 depopularetur,
1115 1060 1155 1081 ne
1173 1048 1326 1082 delectus
1348 1049 1498 1092 haberet,
1517 1051 1598 1086 effet
1616 1053 1650 1086 in
1667 1054 1803 1091 senatus

315 1098 507 1144 populique
526 1097 677 1132 Romani
697 1097 876 1144 potestate.

423 1196 582 1248 Argum.
908 1195 1120 1249 Philippica
1151 1197 1190 1234 V
1183 1198 1215 1235 I.
1639 1216 1677 1254 p.
1709 1216 1802 1257 370.

364 1281 454 1316 CUM
475 1281 592 1317 habita
609 1282 777 1330 superiore
795 1283 962 1319 Oratione
982 1283 1114 1318 Salvius
1133 1283 1315 1320 Tribunus
1341 1285 1389 1332 pl.
1408 1285 1649 1329 interceffiffet‚
1678 1301 1720 1324 ne
1739 1290 1804 1325 dis-

316 1332 415 1366 ceffio
433 1331 542 1373 fieret,
570 1335 664 1379 quod
683 1332 783 1368 facile
803 1333 1029 1380 intelligebat,
1058 1333 1238 1380 plerosque
1258 1336 1289 1370 in
1309 1335 1487 1371 Ciceronis
1506 1336 1705 1374 sententiam
1728 1341 1805 1382 esse,

316 1380 486 1427 imprimis
503 1381 546 1415 de
564 1382 685 1428 legatis
703 1383 744 1417 ad
768 1383 962 1418 Antonium
984 1395 1051 1417 non
1070 1383 1258 1426 mittendis,
1280 1385 1406 1424 ituros;
1440 1386 1556 1431 paucis
1575 1387 1698 1422 diebus
1716 1389 1804 1436 post,

315 1440 398 1464 cum
423 1430 466 1464 de
490 1432 611 1466 eadem
632 1444 666 1466 re
684 1432 764 1466 effet
782 1433 897 1467 aetum
918 1433 950 1467 in
971 1432 1100 1474 senatu,
1128 1433 1269 1468 Senatus
1294 1433 1488 1469 consultum
1514 1435 1546 1468 in
1571 1448 1647 1471 eam
1673 1437 1805 1473 senten-

317 1479 401 1513 tiam
419 1477 550 1514 faenum
571 1481 630 1522 est,
658 1493 739 1527 quae
759 1481 891 1528 legatos
913 1483 954 1516 ad
972 1482 1170 1516 Antonium
1198 1483 1379 1518 Mutinam
1397 1484 1612 1519 obsidentem
1635 1488 1726 1522 mitti
1745 1488 1805 1523 de-

316 1529 488 1571 cernebat,
507 1530 566 1576 qui
588 1531 797 1572 nuntiarent,
820 1544 859 1565 ne
877 1542 1097 1578 oppugnaret
1115 1532 1288 1567 consulem
1309 1533 1540 1579 designatum,
1563 1547 1604 1569 ne
1622 1536 1806 1573 Mutinam

314 1578 498 1619 obsideret,
527 1591 568 1613 ne
587 1580 800 1626 provinciam
820 1580 969 1615 Galliam
989 1582 1266 1627 depopularetur,
1295 1595 1337 1616 ne
1356 1582 1510 1618 delectus
1535 1583 1698 1627 haberet3
1727 1587 1807 1621 effet

318 1626 352 1661 in
372 1626 519 1661 Senatus
538 1630 731 1676 populique
750 1630 901 1664 Romani
919 1630 1097 1677 potestate.
1150 1631 1233 1665 Hoc
1253 1633 1397 1666 Senatus
1416 1632 1583 1667 Consulto
1602 1634 1691 1670 facto
1712 1637 1808 1671 venit

319 1675 355 1710 in
384 1676 588 1712 concionem
618 1679 752 1720 Cicero,
779 1691 814 1714 et
842 1679 1031 1725 productus
1055 1680 1098 1714 ab
1123 1681 1277 1726 Apuleio
1306 1681 1445 1715 tribuno
1470 1683 1595 1728 ple'oi5‚
1622 1685 1738 1730 primo
1762 1686 1807 1719 de

319 1725 492 1772 legatione
511 1726 552 1761 ad
573 1728 782 1775 Pompeium
802 1728 939 1764 decreta
957 1729 1127 1775 exponit·‚
1155 1730 1294 1770 deinde,
1326 1729 1409 1763 nihil
1428 1731 1559 1777 legatos
1578 1734 1669 1779 apud
1690 1735 1807 1769 Anto·

318 1785 416 1858 aium
435 1774 649 1821 profer-Tturos
669 1788 872 1825 auguratur,
890 1790 930 1813 ac
949 1778 1088 1812 tandem
1103 1779 1275 1826 populum
1295 1779 1336 1813 ad
1351 1779 1571 1826 Reipublicae
1590 1792 1624 1816 et
1641 1782 1808 1820 libertatis

349 1824 470 1859 udmm
491 1825 698 1862 cohortatur.

432 1924 590 1976 Argum.
901 1926 1111 1980 Philzppica
1143 1928 1229 1965 VII.
1651 1944 1691 1984 p.
1716 1944 1808 1986 377.

370 2009 435 2044 Cu
449 2021 478 2044 M
499 2011 645 2046 Senatus
664 2011 708 2046 de
726 2012 845 2059 Appia
863 2013 919 2048 via
939 2023 974 2048 et
994 2014 1037 2049 de
1056 2014 1204 2048 Moneta
1223 2025 1242 2048 a
1260 2012 1396 2048 consule
1420 2014 1538 2058 Pansa,
1566 2016 1608 2052 de
1636 2017 1808 2064 Lupercis

322 2069 440 2093 autern
469 2072 489 2094 a
515 2060 590 2094 tr.b.
623 2060 670 2106 pl.
700 2062 874 2097 consultus
905 2063 997 2105 esset,
1029 2063 1153 2098 Cicero
1181 2063 1331 2110 egressus
1359 2063 1572 2108 relationem,
1604 2076 1724 2102 contra
1750 2080 1809 2102 eos

323 2108 436 2142 dicere
460 2110 633 2155 aggressus
657 2110 716 2151 cst,
745 2111 806 2156 qui
826 2112 858 2146 in
876 2113 1042 2147 omnibus
1061 2112 1274 2147 sermonibus
1295 2125 1417 2159 pacem
1444 2114 1631 2150 laudabant
1657 2128 1692 2151 et
1717 2117 1811 2152 bello

323 2160 594 2204 anteponebant,
621 2171 661 2193 eo
686 2159 840 2202 consilio,
868 2171 907 2196 ut
931 2161 965 2202 si,
993 2173 1074 2209 quae
1098 2162 1238 2209 suspicio
1259 2173 1342 2203 erat,
1369 2164 1473 2209 paulo
1495 2165 1633 2201 duriora
1658 2165 1815 2212 responsa

323 2206 490 2241 referrent
506 2208 549 2241 ab
569 2209 726 2243 Antonio
744 2209 862 2255 legati,
892 2211 1008 2245 mitius
1036 2213 1286 2258 acciperentur,
1313 2212 1437 2258 eosque
1461 2216 1616 2248 accusant
1645 2226 1809 2262 tanquam

326 2255 469 2290 minime
486 2257 671 2304 populares
687 2268 721 2292 et
741 2259 824 2293 hosti
842 2260 962 2306 patriae
980 2259 1148 2295 faventes.
1201 2261 1321 2307 Negat
1339 2272 1454 2296 autem
1474 2263 1516 2297 de
1536 2275 1618 2310 pace
1633 2265 1696 2298 effe
1715 2265 1816 2312 cogi-

324 2305 484 2348 tandum,
512 2306 594 2353 quia
614 2319 680 2340 non
701 2309 806 2342 modo
825 2309 933 2355 turpis
952 2309 989 2344 fit
1007 2320 1041 2344 et
1061 2310 1260 2357 periculosa,
1288 2310 1341 2345 sed
1367 2311 1470 2345 etiam
1495 2313 1595 2358 plane
1621 2325 1688 2347 non
1712 2316 1812 2360 pcffit

324 2354 401 2388 effe.
453 2355 614 2401 Denique
646 2356 803 2391 hortatur
833 2357 1006 2393 consulem
1043 2359 1312 2407 universumque
1343 2359 1511 2401 senatum,
1544 2372 1583 2395 ut
1612 2363 1813 2410 reipublicae

323 2400 466 2438 salutem
494 2405 658 2439 omnibus
688 2406 790 2441 rebus
814 2418 1039 2454 anteponant,
1068 2421 1181 2455 neque
1208 2411 1421 2452 Antonium,
1449 2422 1554 2456 quem
1585 2412 1752 2446 inclusum
1775 2423 1816 2448 et.

322 2462 423 2498 paene
440 2454 659 2489 constrictum
676 2465 698 2489 t<
712 2466 825 2497 neant,
845 2457 933 2492 elabi
952 2469 970 2493 e
988 2458 1148 2494 manibus
1165 2460 1353 2507 patiantur,
1373 2458 1429 2496 led
1445 2461 1617 2508 rempubl.
1638 2461 1670 2496 in
1688 2473 1814 2509 perpe-

322 2508 426 2536 tuum
444 2512 541 2538 metu
560 2512 595 2539 et
612 2504 768 2552 periculo
784 2505 945 2542 liberent.
