2201 2792
517 141 596 181 504
1013 128 1415 167 ORATIO

514 228 583 279 qui
604 228 644 265 in
664 240 756 280 pace
781 235 819 264 et
840 226 934 271 otio,
967 239 1060 264 cum
1081 239 1243 263 manum
1263 224 1411 270 fecerit,
1434 225 1560 278 copias
1582 224 1734 278 pararit,
1767 225 1906 264 multi-2

514 295 692 333 tudinem
713 293 923 332 hominum
943 293 1125 345 coegerit,
1147 291 1315 336 armarit,
1338 291 1570 337 instruxerit,
1603 290 1781 330 homines
1803 292 1907 330 iner-

514 375 612 406 mes,
635 362 702 414 qui
723 361 768 399 ad
789 360 1044 398 constitutum
1065 358 1285 411 experiendi
1299 358 1398 410 juris
1418 359 1538 411 gratia
1557 358 1754 405 venissent,
1776 359 1907 403 armis,

513 428 620 472 viris,
649 437 788 465 terrore
822 426 1072 478 periculoque
1107 424 1258 469 mortis,
1295 423 1490 476 repulerit,
1524 423 1681 477 fugarit,
1717 425 1907 469 averterit,

515 493 591 532 hoc
613 495 713 531 dicat
731 508 740 531 :
774 492 865 531 Feci
887 491 1083 544 equidem,
1106 505 1190 543 quae
1212 489 1323 534 dicis,
1356 490 1510 536 omnia;
1542 499 1581 528 et
1600 504 1642 528 ea
1661 490 1748 528 sunt
1768 500 1805 529 et
1826 500 1909 529 tur-

515 561 686 605 bulenta,
705 559 975 603 et‘temerariau
992 566 1030 595 et
1049 556 1272 610 periculosa.
1294 549 1402 608 Qid
1419 570 1509 609 ergo
1529 557 1609 595 est?
1632 557 1792 610 impune
1812 556 1907 595 feci:

516 643 622 673 nam,
645 628 740 681 quid
761 640 845 679 agas
867 639 1023 664 mecum
1044 639 1091 663 ex
1109 626 1196 677 jure
1216 624 1337 668 civili,
1368 638 1410 662 ac
1442 626 1635 677 praetorio,
1668 639 1746 663 non
1776 624 1909 663 habes.

516 697 624 733 Itane
644 708 746 739 vero,
780 695 1080 745 Recuperatores
1100 692 1112 728 ?
1144 690 1219 729 hoc
1240 703 1305 729 vos
1336 690 1498 728 audietis
1517 692 1530 728 ?
1562 700 1600 729 et
1625 692 1727 743 apud
1747 704 1813 729 vos
1835 691 1912 729 dici

515 761 717 814 patiemini
737 759 894 811 saepius?
917 772 1009 796 cum
1030 758 1190 808 majores
1211 756 1329 794 nostri
1346 765 1450 794 tanta
1469 757 1670 809 diligentia
1685 757 1910 810 prudentia-

517 841 592 880 que
612 826 768 869 fuerint‚
806 833 848 862 ut
868 825 1001 861 omnia
1020 823 1202 861 omnium
1234 835 1312 860 non
1334 822 1452 860 modo
1472 831 1666 860 tantarum
1686 837 1828 868 rerum,
1850 824 1910 861 sed

517 894 634 931 etiam
655 891 974 935 tenuiffimarum,
1001 891 1089 943 jura
1113 888 1325 933 statuerint,
1358 887 1623 941 persecutique
1643 889 1729 934 fint,
1765 897 1808 927 ut
1838 888 1913 927 hoc

518 974 637 1013 genus
667 972 807 1003 unum,
842 957 902 995 vel
933 957 1168 1001 maximum,
1204 956 1564 1008 praetermitterent3
1597 964 1654 1000 ut,
1691 955 1715 994 fi
1748 956 1816 1008 qui
1850 970 1914 994 me

517 1028 622 1066 exire
642 1027 759 1065 domo
780 1038 865 1063 mea
885 1023 1090 1077 coegissent
1110 1023 1239 1067 armis,
1261 1021 1442 1061 haberem
1477 1023 1682 1067 actionem,
1714 1023 1740 1060 fi
1761 1023 1830 1075 qui
1849 1023 1913 1061 in-

519 1095 634 1132 troire
653 1091 947 1147 prohibuiffent‚
980 1104 1059 1129 non
1079 1088 1262 1128 haberem
1282 1088 1294 1125 ?
1327 1089 1518 1127 Nondum
1546 1089 1591 1126 de
1624 1089 1787 1127 Caecinae
1807 1089 1916 1128 causa

519 1160 685 1213 disputo,
709 1159 883 1197 nondum
905 1158 950 1196 de
976 1158 1063 1210 jure
1091 1155 1321 1210 poffeffionis
1343 1155 1476 1194 nostrae
1496 1155 1635 1208 loquor
1653 1170 1662 1194 ι
1695 1164 1848 1194 tantum
1869 1155 1915 1194 de

518 1237 584 1265 tua
604 1226 833 1270 defensione,
854 1226 901 1263 C.
926 1225 1026 1268 Piso,
1049 1238 1200 1278 queror.

575 1293 742 1344 Qando
762 1292 815 1329 ita
835 1291 945 1335 dicis,
978 1299 1014 1327 et
1036 1290 1088 1327 ita
1107 1289 1306 1328 constituis
1325 1308 1335 1334 3
1370 1290 1408 1328 Si
1430 1290 1595 1335 Caecina,
1618 1303 1710 1328 cum
1730 1290 1771 1327 in
1791 1287 1915 1327 fundo

519 1360 622 1405 efi'et,
653 1359 743 1397 inde
774 1358 940 1410 dejectus
961 1356 1062 1402 esset,
1099 1365 1184 1394 tum
1207 1370 1273 1409 per
1292 1355 1368 1394 hoc
1389 1357 1638 1395 interdictum
1659 1370 1750 1394 eum
1769 1355 1916 1394 restitui

520 1425 753 1480 oportuiffe5
786 1438 890 1463 nunc
911 1437 999 1462 vero
1021 1423 1212 1475 dejectum
1233 1422 1342 1461 nullo
1361 1423 1480 1461 modo
1511 1423 1582 1461 effe
1603 1423 1707 1468 inde,
1739 1423 1807 1460 ubi
1837 1435 1915 1460 non

519 1493 638 1532 fuerit
653 1511 666 1538 3
689 1491 764 1530 hoc
781 1491 983 1529 imm-dieto
1004 1488 1104 1528 nihil
1121 1503 1190 1528 nos
1209 1488 1394 1527 assecutos
1415 1488 1485 1526 effe
1504 1504 1512 1528 :
1533 1503 1675 1541 quaero,
1696 1489 1723 1527 fi
1744 1498 1781 1527 te
1800 1488 1917 1527 hodie

520 1560 686 1598 domurn
708 1568 815 1596 tuam
837 1557 1062 1595 redeuntem
1083 1556 1205 1594 coacti
1236 1554 1415 1594 homines
1450 1564 1488 1593 et
1521 1556 1657 1593 armati
1690 1569 1769 1594 non
1798 1554 1918 1592 modo

519 1627 658 1665 limine
679 1628 855 1677 tectoque
886 1623 1027 1662 aedium
1059 1632 1228 1668 tuarum,
1264 1623 1325 1661 sed
1352 1623 1480 1675 primo
1511 1622 1618 1660 aditu
1637 1621 1914 1674 vestibuloque,

521 1692 804 1747 prohibuerint,
837 1691 931 1744 quid
948 1692 1098 1728 acturus
1119 1690 1178 1729 sis.
1206 1690 1353 1728 »Monet
1374 1690 1521 1727 amicus
1543 1702 1650 1727 meus
1675 1697 1726 1733 te,
1749 1689 1797 1726 L.
1822 1688 1915 1726 Cal-

521 1760 696 1813 purnius,
715 1767 758 1796 ut
779 1758 884 1796 idem
905 1758 1022 1802 dicas,
1038 1757 1143 1809 quod
1163 1756 1241 1810 ipse
1261 1765 1368 1794 antea
1386 1756 1497 1800 dixit,
1515 1756 1759 1808 injuriarum.
1783 1754 1915 1805 Qid?

521 1827 567 1865 ad
588 1826 737 1864 causam
754 1824 984 1878 posseffionis
1001 1839 1009 1862 :
1033 1824 1155 1877 quid?
1177 1824 1223 1861 ad
1240 1823 1518 1861 restituendum
1538 1836 1643 1868 eum,
1661 1835 1779 1874 quem
1800 1835 1915 1874 opor—-

524 1903 577 1930 tet
598 1892 743 1930 restitui
762 1906 770 1929 :
803 1890 898 1942 quid
920 1890 1087 1941 denique
1106 1890 1118 1926 ?
1151 1889 1196 1926 ad
1222 1890 1286 1940 jus
1308 1889 1434 1933 civile,
1466 1897 1532 1926 aut
1552 1888 1598 1925 ad
1629 1887 1763 1925 actoris
1785 1887 1915 1925 notio-

523 1973 628 2002 nem,
661 1967 699 1995 et
731 1957 776 1994 ad
798 1955 1176 2000 animadversionem,
1209 1968 1294 2006 ages
1326 1954 1585 2006 injuriarum?
1618 1953 1710 1991 Plus
1745 1953 1815 1991 tibi
1846 1967 1918 2006 ego

525 2025 673 2077 largiar.
725 2024 819 2061 Non
854 2022 978 2060 solum
1010 2022 1144 2074 egeris,
1181 2034 1316 2059 verum
1349 2021 1465 2058 etiam
1497 2021 1765 2058 condemnaris
1797 2020 1915 2058 licet:

525 2091 718 2143 numquid
739 2089 861 2141 magis
883 2088 1083 2141 poffidebis
1103 2088 1115 2124 ?
1138 2088 1252 2125 Aetio
1273 2087 1378 2125 enim
1400 2087 1626 2139 injuriarum
1649 2100 1724 2124 non
1743 2087 1807 2139 jus
1831 2086 1916 2139 pof-

525 2157 689 2195 seffionis
709 2155 926 2208 afl'equitur,
944 2154 1005 2192 sed
1026 2154 1198 2193 dolorem
1219 2153 1438 2192 imminuta:
1460 2154 1644 2191 libertatis
1659 2153 1810 2205 judicio
1830 2166 1916 2205 poe-

526 2236 651 2275 unque
673 2222 839 2274 mitigat⁴

581 2290 694 2327 XIII.
731 2289 871 2326 Praetor
892 2287 1047 2332 interea,
1071 2286 1170 2332 Piso,
1204 2295 1308 2325 tanta
1329 2287 1374 2324 de
1395 2300 1433 2324 re
1454 2286 1594 2323 tacebit
1613 2286 1625 2322 ?
1659 2284 1917 2336 quemadmo-

527 2357 621 2394 dum
645 2365 679 2393 te
701 2355 868 2393 restituat
889 2354 928 2391 in
950 2353 1045 2391 aedes
1068 2362 1164 2398 tuas,
1198 2367 1275 2390 non
1296 2352 1454 2390 habebit
1473 2353 1485 2388 ?
1519 2352 1597 2401 Qi
1619 2351 1698 2388 dics
1721 2359 1820 2389 totos
1855 2360 1920 2389 aut

527 2424 607 2461 vim
630 2422 709 2460 sieri
731 2430 845 2466 vetat,
868 2429 932 2459 aut
954 2420 1099 2457 restitui
1120 2419 1259 2457 factam
1274 2420 1414 2471 jubet;
1448 2419 1514 2470 qui
1537 2418 1581 2455 de
1602 2417 1718 2462 sollis,
1748 2418 1793 2455 dc
1815 2417 1918 2456 cloa-

527 2492 595 2534 cis,
612 2488 656 2526 dc
677 2488 852 2526 minimis
873 2500 1059 2539 aquarum
1080 2486 1342 2538 itinerumque
1362 2485 1638 2530 controvcrfiis,
1657 2484 1866 2530 interdicit,
1889 2484 1919 2521 is
