2201 2792
419 203 474 253 64
944 198 1300 238 ORATIO

418 300 614 340 Occidiffe
633 307 780 353 patrem
802 298 888 337 Sex.
912 298 1074 337 Roscius
1095 299 1281 351 arguitur.
1314 295 1535 342 Scelestum,
1566 295 1636 335 Dii
1656 297 1822 336 immor=

419 367 538 406 tales!
562 381 604 405 ac
626 365 816 405 nefarium
848 363 1011 409 facinus,
1043 374 1157 416 atque
1188 363 1389 416 ejusmodi,
1423 376 1503 415 quo
1524 376 1601 401 uno
1631 362 1823 402 maleficio

419 434 556 472 scelera
574 433 706 472 omnia
725 431 927 484 complexa
946 430 1017 468 esse
1037 431 1249 468 videantur.
1283 431 1443 468 Etenim
1462 429 1489 467 fi
1521 429 1578 481 (id
1600 429 1703 482 quod
1725 444 1822 483 prae-

418 500 517 538 clare
537 514 558 537 a
574 498 805 552 sapientibus
825 497 985 548 dicitur)
1008 496 1120 534 vultu
1141 496 1233 549 saepe
1253 496 1406 534 laeditur
1425 496 1544 549 pietas
1560 513 1572 540 ς
1605 495 1710 548 quod
1730 495 1821 549 sup·

417 568 584 621 plicium
601 566 684 604 satis
706 578 789 602 acre
805 564 1010 617 reperietur
1026 564 1065 601 in
1082 577 1187 608 eum,
1203 564 1271 616 qui
1293 572 1462 602 mortem
1481 562 1666 601 obtulerit
1685 576 1823 616 paren-

417 634 463 678 ti,
479 647 548 686 pro
564 646 642 685 quo
659 631 758 670 mori
775 631 914 683 ipsum,
933 631 957 668 fi
975 644 1032 668 res
1049 630 1267 683 postularet,
1280 631 1366 682 jura
1381 630 1509 667 divina
1524 638 1639 681 atque
1655 627 1825 666 humana

417 699 631 752 cogebant?
654 699 700 736 In
720 695 794 734 hoc
816 706 935 741 tanto,
953 706 1032 735 tam
1053 697 1186 740 atroci,
1204 706 1284 734 tam
1301 696 1481 748 singulari
1496 694 1702 740 maleficio,
1719 693 1825 747 quod

417 767 470 804 ita
490 779 572 804 raro
591 764 735 808 extitit,
758 773 814 808 ut,
837 763 862 801 fi
889 763 1043 816 quando
1063 763 1240 801 auditum
1261 762 1319 808 fit,
1342 762 1511 815 portenti
1531 775 1573 800 ac
1590 761 1758 815 prodigii
1774 760 1823 799 fi-

417 833 511 871 mile
531 840 766 875 numeretur,
799 830 940 882 quibus
963 830 1118 868 tandem
1140 839 1189 874 te,
1223 831 1270 868 C.
1293 830 1429 875 Eruci,
1450 829 1687 882 argumentis
1709 840 1824 866 accu-

417 899 579 938 satorem
601 897 726 936 censes
748 897 806 935 uti
825 897 1027 950 oportere?
1059 910 1186 935 nonne
1206 906 1243 934 et
1261 896 1459 934 audaciam
1479 897 1574 948 ejus,
1596 894 1665 947 qui
1683 894 1725 932 in
1745 894 1822 932 cri-

416 979 508 1003 men
525 973 694 1008 vocetur,
710 962 940 1015 singularem
959 962 1152 1001 ostendere
1165 981 1177 1007 3
1200 972 1237 1000 et
1253 975 1378 1000 mores
1396 961 1509 1005 feros,
1531 962 1825 1013 immanemque

416 1041 617 1074 naturam;
648 1039 686 1067 et
706 1030 824 1067 vitam
844 1029 948 1066 vitiis
970 1028 1200 1079 flagitiisque
1221 1027 1405 1065 omnibus
1426 1027 1597 1065 deditam
1609 1044 1623 1070 ;
1655 1034 1694 1064 et
1712 1026 1823 1064 deni-

416 1111 492 1150 que
517 1096 649 1135 omnia
679 1095 725 1132 ad
757 1094 968 1147 perniciem
1004 1092 1204 1146 profligata
1223 1101 1338 1145 atque
1369 1092 1544 1146 perdita?
1577 1093 1761 1144 Qorum
1781 1101 1825 1131 tu

415 1163 517 1202 nihil
537 1163 578 1200 in
600 1163 686 1200 Sex.
705 1160 908 1204 Roscium,
930 1173 978 1196 ne
997 1159 1207 1209 objiciendi
1228 1159 1389 1210 quidem
1410 1157 1532 1201 causa,
1554 1156 1766 1195 contulisti.

471 1228 584 1267 XIV.
609 1229 762 1265 Patrem
782 1224 928 1263 occidit
949 1227 1034 1262 Sex.
1054 1223 1232 1262 Roscius.
1266 1224 1348 1275 Qi
1368 1222 1516 1261 homo?
1540 1222 1823 1261 Adolescentu-

415 1297 476 1334 lus
494 1302 713 1346 corruptus,
746 1300 784 1330 et
804 1291 850 1329 ab
870 1289 1099 1329 hominibus
1120 1304 1288 1343 nequam
1310 1290 1489 1328 induetus
1508 1290 1522 1327 ?
1553 1292 1689 1328 Annos
1710 1299 1821 1328 natus

415 1361 538 1413 magis
559 1358 822 1412 quadraginta.
850 1358 973 1396 Vetus
994 1356 1173 1395 videlicet
1194 1357 1359 1402 sicarius,
1377 1355 1498 1394 horno
1517 1356 1655 1400 audax,
1672 1363 1710 1394 et
1730 1355 1824 1408 saepe

416 1430 456 1466 in
479 1427 580 1465 caede
600 1425 762 1464 versatus
782 1424 794 1461 ?
825 1425 881 1462 At
900 1422 976 1461 hoc
996 1424 1042 1462 ab
1063 1423 1278 1461 accusatore
1299 1436 1345 1460 ne
1366 1423 1444 1461 dici
1470 1422 1630 1475 quidem
1651 1421 1822 1461 audistis.

416 1495 606 1533 Luxuries
638 1492 757 1545 igitur
787 1490 991 1529 hominem
1023 1490 1227 1535 nimirum,
1259 1499 1297 1528 et
1327 1490 1408 1528 oeris
1432 1490 1546 1528 alieni
1576 1489 1822 1541 magnitudo,

415 1573 452 1599 et
481 1560 680 1599 indomitae
710 1559 830 1596 animi
863 1557 1094 1611 cupiditates
1128 1557 1175 1595 ad
1208 1556 1285 1595 hoc
1305 1556 1426 1595 scelus
1457 1556 1712 1610 impulerunt.
1761 1556 1824 1594 De

414 1627 568 1665 luxuria
600 1625 777 1679 purgavit
797 1625 978 1669 Erucius,
1009 1637 1102 1661 cum
1133 1623 1247 1669 dixit,
1278 1622 1385 1661 hunc
1405 1636 1453 1661 ne
1472 1622 1513 1660 in
1533 1621 1713 1660 convivio
1732 1621 1824 1674 qui-

415 1695 504 1732 dem
525 1692 607 1730 ullo
627 1691 705 1730 fere
729 1690 953 1729 interfuisse.
984 1689 1102 1728 Nihil
1124 1698 1252 1728 autem
1274 1703 1446 1742 unquam
1467 1688 1616 1726 debuit.
1655 1687 1823 1740 Cupidi-

415 1769 507 1798 tates
529 1771 641 1811 porro
662 1771 748 1809 quae
766 1755 920 1809 poffunt
939 1755 1011 1794 effe
1031 1756 1071 1793 in
1092 1769 1150 1800 eo,
1179 1756 1246 1808 qui
1271 1755 1332 1807 (ut
1350 1755 1428 1808 ipse
1447 1755 1640 1793 accusator
1659 1754 1821 1806 objecit)

413 1826 494 1863 ruri
514 1825 660 1877 semper
679 1822 875 1866 habitarit,
897 1832 936 1860 et
956 1823 997 1860 in
1017 1835 1107 1873 agro
1127 1822 1291 1859 colendo
1311 1821 1476 1859 vixerit?
1497 1835 1581 1872 quae
1602 1820 1679 1858 vita
1693 1820 1823 1858 maxi-

415 1905 478 1930 me
499 1891 688 1942 disjunCm
708 1902 728 1925 a
747 1888 972 1940 cupiditate,
994 1896 1033 1924 et
1053 1900 1145 1924 curn
1167 1887 1297 1925 officio
1318 1887 1537 1938 conjundta.

471 1957 571 2007 Qae
593 1969 649 1993 res
676 1955 794 2007 igitur
823 1962 975 1991 tantum
1007 1953 1123 1991 istum
1157 1952 1328 1991 furorem
1365 1954 1450 1992 Sex.
1475 1952 1617 1990 Roscio
1645 1952 1820 2005 objecit?

416 2024 534 2068 Patri,
556 2022 698 2074 inquit,
721 2034 797 2059 non
816 2020 1004 2073 placebat.
1044 2020 1147 2058 Patri
1168 2033 1245 2058 non
1266 2019 1441 2073 placebat
1459 2019 1472 2056 ?
1504 2019 1635 2070 Qam
1656 2019 1707 2058 ob
1728 2033 1822 2058 cau-

416 2092 493 2129 sam
513 2091 525 2127 ?
556 2087 716 2128 Necesse
737 2088 789 2125 est
808 2088 914 2126 enim
935 2101 1020 2125 earn
1041 2100 1199 2140 quoque
1213 2087 1372 2139 justam,
1395 2096 1432 2125 et
1452 2099 1647 2139 magnam,
1677 2096 1715 2125 et
1735 2101 1822 2140 per-

415 2158 585 2210 spicuam
607 2155 730 2193 fuisse.
776 2154 898 2200 Nam,
935 2163 978 2193 ut
1002 2154 1099 2192 illud
1121 2153 1347 2192 incredibile
1367 2154 1433 2199 est,
1462 2162 1630 2192 mortem
1652 2153 1821 2192 oblatam

414 2224 485 2262 esse
505 2224 603 2276 patri
617 2236 637 2259 a
655 2222 736 2259 filio
757 2221 833 2259 fine
848 2221 1027 2274 plurimis
1040 2230 1078 2258 et
1095 2221 1276 2259 maximis
1293 2221 1436 2265 caufis;
1458 2220 1508 2258 fic
1526 2218 1601 2258 hoc
1619 2219 1822 2258 verifimile

416 2305 490 2328 non
512 2289 578 2334 est,
610 2289 698 2327 odio
719 2287 828 2326 fuifl'e
847 2287 994 2340 parenti
1026 2286 1154 2325 filium
1175 2287 1250 2324 fine
1271 2287 1388 2325 causis
1411 2285 1561 2330 multis,
1596 2294 1635 2323 et
1655 2286 1819 2338 magnis,

414 2367 451 2394 ct
483 2355 705 2394 neceffariis.
738 2354 884 2393 Rursus
916 2354 1035 2407 igitur
1069 2354 1205 2392 eodem
1235 2363 1480 2397 revertamur,
1517 2361 1555 2389 et
1590 2365 1819 2404 quaeramus,

414 2430 500 2474 'quae
520 2432 623 2460 tanta
643 2422 734 2460 vitia
754 2419 899 2459 fuerint
929 2422 969 2458 in
999 2421 1114 2458 unico
1135 2420 1229 2465 filio,
1261 2432 1375 2473 quare
1405 2419 1436 2457 is
1456 2418 1554 2472 patri
1584 2417 1816 2471 displiceret.

413 2491 469 2526 At
488 2488 735 2541 perspicuum
753 2488 818 2533 est,
837 2487 992 2526 nullum
1010 2486 1131 2525 fuisse.
1168 2488 1277 2525 Pater
1297 2487 1416 2539 igitur
1436 2497 1582 2530 ameuS,
1597 2486 1666 2537 qui
1684 2485 1818 2523 odiffet

412 2568 505 2593 eum
537 2555 612 2593 fine
638 2554 759 2599 causa,
796 2569 914 2607 quem
946 2563 1173 2608 procrearat.
1206 2555 1260 2593 At
1287 2555 1320 2592 is
1351 2553 1510 2607 quidem
1532 2551 1608 2590 fuit
1640 2553 1819 2591 omnium
