<?xml version="1.0" encoding="UTF-8"?>
<!DOCTYPE html PUBLIC "-//W3C//DTD XHTML 1.0 Transitional//EN"
    "http://www.w3.org/TR/xhtml1/DTD/xhtml1-transitional.dtd">
<html xmlns="http://www.w3.org/1999/xhtml" xml:lang="en" lang="en">
 <head>
  <title>
</title>
<meta http-equiv="Content-Type" content="text/html;charset=utf-8" />
  <meta name='ocr-system' content='tesseract 3.04.00' />
  <meta name='ocr-capabilities' content='ocr_page ocr_carea ocr_par ocr_line ocrx_word'/>
</head>
<body>
  <div class='ocr_page' id='page_1' title='image "./operacumindicibu04ciceuoft_0216.png"; bbox 0 0 2201 2792; ppageno 0'>
   <div class='ocr_carea' id='block_1_1' title="bbox 554 180 1530 224">
    <p class='ocr_par' dir='ltr' id='par_1_1' title="bbox 554 180 1530 224">
     <span class='ocr_line' id='line_1_1' title="bbox 554 180 1530 224; baseline -0.004 -1"><span class='ocrx_word' id='word_1_1' title='bbox 554 196 632 224; x_wconf 81' lang='lat'>200</span> <span class='ocrx_word' id='word_1_2' title='bbox 985 181 1076 220; x_wconf 92' lang='lat' dir='ltr'>IN</span> <span class='ocrx_word' id='word_1_3' title='bbox 1146 180 1530 220; x_wconf 86' lang='lat' dir='ltr'>VERREM</span> 
     </span>
    </p>
   </div>
   <div class='ocr_carea' id='block_1_2' title="bbox 550 279 1964 2580">
    <p class='ocr_par' dir='ltr' id='par_1_2' title="bbox 551 279 1960 929">
     <span class='ocr_line' id='line_1_2' title="bbox 551 279 1953 335; baseline -0.004 -12"><span class='ocrx_word' id='word_1_4' title='bbox 551 287 749 324; x_wconf 85' lang='lat' dir='ltr'>Incertum</span> <span class='ocrx_word' id='word_1_5' title='bbox 766 283 832 328; x_wconf 86' lang='lat' dir='ltr'>est,</span> <span class='ocrx_word' id='word_1_6' title='bbox 851 295 969 335; x_wconf 86' lang='lat' dir='ltr'>quam</span> <span class='ocrx_word' id='word_1_7' title='bbox 990 283 1105 334; x_wconf 82' lang='lat' dir='ltr'>longa</span> <span class='ocrx_word' id='word_1_8' title='bbox 1125 282 1295 320; x_wconf 88' lang='lat' dir='ltr'>nostrum</span> <span class='ocrx_word' id='word_1_9' title='bbox 1312 281 1496 333; x_wconf 85' lang='lat' dir='ltr'>cujusque</span> <span class='ocrx_word' id='word_1_10' title='bbox 1517 280 1593 319; x_wconf 88' lang='lat' dir='ltr'>vita</span> <span class='ocrx_word' id='word_1_11' title='bbox 1613 279 1742 319; x_wconf 83' lang='lat' dir='ltr'>futura</span> <span class='ocrx_word' id='word_1_12' title='bbox 1761 279 1820 319; x_wconf 91' lang='lat' dir='ltr'>fit.</span> <span class='ocrx_word' id='word_1_13' title='bbox 1845 281 1953 319; x_wconf 88' lang='lat' dir='ltr'>Con·-</span> 
     </span>
     <span class='ocr_line' id='line_1_3' title="bbox 551 345 1953 399; baseline -0.004 -11"><span class='ocrx_word' id='word_1_14' title='bbox 551 350 671 388; x_wconf 82' lang='lat' dir='ltr'>sulere</span> <span class='ocrx_word' id='word_1_15' title='bbox 691 348 782 393; x_wconf 82' lang='lat' dir='ltr'>vivi,</span> <span class='ocrx_word' id='word_1_16' title='bbox 806 361 847 386; x_wconf 86' lang='lat' dir='ltr'>ac</span> <span class='ocrx_word' id='word_1_17' title='bbox 872 347 1086 399; x_wconf 83' lang='lat' dir='ltr'>prospicere</span> <span class='ocrx_word' id='word_1_18' title='bbox 1107 347 1305 390; x_wconf 82' lang='lat' dir='ltr'><strong>debemus,</strong></span> <span class='ocrx_word' id='word_1_19' title='bbox 1338 357 1381 384; x_wconf 90' lang='lat' dir='ltr'>ut</span> <span class='ocrx_word' id='word_1_20' title='bbox 1401 346 1561 384; x_wconf 91' lang='lat' dir='ltr'>illorum</span> <span class='ocrx_word' id='word_1_21' title='bbox 1588 345 1767 391; x_wconf 90' lang='lat' dir='ltr'>solitudo,</span> <span class='ocrx_word' id='word_1_22' title='bbox 1800 354 1838 384; x_wconf 89' lang='lat' dir='ltr'>et</span> <span class='ocrx_word' id='word_1_23' title='bbox 1857 359 1953 398; x_wconf 88' lang='lat' dir='ltr'>pue-</span> 
     </span>
     <span class='ocr_line' id='line_1_4' title="bbox 551 411 1957 468; baseline -0.004 -14"><span class='ocrx_word' id='word_1_24' title='bbox 551 417 638 455; x_wconf 84' lang='lat' dir='ltr'>ritia</span> <span class='ocrx_word' id='word_1_25' title='bbox 668 429 785 468; x_wconf 83' lang='lat' dir='ltr'>quam</span> <span class='ocrx_word' id='word_1_26' title='bbox 817 413 1033 452; x_wconf 85' lang='lat' dir='ltr'>firmiffimo</span> <span class='ocrx_word' id='word_1_27' title='bbox 1064 412 1235 465; x_wconf 81' lang='lat' dir='ltr'>praefidio</span> <span class='ocrx_word' id='word_1_28' title='bbox 1255 412 1407 449; x_wconf 86' lang='lat' dir='ltr'>munita</span> <span class='ocrx_word' id='word_1_29' title='bbox 1433 412 1489 449; x_wconf 81' lang='lat' dir='ltr'>fit.</span> <span class='ocrx_word' id='word_1_30' title='bbox 1526 412 1625 463; x_wconf 84' lang='lat' dir='ltr'>Qis</span> <span class='ocrx_word' id='word_1_31' title='bbox 1652 411 1705 449; x_wconf 88' lang='lat' dir='ltr'>est</span> <span class='ocrx_word' id='word_1_32' title='bbox 1735 412 1856 457; x_wconf 90' lang='lat' dir='ltr'>enim,</span> <span class='ocrx_word' id='word_1_33' title='bbox 1885 411 1957 463; x_wconf 91' lang='lat' dir='ltr'>qui</span> 
     </span>
     <span class='ocr_line' id='line_1_5' title="bbox 552 477 1957 534; baseline -0.004 -14"><span class='ocrx_word' id='word_1_34' title='bbox 552 483 649 521; x_wconf 81' lang='lat' dir='ltr'>tueri</span> <span class='ocrx_word' id='word_1_35' title='bbox 682 481 793 534; x_wconf 83' lang='lat' dir='ltr'>poffit</span> <span class='ocrx_word' id='word_1_36' title='bbox 824 479 991 517; x_wconf 69' lang='lat' dir='ltr'>liberum</span> <span class='ocrx_word' id='word_1_37' title='bbox 1025 479 1242 516; x_wconf 85' lang='lat' dir='ltr'>nostrorum</span> <span class='ocrx_word' id='word_1_38' title='bbox 1276 477 1481 530; x_wconf 86' lang='lat' dir='ltr'>pueritiam</span> <span class='ocrx_word' id='word_1_39' title='bbox 1502 487 1635 516; x_wconf 85' lang='lat' dir='ltr'>contra</span> <span class='ocrx_word' id='word_1_40' title='bbox 1664 478 1957 530; x_wconf 86' lang='lat' dir='ltr'>improbitatem</span> 
     </span>
     <span class='ocr_line' id='line_1_6' title="bbox 551 543 1958 601; baseline -0.004 -14"><span class='ocrx_word' id='word_1_41' title='bbox 551 549 843 601; x_wconf 80' lang='lat' dir='ltr'>magistratuum</span> <span class='ocrx_word' id='word_1_42' title='bbox 862 547 875 583; x_wconf 91' lang='lat'>?</span> <span class='ocrx_word' id='word_1_43' title='bbox 898 546 1041 589; x_wconf 85' lang='lat' dir='ltr'>Mater,</span> <span class='ocrx_word' id='word_1_44' title='bbox 1059 545 1186 582; x_wconf 87' lang='lat' dir='ltr'>credo.</span> <span class='ocrx_word' id='word_1_45' title='bbox 1210 544 1365 582; x_wconf 83' lang='lat' dir='ltr'>Scilicet</span> <span class='ocrx_word' id='word_1_46' title='bbox 1381 557 1522 595; x_wconf 83' lang='lat' dir='ltr'>magno</span> <span class='ocrx_word' id='word_1_47' title='bbox 1542 543 1712 595; x_wconf 73' lang='lat' dir='ltr'>praesidio</span> <span class='ocrx_word' id='word_1_48' title='bbox 1726 543 1803 582; x_wconf 83' lang='lat' dir='ltr'>fuit</span> <span class='ocrx_word' id='word_1_49' title='bbox 1818 543 1958 582; x_wconf 86' lang='lat' dir='ltr'>Anniae</span> 
     </span>
     <span class='ocr_line' id='line_1_7' title="bbox 551 608 1959 668; baseline -0.005 -15"><span class='ocrx_word' id='word_1_50' title='bbox 551 615 709 668; x_wconf 63' lang='lat' dir='ltr'>pupillae</span> <span class='ocrx_word' id='word_1_51' title='bbox 729 622 864 657; x_wconf 83' lang='lat' dir='ltr'>mater,</span> <span class='ocrx_word' id='word_1_52' title='bbox 896 610 1058 649; x_wconf 82' lang='lat' dir='ltr'>foemina</span> <span class='ocrx_word' id='word_1_53' title='bbox 1078 610 1281 663; x_wconf 85' lang='lat' dir='ltr'>primaria:</span> <span class='ocrx_word' id='word_1_54' title='bbox 1315 610 1460 654; x_wconf 86' lang='lat' dir='ltr'>minus,</span> <span class='ocrx_word' id='word_1_55' title='bbox 1492 608 1560 647; x_wconf 88' lang='lat' dir='ltr'>illa</span> <span class='ocrx_word' id='word_1_56' title='bbox 1579 610 1685 647; x_wconf 83' lang='lat' dir='ltr'>Deos</span> <span class='ocrx_word' id='word_1_57' title='bbox 1705 608 1959 661; x_wconf 86' lang='lat' dir='ltr'>hominesque</span> 
     </span>
     <span class='ocr_line' id='line_1_8' title="bbox 551 674 1958 734; baseline -0.004 -15"><span class='ocrx_word' id='word_1_58' title='bbox 551 681 796 734; x_wconf 86' lang='lat' dir='ltr'>implorante,</span> <span class='ocrx_word' id='word_1_59' title='bbox 820 679 886 716; x_wconf 86' lang='lat' dir='ltr'>iste</span> <span class='ocrx_word' id='word_1_60' title='bbox 906 677 1045 715; x_wconf 79' lang='lat' dir='ltr'>infanti</span> <span class='ocrx_word' id='word_1_61' title='bbox 1064 676 1222 729; x_wconf 85' lang='lat' dir='ltr'>pupillae</span> <span class='ocrx_word' id='word_1_62' title='bbox 1242 675 1415 714; x_wconf 83' lang='lat' dir='ltr'>fortunas</span> <span class='ocrx_word' id='word_1_63' title='bbox 1435 676 1573 728; x_wconf 87' lang='lat' dir='ltr'>patrias</span> <span class='ocrx_word' id='word_1_64' title='bbox 1594 675 1750 714; x_wconf 87' lang='lat' dir='ltr'>ademit.</span> <span class='ocrx_word' id='word_1_65' title='bbox 1770 674 1958 714; x_wconf 84' lang='lat' dir='ltr'>Tutores-</span> 
     </span>
     <span class='ocr_line' id='line_1_9' title="bbox 551 741 1960 795; baseline -0.005 -9"><span class='ocrx_word' id='word_1_66' title='bbox 551 761 599 786; x_wconf 91' lang='lat' dir='ltr'>ne</span> <span class='ocrx_word' id='word_1_67' title='bbox 619 745 893 785; x_wconf 75' lang='lat' dir='ltr'>defenderent?</span> <span class='ocrx_word' id='word_1_68' title='bbox 927 743 1113 782; x_wconf 81' lang='lat' dir='ltr'>Perfacile</span> <span class='ocrx_word' id='word_1_69' title='bbox 1134 756 1221 781; x_wconf 82' lang='lat' dir='ltr'>vero</span> <span class='ocrx_word' id='word_1_70' title='bbox 1241 743 1343 795; x_wconf 89' lang='lat' dir='ltr'>apud</span> <span class='ocrx_word' id='word_1_71' title='bbox 1362 741 1575 780; x_wconf 88' lang='lat' dir='ltr'>istiusmodi</span> <span class='ocrx_word' id='word_1_72' title='bbox 1596 743 1820 786; x_wconf 84' lang='lat' dir='ltr'>Praetorem,</span> <span class='ocrx_word' id='word_1_73' title='bbox 1841 755 1862 779; x_wconf 89' lang='lat' dir='ltr'>a</span> <span class='ocrx_word' id='word_1_74' title='bbox 1881 754 1960 793; x_wconf 92' lang='lat' dir='ltr'>quo</span> 
     </span>
     <span class='ocr_line' id='line_1_10' title="bbox 553 807 1957 861; baseline -0.004 -10"><span class='ocrx_word' id='word_1_75' title='bbox 553 815 617 852; x_wconf 88' lang='lat' dir='ltr'>M.</span> <span class='ocrx_word' id='word_1_76' title='bbox 641 811 820 850; x_wconf 80' lang='lat' dir='ltr'>Marcelli</span> <span class='ocrx_word' id='word_1_77' title='bbox 841 810 992 854; x_wconf 87' lang='lat' dir='ltr'>tutoris,</span> <span class='ocrx_word' id='word_1_78' title='bbox 1015 809 1054 846; x_wconf 90' lang='lat' dir='ltr'>in</span> <span class='ocrx_word' id='word_1_79' title='bbox 1075 808 1182 847; x_wconf 83' lang='lat' dir='ltr'>causa</span> <span class='ocrx_word' id='word_1_80' title='bbox 1201 808 1343 861; x_wconf 89' lang='lat' dir='ltr'>pupilli</span> <span class='ocrx_word' id='word_1_81' title='bbox 1355 808 1480 859; x_wconf 89' lang='lat' dir='ltr'>Junii‚</span> <span class='ocrx_word' id='word_1_82' title='bbox 1497 817 1536 846; x_wconf 92' lang='lat' dir='ltr'>et</span> <span class='ocrx_word' id='word_1_83' title='bbox 1555 807 1691 853; x_wconf 88' lang='lat' dir='ltr'>oratio,</span> <span class='ocrx_word' id='word_1_84' title='bbox 1712 817 1750 846; x_wconf 88' lang='lat' dir='ltr'>et</span> <span class='ocrx_word' id='word_1_85' title='bbox 1765 807 1957 851; x_wconf 83' lang='lat' dir='ltr'>voluntas,</span> 
     </span>
     <span class='ocr_line' id='line_1_11' title="bbox 552 875 1112 929; baseline -0.005 -12"><span class='ocrx_word' id='word_1_86' title='bbox 552 889 590 917; x_wconf 88' lang='lat' dir='ltr'>et</span> <span class='ocrx_word' id='word_1_87' title='bbox 609 879 810 916; x_wconf 65' lang='lat' dir='ltr'>auctoritas</span> <span class='ocrx_word' id='word_1_88' title='bbox 831 876 1027 929; x_wconf 87' lang='lat' dir='ltr'>repudiata</span> <span class='ocrx_word' id='word_1_89' title='bbox 1047 875 1112 914; x_wconf 90' lang='lat' dir='ltr'>est.</span> 
     </span>
    </p>

    <p class='ocr_par' dir='ltr' id='par_1_3' title="bbox 550 938 1964 1976">
     <span class='ocr_line' id='line_1_12' title="bbox 607 938 1960 996; baseline -0.004 -13"><span class='ocrx_word' id='word_1_90' title='bbox 607 946 717 983; x_wconf 88' lang='lat' dir='ltr'>LIX.</span> <span class='ocrx_word' id='word_1_91' title='bbox 752 944 973 996; x_wconf 75' lang='lat' dir='ltr'>Qaerimus</span> <span class='ocrx_word' id='word_1_92' title='bbox 994 943 1125 986; x_wconf 82' lang='lat' dir='ltr'>etiam,</span> <span class='ocrx_word' id='word_1_93' title='bbox 1159 940 1255 993; x_wconf 90' lang='lat' dir='ltr'>quid</span> <span class='ocrx_word' id='word_1_94' title='bbox 1281 940 1347 978; x_wconf 89' lang='lat' dir='ltr'>iste</span> <span class='ocrx_word' id='word_1_95' title='bbox 1367 940 1407 978; x_wconf 91' lang='lat' dir='ltr'>in</span> <span class='ocrx_word' id='word_1_96' title='bbox 1427 940 1567 978; x_wconf 88' lang='lat' dir='ltr'>ultima</span> <span class='ocrx_word' id='word_1_97' title='bbox 1588 938 1769 992; x_wconf 84' lang='lat' dir='ltr'>Phrygia,</span> <span class='ocrx_word' id='word_1_98' title='bbox 1803 938 1898 991; x_wconf 88' lang='lat' dir='ltr'>quid</span> <span class='ocrx_word' id='word_1_99' title='bbox 1919 939 1960 978; x_wconf 87' lang='lat' dir='ltr'>in</span> 
     </span>
     <span class='ocr_line' id='line_1_13' title="bbox 553 1005 1960 1061; baseline -0.004 -11"><span class='ocrx_word' id='word_1_100' title='bbox 553 1011 735 1050; x_wconf 82' lang='lat' dir='ltr'>extremis</span> <span class='ocrx_word' id='word_1_101' title='bbox 758 1008 997 1061; x_wconf 80' lang='lat' dir='ltr'>Pamphyliae</span> <span class='ocrx_word' id='word_1_102' title='bbox 1018 1008 1191 1060; x_wconf 83' lang='lat' dir='ltr'>partibus</span> <span class='ocrx_word' id='word_1_103' title='bbox 1212 1006 1370 1044; x_wconf 85' lang='lat' dir='ltr'>fecerit?</span> <span class='ocrx_word' id='word_1_104' title='bbox 1402 1005 1524 1057; x_wconf 81' lang='lat' dir='ltr'>qualis</span> <span class='ocrx_word' id='word_1_105' title='bbox 1545 1006 1587 1043; x_wconf 91' lang='lat' dir='ltr'>in</span> <span class='ocrx_word' id='word_1_106' title='bbox 1607 1005 1711 1043; x_wconf 90' lang='lat' dir='ltr'>bello</span> <span class='ocrx_word' id='word_1_107' title='bbox 1731 1005 1960 1058; x_wconf 87' lang='lat' dir='ltr'>praedonum</span> 
     </span>
     <span class='ocr_line' id='line_1_14' title="bbox 552 1071 1959 1132; baseline -0.004 -16"><span class='ocrx_word' id='word_1_108' title='bbox 552 1079 680 1132; x_wconf 80' lang='lat' dir='ltr'>praedo</span> <span class='ocrx_word' id='word_1_109' title='bbox 701 1077 778 1130; x_wconf 86' lang='lat' dir='ltr'>ipse</span> <span class='ocrx_word' id='word_1_110' title='bbox 798 1075 929 1119; x_wconf 84' lang='lat' dir='ltr'>fuerit,</span> <span class='ocrx_word' id='word_1_111' title='bbox 960 1074 1029 1126; x_wconf 90' lang='lat' dir='ltr'>qui</span> <span class='ocrx_word' id='word_1_112' title='bbox 1049 1074 1088 1111; x_wconf 90' lang='lat' dir='ltr'>in</span> <span class='ocrx_word' id='word_1_113' title='bbox 1120 1072 1204 1112; x_wconf 87' lang='lat' dir='ltr'>foro</span> <span class='ocrx_word' id='word_1_114' title='bbox 1224 1072 1360 1126; x_wconf 89' lang='lat' dir='ltr'>populi</span> <span class='ocrx_word' id='word_1_115' title='bbox 1381 1073 1552 1111; x_wconf 81' lang='lat' dir='ltr'>Romani</span> <span class='ocrx_word' id='word_1_116' title='bbox 1572 1072 1693 1126; x_wconf 84' lang='lat' dir='ltr'>pirata</span> <span class='ocrx_word' id='word_1_117' title='bbox 1712 1071 1878 1111; x_wconf 83' lang='lat' dir='ltr'>nefarius</span> <span class='ocrx_word' id='word_1_118' title='bbox 1898 1086 1959 1111; x_wconf 91' lang='lat' dir='ltr'>re-</span> 
     </span>
     <span class='ocr_line' id='line_1_15' title="bbox 550 1138 1960 1198; baseline -0.004 -16"><span class='ocrx_word' id='word_1_119' title='bbox 550 1144 747 1198; x_wconf 78' lang='lat' dir='ltr'>periatur?</span> <span class='ocrx_word' id='word_1_120' title='bbox 780 1142 1035 1185; x_wconf 86' lang='lat' dir='ltr'>Dubitamus‚</span> <span class='ocrx_word' id='word_1_121' title='bbox 1068 1140 1163 1192; x_wconf 89' lang='lat' dir='ltr'>quid</span> <span class='ocrx_word' id='word_1_122' title='bbox 1197 1140 1265 1177; x_wconf 92' lang='lat' dir='ltr'>iste</span> <span class='ocrx_word' id='word_1_123' title='bbox 1294 1140 1335 1176; x_wconf 88' lang='lat' dir='ltr'>in</span> <span class='ocrx_word' id='word_1_124' title='bbox 1366 1138 1538 1177; x_wconf 87' lang='lat' dir='ltr'>hostium</span> <span class='ocrx_word' id='word_1_125' title='bbox 1569 1139 1694 1191; x_wconf 80' lang='lat' dir='ltr'>praeda</span> <span class='ocrx_word' id='word_1_126' title='bbox 1721 1139 1881 1176; x_wconf 83' lang='lat' dir='ltr'>molitus</span> <span class='ocrx_word' id='word_1_127' title='bbox 1901 1139 1960 1183; x_wconf 89' lang='lat' dir='ltr'>fit,</span> 
     </span>
     <span class='ocr_line' id='line_1_16' title="bbox 552 1204 1961 1263; baseline -0.004 -14"><span class='ocrx_word' id='word_1_128' title='bbox 552 1213 621 1263; x_wconf 87' lang='lat' dir='ltr'>qui</span> <span class='ocrx_word' id='word_1_129' title='bbox 654 1210 852 1248; x_wconf 78' lang='lat' dir='ltr'>manubias</span> <span class='ocrx_word' id='word_1_130' title='bbox 888 1208 956 1245; x_wconf 84' lang='lat' dir='ltr'>fibi</span> <span class='ocrx_word' id='word_1_131' title='bbox 991 1215 1112 1244; x_wconf 85' lang='lat' dir='ltr'>tantas</span> <span class='ocrx_word' id='word_1_132' title='bbox 1138 1219 1185 1244; x_wconf 86' lang='lat' dir='ltr'>ex</span> <span class='ocrx_word' id='word_1_133' title='bbox 1206 1207 1255 1243; x_wconf 94' lang='lat' dir='ltr'>L.</span> <span class='ocrx_word' id='word_1_134' title='bbox 1278 1205 1436 1243; x_wconf 87' lang='lat' dir='ltr'>Metelli</span> <span class='ocrx_word' id='word_1_135' title='bbox 1468 1205 1662 1243; x_wconf 83' lang='lat' dir='ltr'>manubiis</span> <span class='ocrx_word' id='word_1_136' title='bbox 1693 1204 1860 1243; x_wconf 87' lang='lat' dir='ltr'>fecerit?</span> <span class='ocrx_word' id='word_1_137' title='bbox 1892 1207 1961 1258; x_wconf 92' lang='lat' dir='ltr'>qui</span> 
     </span>
     <span class='ocr_line' id='line_1_17' title="bbox 552 1270 1960 1327; baseline -0.004 -12"><span class='ocrx_word' id='word_1_138' title='bbox 552 1277 696 1327; x_wconf 82' lang='lat' dir='ltr'>majore</span> <span class='ocrx_word' id='word_1_139' title='bbox 727 1274 889 1327; x_wconf 85' lang='lat' dir='ltr'>pecunia</span> <span class='ocrx_word' id='word_1_140' title='bbox 910 1280 1073 1324; x_wconf 84' lang='lat' dir='ltr'>quatuor</span> <span class='ocrx_word' id='word_1_141' title='bbox 1093 1271 1294 1309; x_wconf 85' lang='lat' dir='ltr'>columnas</span> <span class='ocrx_word' id='word_1_142' title='bbox 1324 1270 1565 1316; x_wconf 77' lang='lat' dir='ltr'>dealbandas,</span> <span class='ocrx_word' id='word_1_143' title='bbox 1593 1284 1711 1324; x_wconf 88' lang='lat' dir='ltr'>quam</span> <span class='ocrx_word' id='word_1_144' title='bbox 1738 1271 1805 1309; x_wconf 91' lang='lat' dir='ltr'>ille</span> <span class='ocrx_word' id='word_1_145' title='bbox 1824 1283 1960 1311; x_wconf 85' lang='lat' dir='ltr'>ornnes</span> 
     </span>
     <span class='ocr_line' id='line_1_18' title="bbox 553 1336 1959 1390; baseline -0.002 -11"><span class='ocrx_word' id='word_1_146' title='bbox 553 1340 791 1380; x_wconf 70' lang='lat' dir='ltr'>:edificandas</span> <span class='ocrx_word' id='word_1_147' title='bbox 812 1338 991 1376; x_wconf 79' lang='lat' dir='ltr'>locaverit</span> <span class='ocrx_word' id='word_1_148' title='bbox 1009 1338 1021 1374; x_wconf 94' lang='lat'>?</span> <span class='ocrx_word' id='word_1_149' title='bbox 1045 1337 1320 1390; x_wconf 65' lang='lat' dir='ltr'>Expectemus,</span> <span class='ocrx_word' id='word_1_150' title='bbox 1338 1336 1434 1388; x_wconf 92' lang='lat' dir='ltr'>quid</span> <span class='ocrx_word' id='word_1_151' title='bbox 1454 1336 1584 1374; x_wconf 87' lang='lat' dir='ltr'>dicant</span> <span class='ocrx_word' id='word_1_152' title='bbox 1603 1350 1651 1374; x_wconf 82' lang='lat' dir='ltr'>ex</span> <span class='ocrx_word' id='word_1_153' title='bbox 1672 1337 1802 1374; x_wconf 84' lang='lat' dir='ltr'>Sicilia</span> <span class='ocrx_word' id='word_1_154' title='bbox 1820 1336 1930 1376; x_wconf 83' lang='lat' dir='ltr'>testes</span> <span class='ocrx_word' id='word_1_155' title='bbox 1946 1338 1959 1376; x_wconf 88' lang='lat'>?</span> 
     </span>
     <span class='ocr_line' id='line_1_19' title="bbox 554 1402 1963 1460; baseline -0.003 -15"><span class='ocrx_word' id='word_1_156' title='bbox 554 1408 655 1460; x_wconf 84' lang='lat' dir='ltr'>Qis</span> <span class='ocrx_word' id='word_1_157' title='bbox 678 1419 852 1458; x_wconf 81' lang='lat' dir='ltr'>unquam</span> <span class='ocrx_word' id='word_1_158' title='bbox 883 1403 1076 1456; x_wconf 86' lang='lat' dir='ltr'>templum</span> <span class='ocrx_word' id='word_1_159' title='bbox 1102 1403 1200 1440; x_wconf 88' lang='lat' dir='ltr'>illud</span> <span class='ocrx_word' id='word_1_160' title='bbox 1231 1402 1391 1455; x_wconf 83' lang='lat' dir='ltr'>aspexit,</span> <span class='ocrx_word' id='word_1_161' title='bbox 1422 1403 1518 1454; x_wconf 89' lang='lat' dir='ltr'>quin</span> <span class='ocrx_word' id='word_1_162' title='bbox 1549 1403 1713 1441; x_wconf 83' lang='lat' dir='ltr'>avaritiae</span> <span class='ocrx_word' id='word_1_163' title='bbox 1745 1411 1833 1448; x_wconf 87' lang='lat' dir='ltr'>tuae,</span> <span class='ocrx_word' id='word_1_164' title='bbox 1865 1404 1963 1456; x_wconf 89' lang='lat' dir='ltr'>quin</span> 
     </span>
     <span class='ocr_line' id='line_1_20' title="bbox 552 1467 1962 1526; baseline -0.004 -14"><span class='ocrx_word' id='word_1_165' title='bbox 552 1474 715 1526; x_wconf 85' lang='lat' dir='ltr'>injuriae,</span> <span class='ocrx_word' id='word_1_166' title='bbox 738 1471 833 1524; x_wconf 86' lang='lat' dir='ltr'>quin</span> <span class='ocrx_word' id='word_1_167' title='bbox 853 1470 1018 1508; x_wconf 84' lang='lat' dir='ltr'>audaciae</span> <span class='ocrx_word' id='word_1_168' title='bbox 1039 1469 1139 1507; x_wconf 81' lang='lat' dir='ltr'>testis</span> <span class='ocrx_word' id='word_1_169' title='bbox 1160 1467 1250 1506; x_wconf 83' lang='lat' dir='ltr'>effet</span> <span class='ocrx_word' id='word_1_170' title='bbox 1269 1469 1281 1505; x_wconf 91' lang='lat'>?</span> <span class='ocrx_word' id='word_1_171' title='bbox 1305 1469 1406 1519; x_wconf 86' lang='lat' dir='ltr'>Qis</span> <span class='ocrx_word' id='word_1_172' title='bbox 1426 1482 1446 1505; x_wconf 85' lang='lat' dir='ltr'>a</span> <span class='ocrx_word' id='word_1_173' title='bbox 1466 1469 1573 1520; x_wconf 72' lang='lat' dir='ltr'>signo</span> <span class='ocrx_word' id='word_1_174' title='bbox 1592 1469 1801 1507; x_wconf 88' lang='lat' dir='ltr'>Vertumni</span> <span class='ocrx_word' id='word_1_175' title='bbox 1822 1469 1864 1507; x_wconf 89' lang='lat' dir='ltr'>in</span> <span class='ocrx_word' id='word_1_176' title='bbox 1883 1469 1962 1508; x_wconf 88' lang='lat' dir='ltr'>cir-</span> 
     </span>
     <span class='ocr_line' id='line_1_21' title="bbox 553 1535 1964 1588; baseline -0.004 -9"><span class='ocrx_word' id='word_1_177' title='bbox 553 1554 646 1579; x_wconf 89' lang='lat' dir='ltr'>cum</span> <span class='ocrx_word' id='word_1_178' title='bbox 667 1539 887 1577; x_wconf 83' lang='lat' dir='ltr'>maximum</span> <span class='ocrx_word' id='word_1_179' title='bbox 918 1537 1036 1580; x_wconf 89' lang='lat' dir='ltr'>venit,</span> <span class='ocrx_word' id='word_1_180' title='bbox 1068 1536 1163 1588; x_wconf 88' lang='lat' dir='ltr'>quin</span> <span class='ocrx_word' id='word_1_181' title='bbox 1194 1536 1224 1573; x_wconf 87' lang='lat' dir='ltr'>is</span> <span class='ocrx_word' id='word_1_182' title='bbox 1246 1535 1286 1573; x_wconf 88' lang='lat' dir='ltr'>in</span> <span class='ocrx_word' id='word_1_183' title='bbox 1314 1548 1551 1587; x_wconf 88' lang='lat' dir='ltr'>unoquoque</span> <span class='ocrx_word' id='word_1_184' title='bbox 1582 1535 1703 1587; x_wconf 86' lang='lat' dir='ltr'>gradu</span> <span class='ocrx_word' id='word_1_185' title='bbox 1734 1535 1780 1572; x_wconf 88' lang='lat' dir='ltr'>de</span> <span class='ocrx_word' id='word_1_186' title='bbox 1809 1536 1964 1574; x_wconf 85' lang='lat' dir='ltr'>avaritia</span> 
     </span>
     <span class='ocr_line' id='line_1_22' title="bbox 552 1599 1962 1654; baseline -0.003 -10"><span class='ocrx_word' id='word_1_187' title='bbox 552 1616 619 1644; x_wconf 86' lang='lat' dir='ltr'>tua</span> <span class='ocrx_word' id='word_1_188' title='bbox 649 1603 992 1643; x_wconf 85' lang='lat' dir='ltr'>commoneretur?</span> <span class='ocrx_word' id='word_1_189' title='bbox 1031 1615 1148 1654; x_wconf 88' lang='lat' dir='ltr'>quam</span> <span class='ocrx_word' id='word_1_190' title='bbox 1184 1612 1226 1639; x_wconf 90' lang='lat' dir='ltr'>tu</span> <span class='ocrx_word' id='word_1_191' title='bbox 1260 1602 1364 1639; x_wconf 89' lang='lat' dir='ltr'>viam</span> <span class='ocrx_word' id='word_1_192' title='bbox 1396 1599 1632 1645; x_wconf 84' lang='lat' dir='ltr'>thensarum,</span> <span class='ocrx_word' id='word_1_193' title='bbox 1663 1608 1777 1653; x_wconf 88' lang='lat' dir='ltr'>atque</span> <span class='ocrx_word' id='word_1_194' title='bbox 1807 1614 1962 1654; x_wconf 65' lang='lat' dir='ltr'>pompae</span> 
     </span>
     <span class='ocr_line' id='line_1_23' title="bbox 552 1666 1961 1724; baseline -0.004 -13"><span class='ocrx_word' id='word_1_195' title='bbox 552 1671 742 1724; x_wconf 84' lang='lat' dir='ltr'>ejusmodi</span> <span class='ocrx_word' id='word_1_196' title='bbox 762 1668 933 1721; x_wconf 81' lang='lat' dir='ltr'>exegisti,</span> <span class='ocrx_word' id='word_1_197' title='bbox 970 1676 1013 1705; x_wconf 92' lang='lat' dir='ltr'>ut</span> <span class='ocrx_word' id='word_1_198' title='bbox 1039 1676 1082 1705; x_wconf 90' lang='lat' dir='ltr'>tu</span> <span class='ocrx_word' id='word_1_199' title='bbox 1102 1667 1180 1720; x_wconf 86' lang='lat' dir='ltr'>ipse</span> <span class='ocrx_word' id='word_1_200' title='bbox 1201 1667 1268 1715; x_wconf 64' lang='lat' dir='ltr'>illa</span> <span class='ocrx_word' id='word_1_201' title='bbox 1287 1667 1341 1704; x_wconf 90' lang='lat' dir='ltr'>ire</span> <span class='ocrx_word' id='word_1_202' title='bbox 1362 1679 1439 1704; x_wconf 89' lang='lat' dir='ltr'>non</span> <span class='ocrx_word' id='word_1_203' title='bbox 1459 1666 1610 1704; x_wconf 79' lang='lat' dir='ltr'>audeaS.</span> <span class='ocrx_word' id='word_1_204' title='bbox 1642 1667 1704 1704; x_wconf 90' lang='lat' dir='ltr'>Te</span> <span class='ocrx_word' id='word_1_205' title='bbox 1724 1675 1835 1719; x_wconf 90' lang='lat' dir='ltr'>putet</span> <span class='ocrx_word' id='word_1_206' title='bbox 1855 1667 1961 1720; x_wconf 87' lang='lat' dir='ltr'>quis-</span> 
     </span>
     <span class='ocr_line' id='line_1_24' title="bbox 553 1731 1959 1791; baseline -0.004 -15"><span class='ocrx_word' id='word_1_207' title='bbox 553 1752 686 1791; x_wconf 89' lang='lat' dir='ltr'>quam,</span> <span class='ocrx_word' id='word_1_208' title='bbox 722 1749 814 1774; x_wconf 88' lang='lat' dir='ltr'>cum</span> <span class='ocrx_word' id='word_1_209' title='bbox 835 1735 881 1773; x_wconf 90' lang='lat' dir='ltr'>ab</span> <span class='ocrx_word' id='word_1_210' title='bbox 915 1734 1024 1772; x_wconf 78' lang='lat' dir='ltr'>Italia</span> <span class='ocrx_word' id='word_1_211' title='bbox 1056 1732 1156 1772; x_wconf 88' lang='lat' dir='ltr'>freto</span> <span class='ocrx_word' id='word_1_212' title='bbox 1181 1733 1395 1785; x_wconf 67' lang='lat' dir='ltr'>disjunctus</span> <span class='ocrx_word' id='word_1_213' title='bbox 1427 1731 1531 1778; x_wconf 86' lang='lat' dir='ltr'>effes,</span> <span class='ocrx_word' id='word_1_214' title='bbox 1562 1732 1673 1771; x_wconf 88' lang='lat' dir='ltr'>sociis</span> <span class='ocrx_word' id='word_1_215' title='bbox 1705 1733 1959 1786; x_wconf 77' lang='lat' dir='ltr'>temperasse?</span> 
     </span>
     <span class='ocr_line' id='line_1_25' title="bbox 553 1799 1962 1859; baseline -0.004 -16"><span class='ocrx_word' id='word_1_216' title='bbox 553 1806 623 1859; x_wconf 79' lang='lat' dir='ltr'>qui</span> <span class='ocrx_word' id='word_1_217' title='bbox 643 1805 763 1843; x_wconf 82' lang='lat' dir='ltr'>aedcm</span> <span class='ocrx_word' id='word_1_218' title='bbox 785 1802 964 1846; x_wconf 87' lang='lat' dir='ltr'>Castoris,</span> <span class='ocrx_word' id='word_1_219' title='bbox 987 1800 1120 1838; x_wconf 90' lang='lat' dir='ltr'>testem</span> <span class='ocrx_word' id='word_1_220' title='bbox 1140 1799 1336 1839; x_wconf 86' lang='lat' dir='ltr'>furtorum</span> <span class='ocrx_word' id='word_1_221' title='bbox 1358 1810 1515 1839; x_wconf 87' lang='lat' dir='ltr'>tuorum</span> <span class='ocrx_word' id='word_1_222' title='bbox 1534 1799 1606 1838; x_wconf 84' lang='lat' dir='ltr'>effe</span> <span class='ocrx_word' id='word_1_223' title='bbox 1622 1801 1815 1838; x_wconf 84' lang='lat' dir='ltr'>volueris?</span> <span class='ocrx_word' id='word_1_224' title='bbox 1843 1813 1962 1852; x_wconf 86' lang='lat' dir='ltr'>quam</span> 
     </span>
     <span class='ocr_line' id='line_1_26' title="bbox 554 1865 1962 1925; baseline -0.004 -16"><span class='ocrx_word' id='word_1_225' title='bbox 554 1871 721 1925; x_wconf 90' lang='lat' dir='ltr'>populus</span> <span class='ocrx_word' id='word_1_226' title='bbox 742 1871 945 1907; x_wconf 82' lang='lat' dir='ltr'>Romanus</span> <span class='ocrx_word' id='word_1_227' title='bbox 973 1866 1163 1918; x_wconf 86' lang='lat' dir='ltr'>quotidie,</span> <span class='ocrx_word' id='word_1_228' title='bbox 1191 1867 1341 1918; x_wconf 88' lang='lat' dir='ltr'>judices</span> <span class='ocrx_word' id='word_1_229' title='bbox 1361 1866 1478 1904; x_wconf 89' lang='lat' dir='ltr'>etiam</span> <span class='ocrx_word' id='word_1_230' title='bbox 1499 1874 1600 1910; x_wconf 91' lang='lat' dir='ltr'>tum,</span> <span class='ocrx_word' id='word_1_231' title='bbox 1633 1879 1726 1904; x_wconf 88' lang='lat' dir='ltr'>cum</span> <span class='ocrx_word' id='word_1_232' title='bbox 1753 1865 1800 1903; x_wconf 89' lang='lat' dir='ltr'>de</span> <span class='ocrx_word' id='word_1_233' title='bbox 1821 1873 1858 1903; x_wconf 88' lang='lat' dir='ltr'>te</span> <span class='ocrx_word' id='word_1_234' title='bbox 1877 1865 1962 1904; x_wconf 89' lang='lat' dir='ltr'>sen-</span> 
     </span>
     <span class='ocr_line' id='line_1_27' title="bbox 554 1931 1119 1976; baseline -0.014 -1"><span class='ocrx_word' id='word_1_235' title='bbox 554 1937 716 1975; x_wconf 85' lang='lat' dir='ltr'>tentiam</span> <span class='ocrx_word' id='word_1_236' title='bbox 738 1933 893 1976; x_wconf 85' lang='lat' dir='ltr'>ferrent,</span> <span class='ocrx_word' id='word_1_237' title='bbox 916 1931 1088 1969; x_wconf 87' lang='lat' dir='ltr'>viderent</span> <span class='ocrx_word' id='word_1_238' title='bbox 1107 1932 1119 1968; x_wconf 93' lang='lat'>?</span> 
     </span>
    </p>

    <p class='ocr_par' dir='ltr' id='par_1_4' title="bbox 555 1996 1964 2580">
     <span class='ocr_line' id='line_1_28' title="bbox 612 1996 1960 2051; baseline -0.002 -12"><span class='ocrx_word' id='word_1_239' title='bbox 612 2001 700 2039; x_wconf 90' lang='lat' dir='ltr'>LX.</span> <span class='ocrx_word' id='word_1_240' title='bbox 733 2001 864 2051; x_wconf 86' lang='lat' dir='ltr'>Atque</span> <span class='ocrx_word' id='word_1_241' title='bbox 899 1997 1015 2035; x_wconf 85' lang='lat' dir='ltr'>etiam</span> <span class='ocrx_word' id='word_1_242' title='bbox 1043 1997 1240 2048; x_wconf 86' lang='lat' dir='ltr'>judicium</span> <span class='ocrx_word' id='word_1_243' title='bbox 1273 1996 1313 2034; x_wconf 90' lang='lat' dir='ltr'>in</span> <span class='ocrx_word' id='word_1_244' title='bbox 1344 2004 1507 2049; x_wconf 85' lang='lat' dir='ltr'>praetura</span> <span class='ocrx_word' id='word_1_245' title='bbox 1537 1996 1742 2049; x_wconf 90' lang='lat' dir='ltr'>publicum</span> <span class='ocrx_word' id='word_1_246' title='bbox 1775 1996 1960 2036; x_wconf 82' lang='lat' dir='ltr'>exercuit.</span> 
     </span>
     <span class='ocr_line' id='line_1_29' title="bbox 555 2062 1964 2117; baseline -0.004 -12"><span class='ocrx_word' id='word_1_247' title='bbox 555 2067 652 2106; x_wconf 90' lang='lat' dir='ltr'>Non</span> <span class='ocrx_word' id='word_1_248' title='bbox 673 2066 777 2103; x_wconf 86' lang='lat' dir='ltr'>enim</span> <span class='ocrx_word' id='word_1_249' title='bbox 798 2063 1106 2117; x_wconf 66' lang='lat' dir='ltr'>praetereundum</span> <span class='ocrx_word' id='word_1_250' title='bbox 1127 2062 1180 2100; x_wconf 86' lang='lat' dir='ltr'>est</span> <span class='ocrx_word' id='word_1_251' title='bbox 1200 2076 1247 2100; x_wconf 89' lang='lat' dir='ltr'>ne</span> <span class='ocrx_word' id='word_1_252' title='bbox 1266 2062 1304 2100; x_wconf 91' lang='lat' dir='ltr'>id</span> <span class='ocrx_word' id='word_1_253' title='bbox 1318 2062 1491 2115; x_wconf 89' lang='lat' dir='ltr'>quidem.</span> <span class='ocrx_word' id='word_1_254' title='bbox 1516 2063 1640 2101; x_wconf 85' lang='lat' dir='ltr'>Petita</span> <span class='ocrx_word' id='word_1_255' title='bbox 1656 2062 1780 2100; x_wconf 87' lang='lat' dir='ltr'>multa</span> <span class='ocrx_word' id='word_1_256' title='bbox 1795 2062 1847 2100; x_wconf 89' lang='lat' dir='ltr'>est</span> <span class='ocrx_word' id='word_1_257' title='bbox 1861 2062 1964 2116; x_wconf 88' lang='lat' dir='ltr'>apud</span> 
     </span>
     <span class='ocr_line' id='line_1_30' title="bbox 555 2128 1961 2182; baseline -0.004 -11"><span class='ocrx_word' id='word_1_258' title='bbox 555 2133 672 2171; x_wconf 84' lang='lat' dir='ltr'>istum</span> <span class='ocrx_word' id='word_1_259' title='bbox 695 2133 901 2170; x_wconf 71' lang='lat' dir='ltr'>Proetorem</span> <span class='ocrx_word' id='word_1_260' title='bbox 933 2143 953 2167; x_wconf 87' lang='lat' dir='ltr'>a</span> <span class='ocrx_word' id='word_1_261' title='bbox 973 2129 1245 2182; x_wconf 72' lang='lat' dir='ltr'>QOpimi05</span> <span class='ocrx_word' id='word_1_262' title='bbox 1277 2129 1346 2181; x_wconf 91' lang='lat' dir='ltr'>qui</span> <span class='ocrx_word' id='word_1_263' title='bbox 1380 2129 1564 2167; x_wconf 61' lang='lat' dir='ltr'>adduffitus</span> <span class='ocrx_word' id='word_1_264' title='bbox 1598 2128 1651 2167; x_wconf 91' lang='lat' dir='ltr'>est</span> <span class='ocrx_word' id='word_1_265' title='bbox 1681 2129 1721 2166; x_wconf 92' lang='lat' dir='ltr'>in</span> <span class='ocrx_word' id='word_1_266' title='bbox 1749 2128 1961 2181; x_wconf 86' lang='lat' dir='ltr'>judicium,</span> 
     </span>
     <span class='ocr_line' id='line_1_31' title="bbox 556 2194 1962 2250; baseline -0.004 -12"><span class='ocrx_word' id='word_1_267' title='bbox 556 2199 686 2243; x_wconf 87' lang='lat' dir='ltr'>verbo,</span> <span class='ocrx_word' id='word_1_268' title='bbox 710 2197 828 2250; x_wconf 88' lang='lat' dir='ltr'>quod,</span> <span class='ocrx_word' id='word_1_269' title='bbox 862 2210 953 2234; x_wconf 89' lang='lat' dir='ltr'>cum</span> <span class='ocrx_word' id='word_1_270' title='bbox 974 2195 1062 2233; x_wconf 82' lang='lat' dir='ltr'>effet</span> <span class='ocrx_word' id='word_1_271' title='bbox 1083 2196 1262 2234; x_wconf 84' lang='lat' dir='ltr'>tribunus</span> <span class='ocrx_word' id='word_1_272' title='bbox 1283 2196 1423 2248; x_wconf 89' lang='lat' dir='ltr'>plebis,</span> <span class='ocrx_word' id='word_1_273' title='bbox 1446 2195 1650 2234; x_wconf 87' lang='lat' dir='ltr'>interceffit</span> <span class='ocrx_word' id='word_1_274' title='bbox 1670 2204 1803 2233; x_wconf 89' lang='lat' dir='ltr'>contra</span> <span class='ocrx_word' id='word_1_275' title='bbox 1835 2194 1962 2247; x_wconf 86' lang='lat' dir='ltr'>legem</span> 
     </span>
     <span class='ocr_line' id='line_1_32' title="bbox 559 2258 1963 2313; baseline -0.004 -11"><span class='ocrx_word' id='word_1_276' title='bbox 559 2263 805 2307; x_wconf 82' lang='lat' dir='ltr'>Corneliam3</span> <span class='ocrx_word' id='word_1_277' title='bbox 839 2275 889 2306; x_wconf 87' lang='lat' dir='ltr'>re,</span> <span class='ocrx_word' id='word_1_278' title='bbox 919 2261 1023 2313; x_wconf 87' lang='lat' dir='ltr'>quod</span> <span class='ocrx_word' id='word_1_279' title='bbox 1044 2261 1084 2298; x_wconf 87' lang='lat' dir='ltr'>in</span> <span class='ocrx_word' id='word_1_280' title='bbox 1107 2261 1304 2299; x_wconf 83' lang='lat' dir='ltr'>tribunatu</span> <span class='ocrx_word' id='word_1_281' title='bbox 1325 2261 1475 2299; x_wconf 78' lang='lat' dir='ltr'>dixisset</span> <span class='ocrx_word' id='word_1_282' title='bbox 1495 2269 1628 2299; x_wconf 88' lang='lat' dir='ltr'>contra</span> <span class='ocrx_word' id='word_1_283' title='bbox 1647 2260 1807 2310; x_wconf 86' lang='lat' dir='ltr'>alicujus</span> <span class='ocrx_word' id='word_1_284' title='bbox 1829 2258 1963 2297; x_wconf 82' lang='lat' dir='ltr'>homi-</span> 
     </span>
     <span class='ocr_line' id='line_1_33' title="bbox 559 2325 1961 2379; baseline -0.004 -10"><span class='ocrx_word' id='word_1_285' title='bbox 559 2333 618 2370; x_wconf 83' lang='lat' dir='ltr'>nis</span> <span class='ocrx_word' id='word_1_286' title='bbox 651 2329 791 2368; x_wconf 87' lang='lat' dir='ltr'>nobilis</span> <span class='ocrx_word' id='word_1_287' title='bbox 823 2327 1076 2366; x_wconf 82' lang='lat' dir='ltr'>voluntatem.</span> <span class='ocrx_word' id='word_1_288' title='bbox 1108 2327 1170 2365; x_wconf 87' lang='lat' dir='ltr'>De</span> <span class='ocrx_word' id='word_1_289' title='bbox 1190 2341 1268 2379; x_wconf 88' lang='lat' dir='ltr'>quo</span> <span class='ocrx_word' id='word_1_290' title='bbox 1293 2327 1444 2379; x_wconf 87' lang='lat' dir='ltr'>judicio</span> <span class='ocrx_word' id='word_1_291' title='bbox 1475 2326 1500 2364; x_wconf 92' lang='lat' dir='ltr'>fi</span> <span class='ocrx_word' id='word_1_292' title='bbox 1523 2325 1641 2364; x_wconf 89' lang='lat' dir='ltr'>velim</span> <span class='ocrx_word' id='word_1_293' title='bbox 1672 2325 1796 2362; x_wconf 86' lang='lat' dir='ltr'>dicere</span> <span class='ocrx_word' id='word_1_294' title='bbox 1816 2326 1961 2371; x_wconf 85' lang='lat' dir='ltr'>omnia,</span> 
     </span>
     <span class='ocr_line' id='line_1_34' title="bbox 560 2390 1963 2448; baseline -0.003 -13"><span class='ocrx_word' id='word_1_295' title='bbox 560 2397 677 2436; x_wconf 87' lang='lat' dir='ltr'>multi</span> <span class='ocrx_word' id='word_1_296' title='bbox 699 2394 930 2448; x_wconf 85' lang='lat' dir='ltr'>appellandi,</span> <span class='ocrx_word' id='word_1_297' title='bbox 961 2393 1201 2445; x_wconf 83' lang='lat' dir='ltr'>laedendique</span> <span class='ocrx_word' id='word_1_298' title='bbox 1221 2393 1334 2438; x_wconf 75' lang='lat' dir='ltr'>sunt3</span> <span class='ocrx_word' id='word_1_299' title='bbox 1367 2393 1471 2445; x_wconf 89' lang='lat' dir='ltr'>quod</span> <span class='ocrx_word' id='word_1_300' title='bbox 1493 2390 1593 2430; x_wconf 82' lang='lat' dir='ltr'>mihi</span> <span class='ocrx_word' id='word_1_301' title='bbox 1625 2405 1702 2429; x_wconf 90' lang='lat' dir='ltr'>non</span> <span class='ocrx_word' id='word_1_302' title='bbox 1723 2390 1775 2429; x_wconf 87' lang='lat' dir='ltr'>est</span> <span class='ocrx_word' id='word_1_303' title='bbox 1804 2391 1963 2431; x_wconf 84' lang='lat' dir='ltr'>neceffe.</span> 
     </span>
     <span class='ocr_line' id='line_1_35' title="bbox 560 2457 1963 2513; baseline -0.003 -14"><span class='ocrx_word' id='word_1_304' title='bbox 560 2464 737 2500; x_wconf 86' lang='lat' dir='ltr'>Tantum</span> <span class='ocrx_word' id='word_1_305' title='bbox 757 2461 898 2505; x_wconf 87' lang='lat' dir='ltr'>dicam,</span> <span class='ocrx_word' id='word_1_306' title='bbox 923 2472 1063 2513; x_wconf 88' lang='lat' dir='ltr'>paucos</span> <span class='ocrx_word' id='word_1_307' title='bbox 1091 2457 1284 2503; x_wconf 88' lang='lat' dir='ltr'>homines,</span> <span class='ocrx_word' id='word_1_308' title='bbox 1307 2467 1350 2496; x_wconf 88' lang='lat' dir='ltr'>ut</span> <span class='ocrx_word' id='word_1_309' title='bbox 1370 2457 1554 2496; x_wconf 80' lang='lat' dir='ltr'>leviffime</span> <span class='ocrx_word' id='word_1_310' title='bbox 1574 2457 1715 2502; x_wconf 84' lang='lat' dir='ltr'>dicam,</span> <span class='ocrx_word' id='word_1_311' title='bbox 1732 2466 1963 2510; x_wconf 87' lang='lat' dir='ltr'>arrogantes,</span> 
     </span>
     <span class='ocr_line' id='line_1_36' title="bbox 561 2523 1964 2580; baseline -0.004 -12"><span class='ocrx_word' id='word_1_312' title='bbox 561 2527 637 2568; x_wconf 89' lang='lat' dir='ltr'>hoc</span> <span class='ocrx_word' id='word_1_313' title='bbox 654 2528 839 2580; x_wconf 79' lang='lat' dir='ltr'>adjutore,</span> <span class='ocrx_word' id='word_1_314' title='bbox 854 2526 1134 2580; x_wconf 74' lang='lat' dir='ltr'>QOpimium</span> <span class='ocrx_word' id='word_1_315' title='bbox 1149 2539 1217 2580; x_wconf 87' lang='lat' dir='ltr'>per</span> <span class='ocrx_word' id='word_1_316' title='bbox 1230 2525 1368 2564; x_wconf 86' lang='lat' dir='ltr'>ludum</span> <span class='ocrx_word' id='word_1_317' title='bbox 1389 2526 1588 2578; x_wconf 86' lang='lat' dir='ltr'>etjocum‚</span> <span class='ocrx_word' id='word_1_318' title='bbox 1601 2523 1765 2564; x_wconf 87' lang='lat' dir='ltr'>fortunis</span> <span class='ocrx_word' id='word_1_319' title='bbox 1779 2524 1964 2563; x_wconf 87' lang='lat' dir='ltr'>omnibus</span> 
     </span>
    </p>
   </div>
  </div>
 </body>
</html>
