2201 2792
604 150 950 192 ACTIONIS
993 151 1046 189 11.
1107 151 1308 189 LIBER
1339 153 1390 190 v.
1619 166 1699 207 447

307 252 402 298 Hic,
425 260 462 290 te
482 252 657 296 Praetore‚
672 250 899 304 praedonum
920 249 1104 288 naviculae
1124 259 1333 303 pervagatae
1355 251 1453 295 sunt,
1474 265 1551 303 quo
1573 251 1699 289 Athe-

306 318 496 356 niensium
527 317 646 355 claffis
668 316 756 362 sola,
790 316 872 369 post
891 314 1100 353 hominum
1123 316 1369 361 memoriam,
1409 329 1489 354 ccc
1526 318 1699 361 navibus,

307 385 346 422 vi
376 398 418 422 ac
455 384 708 422 multitudine
741 383 901 422 invasit:
933 397 1018 435 quae
1052 383 1094 421 in
1121 396 1166 422 eo
1199 383 1280 436 ipso
1311 394 1439 437 portu,
1476 384 1552 422 loci
1586 384 1701 437 ipfius

306 451 517 504 portusque
551 460 697 495 natura,
730 450 828 488 vitfi‘ra
856 460 970 502 atque
999 449 1168 502 superata
1200 450 1265 488 est.
1299 451 1380 488 Hic
1411 451 1584 503 primurn
1611 463 1701 502 opes

306 517 413 556 illius
434 518 600 556 civitatis
622 518 740 562 viche,
763 517 1031 560 comminutae,
1048 516 1300 569 depreffaeque
1320 517 1430 562 sunt;
1454 518 1493 555 in
1515 516 1589 555 hoc
1610 531 1701 570 por-

239 628 252 634 *
307 593 364 629 tu,
380 583 677 622 Atheniensium
698 582 927 627 nobilitatis,
943 583 1110 634 imperii,
1125 582 1270 634 gloriae,
1290 583 1533 636 naufragium
1554 583 1703 622 facium

305 650 557 688 existimatur.

361 717 597 755 XXXVIII.
629 716 738 754 Eone
769 715 889 768 pirata
908 715 1133 768 penetravit,
1166 729 1244 768 quo
1275 716 1388 754 simul
1419 726 1533 769 atquc
1559 716 1705 763 adisset,

307 797 386 821 non
406 784 525 821 modo
544 797 565 821 a
583 783 714 827 latere,
735 782 798 820 sed
817 783 935 820 etiam
955 796 974 820 a
995 792 1115 836 tergo,
1144 797 1323 836 magnam
1345 793 1494 836 partem
1517 784 1619 821 urbis
1641 798 1701 821 re-

307 849 499 902 linqueret
518 850 531 887 ?
563 849 731 887 Insulam
752 858 873 886 totam
894 851 1159 901 praetervectus
1179 849 1230 887 est
1245 868 1256 894 ;
1290 863 1374 902 quae
1394 850 1445 887 est
1465 850 1569 887 urbis
1591 863 1702 902 mag-

307 929 356 953 na
375 929 459 968 pars
481 915 680 968 Syracusis,
696 915 761 953 suo
781 915 941 953 nomine
956 929 999 953 ac
1020 915 1231 954 moenibus.
1255 916 1346 966 Qo
1366 916 1406 953 in
1427 916 1513 953 loco
1528 917 1705 967 majores,

309 992 354 1019 ut
386 992 474 1020 ante
507 982 620 1027 dixi,
666 981 941 1033 Syracusanum
988 995 1228 1034 quemquam
1259 981 1430 1019 habitare
1464 991 1699 1027 vetuerunt;

309 1049 428 1101 quod,
444 1049 511 1102 qui
532 1048 640 1086 illam
660 1056 810 1100 partem
831 1047 938 1086 urbis
958 1057 1144 1093 tenerent,
1160 1049 1199 1086 in
1214 1061 1347 1086 eorum
1365 1048 1588 1102 potestatem
1609 1062 1702 1101 por-

309 1124 396 1154 tum
417 1114 595 1154 futurum
615 1114 897 1167 intelligebant.

364 1183 420 1219 At
440 1181 773 1234 quemadmodum
803 1181 855 1218 est
885 1181 1139 1233 pervagatus?
1171 1181 1313 1218 radices
1341 1181 1557 1233 palmarum
1579 1181 1703 1233 agres-

310 1247 426 1292 tium,
459 1261 551 1299 quas
578 1247 618 1285 in
649 1247 784 1285 nostris
816 1247 975 1284 navibus
996 1248 1229 1292 invenerant,
1246 1248 1463 1298 jaciebant;
1497 1257 1538 1284 ut
1568 1261 1702 1285 omncs

309 1313 415 1352 istius
436 1313 741 1365 improbitatem,
774 1322 811 1350 et
841 1312 1098 1350 calamitatem
1120 1312 1271 1357 Siciliae,
1297 1311 1442 1364 possent
1462 1312 1705 1365 cognoscere⁷

311 1379 508 1418 Siculosne
535 1379 704 1424 milites,
735 1387 977 1417 aratorumne
998 1378 1136 1416 liberos
1155 1408 1167 1424 ‚
1199 1393 1366 1430 quorum
1398 1388 1520 1431 patres
1552 1388 1703 1417 tantum

309 1445 439 1485 labore
459 1446 524 1485 suo
542 1445 731 1484 frumenti
750 1445 968 1489 exarabant,
1000 1455 1044 1483 ut
1062 1446 1207 1498 populo
1229 1447 1425 1490 Romano,
1456 1446 1604 1498 totique
1625 1447 1704 1484 Ita-

309 1513 384 1558 liae‚
407 1512 643 1565 suppeditare
662 1512 837 1565 poffent3
869 1511 992 1556 eosne,
1011 1512 1051 1549 in
1071 1512 1192 1550 insula
1214 1513 1361 1550 Cereris
1382 1521 1502 1556 natos,
1536 1513 1601 1550 ubi
1623 1514 1704 1565 pri-

309 1592 423 1617 mum
443 1578 571 1631 fruges
593 1579 757 1616 inventae
776 1577 846 1615 effe
867 1578 1061 1622 dicuntur,
1092 1591 1137 1615 eo
1160 1579 1249 1616 cibo
1269 1578 1339 1616 effe
1360 1578 1458 1623 usos,
1481 1592 1499 1615 a
1521 1593 1598 1630 quo
1621 1593 1703 1616 ma-

304 1645 406 1697 jores
427 1658 560 1682 eorum
583 1654 735 1682 caeteros
757 1657 927 1696 quoque,
948 1643 1125 1696 frugibus
1147 1645 1326 1688 inventis,
1349 1646 1620 1681 removerunt?
1644 1646 1705 1682 Te

311 1712 489 1755 Praetore,
505 1711 624 1749 Siculi
645 1711 787 1748 milites
808 1710 1024 1763 palmarum
1044 1710 1239 1763 stirpibus,
1254 1710 1448 1763 praedones
1470 1710 1598 1748 Siculo
1618 1710 1703 1748 fru-

311 1786 459 1821 mento,
477 1776 688 1814 alebantur.

367 1843 404 1880 O
425 1843 686 1896 speetaculum
713 1842 910 1887 miserum,
942 1851 1057 1894 atque
1089 1840 1297 1879 acerbum!
1330 1841 1507 1879 ludibrio
1531 1841 1601 1879 effe
1623 1843 1703 1878 Ur-

311 1909 370 1947 bis
401 1909 584 1962 gloriam,
615 1919 653 1947 et
684 1909 819 1962 populi
851 1908 1021 1946 Romani
1054 1907 1226 1946 nomen!
1272 1906 1482 1945 hominum
1512 1917 1706 1945 conventu

311 1984 425 2027 atque
460 1975 724 2019 multitudine,
768 1975 927 2027 piratico
962 1987 1208 2027 myoparone,
1239 1973 1280 2011 in
1312 1983 1427 2026 portu
1460 1973 1702 2026 SyracusanO‚

312 2041 359 2078 de
379 2040 487 2078 claffe
507 2041 643 2092 populi
664 2041 834 2078 Romani
855 2039 1101 2092 triumphum
1127 2053 1237 2092 agere
1266 2041 1425 2092 piratam
1443 2058 1456 2085 5
1487 2053 1580 2078 cum
1602 2040 1704 2077 Prae-

310 2108 403 2145 toris
435 2106 656 2158 nequiffimi
679 2106 970 2158 inertiffimique
1006 2106 1138 2144 oculos
1169 2105 1395 2159 praedonum
1426 2107 1523 2144 remi
1560 2105 1704 2158 resper-

311 2183 442 2226 gerent
461 2173 468 2210 !
502 2173 752 2225 Posteaquam
773 2186 793 2210 e
814 2182 927 2225 portu
948 2174 1076 2225 piratae
1106 2186 1184 2211 non
1204 2182 1313 2210 metu
1333 2173 1464 2224 aliquo
1483 2172 1620 2215 affeffl,
1643 2171 1704 2208 sed

310 2240 490 2284 satietate,
523 2240 715 2284 exierant3
748 2248 834 2277 tum
859 2248 1060 2292 coeperunt
1082 2253 1249 2292 quaerere
1281 2237 1460 2277 homines
1483 2238 1631 2276 causam
1653 2237 1702 2274 il-

310 2306 386 2344 lius
408 2315 520 2344 tantae
539 2306 782 2344 calamitatis.
814 2306 954 2344 Dicere
974 2319 1124 2352 omnes,
1155 2316 1193 2344 et
1212 2305 1338 2358 palam
1359 2306 1559 2357 disputare,
1583 2303 1702 2340 mini-

312 2384 375 2409 me
395 2370 466 2408 effe
486 2372 720 2417 mirandum,
752 2371 792 2417 fi,
815 2368 1006 2410 militibus
1028 2371 1311 2425 remigibusque
1331 2369 1505 2413 dimitiis,
1543 2368 1701 2419 reliquis

313 2437 474 2490 egestate
494 2448 531 2475 et
551 2437 654 2475 fame
675 2439 847 2490 perditiS,
879 2440 1042 2476 Praetore
1062 2447 1119 2476 tot
1140 2438 1218 2475 dies
1245 2450 1336 2474 cum
1358 2435 1593 2473 mulierculis
1614 2447 1702 2487 pcr-

311 2512 481 2556 potante‚
505 2512 607 2542 tanta
626 2504 842 2556 ignominia
860 2513 898 2542 et
917 2504 1112 2543 calamitas
1143 2502 1233 2541 effet
1257 2512 1424 2555 accepta.
1456 2502 1552 2539 Haec
1574 2510 1703 2539 autem
