2201 2792
537 170 616 222 446
963 168 1055 207 IN
1131 167 1514 207 VERREM

537 273 709 327 sepulcra
728 271 894 309 duorum
916 269 1130 307 Praetorum
1150 268 1435 320 improborum,
1464 266 1685 321 duabusque
1711 266 1751 306 in
1772 267 1930 321 provin-

536 342 621 386 ciis,
642 339 975 378 constituerentur.
998 336 1147 373 Verum
1167 334 1300 372 habita
1319 334 1372 372 est
1391 348 1411 372 a
1431 335 1686 373 multitudine
1706 336 1801 373 ratio
1826 344 1931 373 tem-

537 408 655 461 poris,
677 406 807 444 habita
827 403 878 440 est
898 401 1108 446 tumultus,
1142 400 1275 438 habita
1293 402 1409 437 etiam
1436 401 1649 452 dignitatis,
1679 401 1932 440 existimatio-

537 474 671 525 nisque
692 469 929 512 comnmnis,
947 466 1051 520 quod
1066 467 1098 504 is
1119 466 1172 504 est
1186 475 1397 504 conventus
1416 467 1600 517 Syracusis
1617 468 1764 506 civium
1781 468 1933 505 Roma-

537 552 692 582 norum,
713 546 757 574 ut
777 549 855 573 non
876 533 994 572 modo
1013 533 1080 570 illa
1099 533 1310 585 provincia,
1331 545 1467 570 verum
1492 533 1609 571 etiam
1628 532 1700 571 hac
1721 533 1932 586 republica,

538 605 780 658 digniffirnus
811 601 1062 640 existimetur.
1096 598 1342 638 Confirmant
1360 598 1429 651 ipfi
1450 598 1499 644 se,
1530 613 1623 637 cum
1649 600 1681 637 is
1701 600 1817 637 etiarn
1847 608 1935 638 tum

537 670 778 711 semisomnis
798 668 991 720 stuperet:
1023 679 1128 704 arma
1156 665 1340 718 capiunt:
1372 673 1501 703 totum
1521 664 1665 711 forum,
1693 675 1808 718 atque
1827 665 1934 703 insu-

538 740 631 784 Lun,
654 751 739 790 quae
759 736 812 773 est
831 735 937 772 urbis
958 747 1098 785 magna
1126 747 1225 785 parS,
1261 732 1477 784 complent.
1509 733 1642 771 Unam
1676 733 1785 771 illam
1813 732 1935 771 solam

538 808 692 843 noctem
712 802 908 855 praedones
940 800 987 838 ad
1007 800 1174 837 Elorum
1193 798 1440 843 commorati,
1473 812 1566 837 cum
1597 798 1789 837 fumantes
1815 799 1936 837 etiam

538 872 679 910 nostras
700 881 812 907 naves
833 866 1084 919 reliquissent,
1118 866 1297 904 accedere
1316 865 1513 918 incipiunt
1543 864 1589 903 ad
1610 865 1819 917 Syracusas.
1853 867 1936 918 Qi

539 938 719 977 videlicet
739 935 832 987 saepe
851 933 1052 978 audissent,
1084 932 1185 971 nihil
1204 932 1275 971 effe
1293 931 1510 985 pulchriu8‚
1532 945 1651 984 quam
1669 932 1937 984 Syracusarum

539 1006 684 1044 incenia
714 1017 756 1041 ac
777 1010 926 1055 portus,
957 1001 1176 1045 statuerant,
1214 999 1301 1044 sese,
1334 999 1360 1037 fi
1381 1012 1423 1037 ea
1441 999 1560 1037 Verre
1581 1000 1746 1038 Praetore
1778 1013 1857 1039 non
1875 1000 1936 1038 vi-

540 1073 689 1117 diffent,
712 1083 913 1122 nunquam
932 1067 1004 1106 effe
1023 1067 1183 1106 visuros.

595 1137 806 1177 XXXVII.
841 1139 902 1174 Ac
924 1136 1050 1188 primo
1070 1135 1115 1172 ad
1134 1135 1201 1172 illa
1229 1134 1352 1172 aestiva
1378 1134 1553 1172 Praetoris
1584 1133 1786 1178 accedunt,
1819 1132 1940 1186 ipsam

541 1207 649 1245 illam
670 1205 715 1242 ad
733 1212 881 1257 partem
901 1202 1041 1247 litoris,
1062 1201 1131 1240 ubi
1151 1201 1217 1239 iste
1237 1215 1304 1254 per
1323 1215 1385 1239 eos
1405 1201 1499 1245 dies,
1523 1200 1775 1238 tabernaculis
1789 1200 1937 1252 posuis,

535 1272 652 1310 castra
673 1269 834 1309 luxuriae
854 1268 1073 1306 collocarat.
1107 1268 1237 1317 Qem
1259 1267 1505 1319 posteaquam
1527 1267 1682 1309 inanem
1711 1266 1844 1303 locum
1874 1265 1937 1304 of-

540 1339 759 1381 fenderunt,
783 1345 820 1372 et
842 1336 1049 1373 Praetorem
1069 1333 1319 1371 commoviffe
1340 1347 1387 1371 ex
1407 1347 1452 1371 eo
1471 1333 1558 1371 loco
1580 1333 1695 1370 castra
1715 1332 1908 1370 senserunt
1923 1351 1936 1378 ς

541 1405 670 1444 statim
705 1403 781 1441 fine
814 1401 894 1439 ullo
929 1410 1037 1438 metu
1070 1401 1111 1438 in
1145 1409 1302 1452 portum
1336 1400 1463 1452 ipsum
1498 1408 1693 1452 penetrare
1722 1407 1938 1451 coeperunt.

543 1473 647 1509 Cum
670 1470 709 1507 in
732 1477 889 1523 portum
910 1467 1012 1511 dico,
1034 1466 1206 1517 Judices,
1241 1466 1547 1518 (explanandum
1572 1465 1624 1503 est
1644 1465 1750 1503 enim
1770 1465 1939 1517 diligen-

542 1537 634 1581 tius,
665 1549 801 1573 eorum
822 1533 942 1578 causa,
973 1534 1043 1586 qui
1076 1532 1209 1570 locum
1232 1532 1427 1584 ignorant)
1460 1532 1500 1569 in
1521 1532 1658 1569 urbem
1691 1531 1791 1576 dico,
1825 1541 1940 1583 atque

544 1605 584 1642 in
607 1603 711 1641 urbis
734 1602 915 1639 intimam
936 1609 1099 1652 partem,
1121 1598 1260 1637 veniffe
1276 1599 1430 1652 piratas.
1461 1598 1557 1636 Non
1577 1598 1684 1636 enim
1706 1607 1823 1651 portu
1842 1597 1943 1636 illud
1961 1592 1969 1599 ’

543 1670 734 1723 oppidum
772 1667 977 1710 clauditur,
1009 1665 1071 1704 sed
1102 1666 1200 1719 urbe
1232 1675 1365 1719 portus
1400 1664 1478 1718 ipse
1512 1665 1684 1718 cingitur
1712 1674 1751 1703 et
1776 1664 1940 1703 conclu-

543 1738 675 1782 ditur;
709 1749 785 1774 non
807 1744 850 1772 ut
874 1733 1066 1772 alluantur
1096 1746 1117 1771 a
1138 1733 1235 1771 mari
1266 1733 1411 1771 moenia
1441 1741 1626 1778 extrema,
1662 1731 1725 1770 sed
1745 1731 1882 1770 influat
1899 1731 1942 1769 in

542 1805 649 1844 urbis
671 1805 796 1842 finum
818 1811 968 1856 portus.

599 1872 696 1915 Hic,
729 1880 766 1908 te
788 1871 967 1912 Praetore,
999 1867 1189 1905 Heracleo
1219 1866 1446 1920 archipirata
1476 1880 1568 1905 cum
1595 1877 1759 1918 quatuor
1778 1879 1940 1918 myopa-

545 1938 703 1976 ronibus
725 1936 848 1988 parvis
880 1934 924 1971 ad
946 1934 1149 1971 arbitrium
1170 1933 1281 1970 suum
1302 1933 1504 1984 navigavit.
1542 1933 1616 1970 Pro
1645 1932 1714 1970 Dii
1734 1932 1942 1970 immorta-

545 2004 598 2042 les
620 2003 625 2040 !
654 2003 834 2056 piraticus
856 2013 1053 2052 myoparo,
1076 2013 1169 2036 cum
1190 1999 1399 2051 imperium
1421 1998 1555 2052 populi
1577 1999 1761 2043 Romani,
1785 2011 1942 2044 nomen,

547 2084 589 2107 ac
621 2068 737 2106 fasces
769 2067 884 2105 effent
915 2065 1116 2118 Syracusis,
1150 2065 1266 2117 usque
1293 2066 1339 2102 ad
1360 2064 1505 2109 forum,
1541 2074 1578 2102 et
1607 2065 1653 2102 ad
1678 2078 1814 2102 omnes
1837 2065 1942 2103 urbis

546 2136 773 2188 crepidines,
801 2133 975 2171 accessit:
1009 2146 1087 2185 quo
1119 2145 1243 2184 neque
1277 2130 1637 2184 Carthaginensium
1672 2131 1945 2184 gloriofiffimae

546 2202 688 2246 claffes,
721 2214 811 2238 cum
835 2199 929 2237 mari
952 2199 1168 2251 plurimum
1190 2207 1378 2251 poterant,
1412 2198 1547 2236 multis
1579 2198 1689 2235 bellis
1711 2198 1805 2249 saepe
1825 2210 1943 2234 cona-

547 2279 608 2313 tae,
632 2280 803 2319 unquam
827 2265 1011 2317 adspirare
1031 2273 1264 2317 potuerunt3
1300 2278 1425 2316 neque
1445 2263 1580 2316 populi
1603 2263 1771 2300 Romani
1804 2263 1946 2300 invicta

547 2344 634 2373 ante
657 2344 692 2371 te
715 2335 921 2372 Praetorem
943 2331 1066 2384 gloria
1085 2331 1150 2368 illa
1171 2331 1326 2375 navalis,
1361 2343 1550 2382 unquam,
1584 2339 1640 2367 tot
1663 2329 1821 2367 Punicis
1844 2330 1943 2368 Sici-

548 2401 802 2452 lienfibusque
833 2398 958 2442 belliS,
982 2406 1174 2450 penetrare
1194 2397 1321 2449 potuit
1340 2411 1348 2434 :
1382 2397 1448 2448 qui
1469 2396 1577 2433 locus
1599 2396 1785 2447 ejusmodi
1804 2395 1870 2441 est,
1902 2390 1946 2434 ut

548 2476 634 2505 ante
656 2465 874 2518 Syracusani
894 2465 933 2502 in
956 2464 1150 2502 moenibus
1172 2463 1261 2508 suis,
1284 2463 1322 2500 in
1345 2463 1451 2506 urbe,
1484 2463 1522 2499 in
1544 2461 1628 2500 foro
1649 2462 1797 2500 hostem
1819 2476 1944 2501 arma-

549 2543 649 2577 tum,
665 2547 706 2571 ac
727 2534 926 2578 victorem,
945 2545 1063 2584 quam
1082 2532 1120 2570 in
1138 2540 1252 2584 portu
1271 2530 1388 2569 ullam
1406 2529 1575 2568 hostium
1592 2543 1741 2574 navem,
1757 2529 1943 2568 viderent.
