2201 2792
698 216 1126 256 ACTIONISII.
1187 218 1397 258 LIBER
1428 222 1478 259 V.
1707 228 1787 278 469

399 318 661 363 minitantem,
692 331 713 356 a
732 318 767 356 se
798 319 1004 356 retra&un1
1021 317 1108 364 effe,
1139 327 1178 356 et
1197 317 1432 364 afl'ervatum,
1459 327 1503 358 ut
1522 320 1599 373 ipse
1630 321 1671 358 in
1697 336 1787 361 eum

395 384 586 430 statueret,
608 384 713 437 quod
733 385 934 422 videretur.

450 452 548 504 Agit
567 450 794 489 hominibus
814 451 966 503 gratias,
993 460 1031 489 et
1051 464 1185 489 eorum
1206 465 1294 504 erga
1312 451 1347 489 se
1369 451 1674 491 benevolentiam
1697 453 1788 492 dili-

395 519 647 570 gentiamque
677 518 882 556 collaudat.
923 517 1022 570 Ipse,
1054 517 1315 556 inflammatus
1338 518 1474 556 scelere
1505 529 1544 557 et
1574 518 1716 565 furore,
1747 521 1787 558 in

394 583 523 622 forum
546 584 665 622 venit.
697 584 895 621 Ardebant
921 584 1025 621 oculi
1044 598 1052 621 ε
1087 593 1171 621 toto
1200 597 1249 622 ex
1269 597 1333 621 ore
1353 585 1556 623 crudelitas
1577 586 1786 624 eminebat.

394 649 659 702 Expectabant
677 662 824 693 omnes,
857 662 935 701 quo
957 649 1111 687 tandem
1132 648 1403 702 progressurus,
1429 659 1493 688 aut
1514 651 1700 702 quidnam
1723 665 1787 690 ac·-

392 722 500 752 turus
522 713 610 752 effet
623 732 637 759 5
669 727 760 752 cum
782 723 936 766 repente
955 712 1160 752 hominem
1180 713 1338 767 proripi,
1361 723 1475 767 atque
1496 716 1535 753 in
1557 714 1641 753 foro
1658 717 1787 755 medio

390 780 527 819 nudari
547 794 589 818 ac
610 780 781 833 deligari,
801 789 839 818 et
860 781 980 833 virgas
997 781 1182 833 expediri,
1197 781 1325 832 jubet.
1349 781 1553 819 Clamabat
1571 782 1637 819 ille
1657 783 1784 828 miser,

391 846 427 885 se
447 848 573 885 civem
593 846 664 884 effe
684 847 925 891 Romanum,
944 846 1187 899 municipem
1203 846 1423 885 Cosanum:
1446 847 1621 886 meruisse
1637 848 1673 885 se
1692 862 1786 887 cum

391 914 440 951 L.
464 914 607 958 Pretio,
630 913 930 966 splendidissimo
951 914 1080 965 equite
1100 913 1294 957 Romano,
1317 914 1384 965 qui
1407 914 1588 952 Panormi
1609 915 1786 967 negotia—

392 988 511 1024 retur,
530 993 577 1017 ex
594 993 673 1031 quo
692 978 774 1017 haec
790 980 925 1018 Verres
942 979 1034 1017 scire
1055 978 1187 1032 poffet.
1211 980 1320 1018 Tum
1342 979 1410 1017 iste
1423 979 1458 1017 se
1477 981 1700 1032 comperiffe
1717 982 1783 1026 ait,

390 1058 482 1082 eum
502 1044 720 1098 speculandi
741 1044 850 1082 causa
879 1046 919 1082 in
951 1045 1123 1083 Siciliam
1151 1045 1198 1082 ab
1230 1045 1394 1082 ducibus
1426 1044 1681 1097 fugitivorum
1714 1046 1784 1084 effe

388 1111 547 1150 miffum
565 1126 574 1150 :
597 1112 708 1164 cujus
729 1111 781 1149 rei
801 1125 925 1164 neque
945 1111 1076 1156 index,
1098 1124 1222 1164 neque
1243 1111 1446 1163 vestigium
1466 1112 1635 1163 aliquod,
1658 1126 1784 1164 neque

387 1177 552 1230 suspicio
571 1179 754 1230 cuiquam
770 1177 859 1216 effet
875 1178 966 1216 ulla.
989 1177 1142 1216 Deinde
1152 1178 1266 1229 jubet
1282 1177 1453 1230 undique
1467 1176 1669 1216 hominem
1689 1192 1782 1231 pro-

386 1243 476 1295 ripi,
496 1242 903 1295 vehementiffimeque
922 1243 1124 1281 verberari.

443 1310 672 1348 Caedebatur
691 1310 808 1362 virgis
830 1311 870 1347 in
890 1310 1021 1347 medio
1040 1309 1125 1348 foro
1143 1309 1326 1348 Meffanae
1346 1310 1443 1348 civis
1460 1310 1676 1355 Romanus,
1706 1312 1784 1361 Ju-

387 1375 490 1414 dices
507 1394 518 1420 5
551 1389 643 1414 cum
669 1376 812 1414 interea
831 1376 961 1414 nullus
981 1376 1166 1429 gemitus,
1199 1376 1305 1414 nulla
1324 1389 1399 1414 vox
1419 1375 1490 1413 alia
1511 1375 1615 1414 istius
1637 1376 1779 1422 miseri,

385 1441 486 1480 inter
505 1442 678 1481 dolorem
694 1443 965 1494 crepitumque
981 1442 1179 1494 plagarum
1201 1441 1436 1486 audiebatur,
1454 1441 1521 1479 nis1
1537 1440 1634 1486 haec,
1653 1444 1776 1480 Civis

386 1509 617 1546 ROMANUS
644 1521 750 1546 sum.
786 1509 874 1546 Hac
900 1507 936 1545 se
955 1508 1325 1546 commemoratione
1355 1508 1521 1545 civitatis
1542 1509 1673 1546 omnia
1694 1523 1777 1547 ver-

385 1573 474 1611 bera
493 1574 756 1626 depulsurum,
790 1572 1085 1624 cruciatumque
1116 1586 1136 1610 a
1166 1586 1324 1624 corpore
1341 1573 1594 1624 dejedmrum,
1617 1574 1776 1612 arbitra-

385 1638 509 1677 batur.
533 1640 568 1677 Is
589 1652 667 1677 non
688 1638 806 1675 modo
825 1636 901 1675 hoc
921 1651 1000 1676 non
1019 1637 1194 1690 perfecit,
1217 1647 1260 1675 ut
1281 1639 1474 1690 virgarum
1496 1639 1575 1675 vim
1596 1638 1778 1691 depreca-

383 1713 515 1749 retur,
547 1705 623 1749 sed,
646 1717 740 1741 cum
759 1704 983 1756 imploraret
1002 1703 1149 1756 saepius,
1178 1703 1452 1756 usurparetque
1473 1717 1617 1741 nomen
1638 1705 1775 1742 civita-

382 1771 446 1815 tis,
480 1783 589 1815 crux,
622 1783 736 1815 crux,
766 1770 941 1822 inquam,
974 1768 1125 1808 infelici
1156 1778 1194 1807 et
1224 1769 1450 1814 aerumnoso,
1483 1769 1552 1821 qui
1572 1783 1780 1822 nunquam*

381 1835 492 1875 istam
514 1836 737 1889 potestatem
757 1836 915 1881 viderat,
933 1835 1239 1888 comparabatur.

435 1904 588 1942 LXIII.
621 1903 658 1940 O
680 1915 823 1941 nomen
843 1902 954 1940 dulce
975 1902 1160 1940 libertatis
1181 1901 1187 1938 !
1222 1915 1245 1939 o
1265 1902 1330 1953 jus
1350 1901 1541 1939 eximium
1563 1900 1695 1940 nostrae
1714 1901 1774 1940 ci-

381 1969 507 2008 vitatis
528 1969 534 2006 !
558 1983 581 2008 ο
601 1969 665 2007 lex
684 1968 832 2013 Porcia,
855 1968 1032 2020 legesque
1051 1966 1308 2020 Semproniae!
1332 1981 1355 2005 o
1375 1968 1539 2020 graviter
1557 1967 1773 2013 defiderata,

382 2044 420 2073 et
439 2035 645 2087 aliquando
666 2035 826 2079 reddita,
848 2035 952 2086 plebi
974 2035 1160 2072 Romanae
1182 2033 1383 2071 tribunitia
1401 2033 1562 2084 potestas
1582 2032 1589 2069 ἔ
1617 2034 1772 2071 Hucci-

381 2113 429 2138 ne
449 2100 604 2138 tandem
624 2100 754 2137 omnia
774 2099 1003 2143 reciderunt,
1021 2107 1064 2136 ut
1084 2099 1177 2136 civis
1199 2098 1414 2141 Romanus,
1431 2098 1471 2136 in
1489 2098 1686 2150 provincia
1700 2111 1772 2150 po-

382 2167 466 2219 puli
486 2165 669 2209 Romani,
695 2165 734 2202 in
755 2165 900 2217 oppido
922 2163 1210 2208 foede1·atoru1n‚
1232 2163 1279 2201 ab
1300 2177 1358 2208 eo,
1381 2164 1464 2215 qui,
1488 2163 1675 2201 beneficio
1697 2177 1770 2215 po·

381 2232 465 2286 puli
486 2231 670 2276 Romani,
691 2230 806 2269 fasces
832 2240 868 2268 et
900 2231 1043 2268 secures
1065 2229 1235 2274 haberet,
1259 2229 1446 2282 deligatus
1478 2230 1518 2266 in
1540 2228 1623 2266 foro
1654 2228 1777 2279 virgis

379 2298 584 2335 caederetur
602 2297 614 2333 ?
658 2296 779 2347 Qid,
814 2309 905 2334 cum
937 2296 1058 2348 ignes,
1095 2294 1341 2346 ardentesque
1373 2295 1537 2337 lamina’,
1567 2292 1770 2343 caeterique

380 2363 585 2407 cruciatus,
606 2361 938 2400 admovebantur?
972 2362 1009 2399 Si
1031 2370 1066 2399 te
1087 2360 1190 2398 illius
1211 2361 1343 2397 acerba
1362 2358 1596 2410 imploratio,
1628 2365 1666 2394 et
1694 2370 1770 2395 vox

381 2427 620 2472 miserabilis,
643 2441 720 2465 non
740 2427 955 2472 inhibebat,
981 2441 1028 2465 ne
1048 2426 1195 2465 civium
1216 2425 1374 2476 quidem
1396 2424 1677 2466 Romanorum,
1699 2422 1774 2473 qui.

382 2502 466 2531 tum
486 2492 653 2538 aderant,
676 2492 767 2531 fletu
788 2502 826 2530 et
844 2493 996 2545 gemitu
1015 2491 1187 2531 maximo
1207 2487 1500 2528 commovebare
1517 2488 1528 2523 ?
1552 2487 1597 2524 In
1611 2499 1773 2525 crucem
