2201 2792
542 234 621 274 280
964 232 1056 272 IN
1127 233 1508 274 VERREM

536 334 619 379 iste,
654 340 698 371 ut
727 325 848 370 arator
877 330 1105 377 decumano,
1128 346 1207 384 quo
1238 332 1354 371 vellet
1387 333 1638 378 decumanus,
1669 329 1938 372 vadimonium

536 400 805 453 promitteret:
838 406 881 435 ut
914 396 979 435 hic
1006 411 1162 450 quoque
1188 399 1377 450 Apronio,
1419 412 1511 436 cum
1543 412 1564 436 a
1589 398 1791 437 Leontinis
1819 397 1940 450 usque

538 466 758 517 Lilybaeum
784 463 954 515 aliquem
974 462 1184 508 vadaretur‚
1216 477 1263 502 ex
1284 463 1428 502 miseris
1449 464 1657 502 aratoribus
1677 462 1940 502 calumniandi

537 533 700 585 quaestus
728 530 949 569 accederet:
982 543 1204 581 quanquam
1238 530 1304 567 illa
1323 529 1400 568 fuit
1432 530 1479 568 ad
1497 530 1733 569 calumniam
1759 528 1940 582 singulari

537 598 696 637 confilio
715 606 861 650 reperta
881 596 989 640 ratio,
1022 596 1126 648 quod
1147 595 1328 642 edixerat,
1355 605 1399 634 ut
1417 604 1576 634 aratores
1591 597 1728 649 jugera
1747 595 1939 638 sationum

538 665 689 703 suarum
720 663 1000 717 profiterentur.
1033 662 1130 711 Qae
1164 675 1220 700 res
1251 676 1344 700 cum
1378 663 1425 700 ad
1457 662 1650 715 pactiones
1684 660 1938 714 iniquissimas

537 744 720 784 magnam
740 730 821 767 vim
841 727 990 773 habuit,
1013 729 1108 766 ficut
1127 728 1336 774 ostendam,
1369 743 1494 781 neque
1523 729 1568 766 ad
1589 728 1710 766 ullam
1730 727 1938 765 utilitatem

538 796 758 850 reipublicae
778 795 988 847 pertinuit;
1021 804 1105 832 tum
1128 807 1215 832 vero
1235 795 1280 832 ad
1299 795 1525 840 calumnias,
1546 795 1588 833 in
1609 807 1701 847 quas
1722 806 1855 832 omnes
1875 792 1938 830 in-

537 863 722 906 ciderent,
743 874 839 913 quos
861 860 975 898 vellet
995 861 1205 912 Apronius.
1229 862 1286 898 Ut
1300 861 1407 899 enim
1426 861 1588 914 quisque
1607 869 1740 899 contra
1759 859 1938 898 volunta-

536 938 618 967 tem
638 929 718 979 ejus
740 927 898 970 dixerat,
933 926 986 963 ita
1018 926 1059 963 in
1093 939 1182 964 eum
1211 927 1406 978 judicium
1439 927 1484 965 de
1504 926 1730 979 profeffione
1753 927 1939 978 jugerum

536 993 823 1047 postulabatur:
865 993 974 1043 cujus
1004 991 1144 1043 judicii
1178 1001 1285 1030 metu
1329 1005 1490 1044 magnus
1529 1005 1550 1029 a
1583 991 1717 1029 multis
1751 990 1941 1029 frumenti

536 1074 721 1099 numerus
755 1059 918 1103 ablatus,
955 1071 1180 1110 magnaeque
1211 1059 1383 1111 pecuniae
1417 1060 1554 1097 coaetae
1588 1058 1706 1096 sunt:
1749 1071 1828 1095 non
1860 1071 1940 1109 quo

530 1128 715 1180 jugerum
736 1139 942 1164 numerum
964 1138 1048 1162 vere
1066 1125 1236 1177 profiteri
1255 1124 1343 1163 esset
1363 1125 1535 1170 difficile,
1552 1134 1617 1163 aut
1636 1125 1803 1178 amplius
1823 1125 1938 1162 etiam

536 1194 723 1247 profiteri,
757 1192 869 1245 (quid
889 1192 995 1229 enim
1022 1191 1062 1228 in
1091 1205 1136 1229 eo
1167 1192 1329 1244 periculi
1354 1191 1425 1229 effe
1444 1191 1612 1244 poss‘et?)
1644 1191 1705 1229 sed
1734 1191 1843 1229 causa
1861 1200 1940 1228 erat

531 1260 674 1313 judicii
694 1258 923 1311 postulandi,
956 1257 1061 1309 quod
1091 1270 1137 1294 ex
1157 1257 1280 1295 εάἱξῒο
1300 1257 1482 1310 professus
1503 1271 1580 1296 non
1601 1257 1703 1296 effet.
1736 1257 1938 1309 Judicium

536 1335 667 1364 autem
688 1324 792 1377 quod
812 1322 927 1361 fuerit
949 1323 1017 1360 isto
1040 1324 1215 1368 Praetore,
1241 1323 1298 1375 (fi,
1316 1338 1401 1376 quae
1416 1323 1569 1369 cohors,
1586 1333 1623 1362 et
1643 1323 1711 1376 qui
1731 1325 1939 1362 comitatus

537 1391 668 1436 fuerit,
691 1389 938 1441 meministis)
972 1389 1062 1427 scire
1093 1390 1252 1428 debetis.
1286 1390 1395 1442 Qid
1415 1391 1534 1442 igitur
1553 1390 1618 1434 est,
1652 1390 1756 1442 quod
1787 1404 1834 1428 ex
1864 1389 1937 1428 hac

536 1457 740 1509 iniquitate
760 1468 950 1493 novorum
981 1454 1194 1492 edictorum
1226 1455 1393 1508 intelligi
1424 1456 1555 1500 velim,
1577 1455 1762 1506 Judices?
1795 1448 1938 1508 Injuri-

536 1536 650 1561 amne
671 1521 808 1559 saetam
829 1520 969 1558 sociis?
1001 1529 1037 1557 at
1068 1520 1218 1559 videtis.
1250 1522 1532 1560 Au<ftoritatem
1564 1521 1801 1574 superiorum
1823 1535 1938 1575 repu-
1986 1532 1992 1536 “

536 1589 710 1627 diatam?
743 1601 819 1625 non
853 1586 1008 1624 audebit
1038 1600 1186 1638 negare.
1227 1589 1402 1626 Tantum
1424 1589 1643 1640 Apronium
1674 1587 1744 1626 isto
1775 1589 1939 1628 Praetore

535 1654 699 1709 potuisse
717 1655 729 1691 ?
762 1652 1001 1697 confiteatur,
1024 1652 1165 1690 neceffe
1185 1653 1249 1691 est.

583 1721 695 1760 XVI.
721 1719 791 1757 Sed
809 1732 873 1756 vos
894 1717 1058 1762 fortafl‘e,
1081 1719 1186 1770 quod
1207 1710 1271 1757 {los
1293 1719 1354 1757 lex
1375 1729 1614 1764 commonet,
1637 1720 1676 1758 id
1696 1721 1735 1758 in
1755 1719 1832 1759 hoc
1852 1721 1938 1760 loco

537 1788 726 1840 quaeretis‚
758 1799 854 1824 num
890 1798 982 1836 quas
1013 1798 1059 1822 cx
1094 1784 1197 1823 hisce
1227 1786 1338 1824 rebus
1360 1787 1540 1838 pecunias
1571 1787 1725 1838 ceperit.
1759 1787 1936 1831 Docebo,

536 1853 673 1906 cepisse
707 1852 923 1894 maximas,
951 1850 1160 1901 omnesque
1194 1864 1252 1888 eas
1287 1851 1533 1903 iniquitates,
1570 1851 1616 1888 de
1652 1852 1793 1903 quibus
1830 1862 1938 1891 antea

537 1920 634 1964 dixi,
674 1918 730 1956 sui
765 1916 926 1969 quaestus
961 1914 1070 1953 causa
1098 1915 1331 1953 constituisse
1360 1917 1602 1962 convincam,
1641 1916 1667 1954 fi
1701 1917 1807 1969 prius
1838 1918 1937 1957 illud

536 1983 898 2038 propugnaculum,
929 1995 1007 2033 quo
1036 1991 1169 2019 contra
1201 1996 1336 2020 omnes
1365 1996 1471 2020 meos
1506 1983 1675 2035 impetus
1712 1982 1868 2023 usurum
1901 1984 1938 2023 se

537 2059 662 2103 putat,
694 2062 740 2087 ex
779 2047 993 2085 defensione
1027 2048 1106 2098 ejus
1137 2048 1319 2099 dejecero.
1372 2048 1535 2100 Magno,
1572 2049 1724 2100 inquit,
1758 2049 1936 2089 decumas

536 2114 706 2153 vendidi.
749 2113 856 2164 Qid
891 2113 974 2150 ais?
1005 2126 1051 2150 an
1084 2122 1125 2151 tu
1160 2113 1354 2158 decumas,
1391 2112 1512 2152 homo
1546 2114 1787 2153 audaciffime
1823 2124 1938 2167 atque

536 2180 804 2223 amentiffime,
826 2179 1057 2217 vendidisti?
1091 2188 1130 2217 tu
1151 2189 1273 2231 partes
1294 2194 1367 2224 effi,
1399 2193 1490 2232 quas
1522 2189 1559 2218 te
1579 2180 1726 2218 senatus
1750 2181 1936 2233 populus-

539 2260 614 2299 que
634 2247 834 2284 Romanus
856 2243 993 2289 voluit,
1016 2258 1061 2281 an
1083 2244 1228 2282 fructus
1251 2245 1432 2297 integros,
1465 2255 1578 2298 atque
1597 2246 1689 2283 adeo
1711 2246 1822 2290 bona,
1854 2245 1935 2284 for-

537 2312 724 2365 tunasque
754 2320 944 2348 aratorum
975 2323 1108 2347 omnes
1129 2310 1361 2348 vendidisti?
1395 2311 1431 2348 Si
1452 2312 1577 2362 palam
1603 2324 1726 2363 praeco
1740 2310 1842 2362 juffu
1869 2320 1937 2350 tuo

539 2377 782 2431 praedicasset,
810 2390 886 2414 non
907 2376 1087 2414 decumas
1109 2374 1309 2421 frumenti,
1343 2376 1404 2413 sed
1435 2376 1612 2414 dimidias
1640 2377 1766 2415 venire
1794 2386 1935 2430 partes,

539 2455 576 2483 et
612 2445 663 2482 ita
695 2453 886 2497 emptores
922 2441 1161 2487 accessissent,
1198 2452 1240 2480 ut
1273 2443 1319 2480 ad
1364 2442 1542 2481 dimidias
1571 2451 1694 2495 partes
1729 2444 1933 2489 emendas5

539 2512 565 2550 fi
585 2510 705 2564 pluris
726 2509 950 2550 vendidisses
971 2519 1012 2548 tu
1033 2509 1226 2556 dimidias,
1259 2523 1375 2561 quam
1396 2510 1520 2549 caeteri
1551 2510 1744 2557 decumaS,
1780 2511 1935 2550 cuinam
