2201 2792
561 202 637 241 206
988 202 1077 240 IN
1152 201 1533 241 VERREM

557 304 792 356 gravissimos
813 301 1046 355 privatarum
1066 315 1195 340 rerum
1215 302 1339 346 testes,
1364 301 1507 353 quibus
1528 313 1597 340 nos
1616 299 1865 354 praesentibus
1886 299 1956 339 de-

557 369 836 412 nuntiavimus,
858 380 920 405 eos
942 366 978 405 vi
999 366 1254 418 custodiisque
1274 367 1446 405 retinere.

612 435 664 472 V.
688 434 786 486 Qae
805 446 896 472 cum
917 433 1049 471 onmia
1069 432 1165 471 faeta
1184 433 1271 477 fint,
1304 441 1432 470 tamen
1452 444 1571 471 unam
1591 431 1709 471 solam
1734 431 1868 471 scitote
1887 430 1961 470 effe

558 500 754 538 civitatem
786 499 1078 543 Mamertinam,
1109 511 1194 549 quae
1223 497 1380 550 publice
1399 498 1557 550 legatos,
1589 498 1658 550 qui
1688 497 1804 536 istum
1822 496 1958 535 lauda-

560 575 656 610 rent,
692 565 850 604 miserit.
883 565 978 616 Ejus
1009 573 1139 602 autem
1170 563 1368 615 legationis
1388 564 1619 615 principem,
1650 563 1815 601 civitatis
1841 562 1960 601 nobi-

560 631 759 675 liffimum,
792 631 839 668 C.
863 630 1028 674 Heium,
1054 630 1227 680 juratum
1259 628 1388 666 dicere
1408 628 1589 667 audistis:
1621 628 1681 666 isti
1704 640 1842 666 navem
1861 639 1960 666 one-

561 697 697 734 rariam
728 696 940 734 maximam
971 693 1151 732 Meffanae
1183 692 1267 739 effe,
1307 693 1472 746 publice
1494 693 1633 732 coaetis
1664 693 1805 746 operis,
1835 692 1960 732 aedifi-

559 772 710 800 catam:
748 761 929 812 idemque
962 760 1290 798 Mamertinorum
1317 760 1484 812 {egatus‚
1512 759 1619 798 istius
1651 759 1839 803 laudator,
1878 771 1960 797 non

561 828 684 866 solum
706 827 821 865 istum
852 827 951 864 bona
980 826 1061 870 sua,
1090 838 1227 863 verum
1247 826 1365 864 etiam
1395 825 1510 870 sacra,
1541 825 1721 877 Deosque
1751 825 1910 863 Penates
1938 837 1963 861 a

561 893 769 944 majoribus
792 891 962 936 traditos,
989 904 1035 930 ex
1066 891 1210 929 aedibus
1230 891 1305 929 suis
1325 890 1501 944 eripuiffe
1526 890 1641 930 dixit.
1670 889 1855 929 Praeclara
1872 889 1961 927 lau-

560 958 676 1002 datio,
707 970 800 996 cum
826 957 972 995 duabus
1004 957 1044 994 in
1076 957 1188 994 rebus
1217 957 1435 1009 legatorum
1460 969 1538 994 una
1559 969 1678 1008 opera
1704 955 1961 1000 consumitur,

560 1024 599 1061 in
620 1023 821 1067 laudando,
853 1032 967 1074 atque
997 1023 1038 1059 in
1070 1022 1290 1074 repetendo.
1322 1022 1455 1073 Atque
1487 1033 1529 1059 ea
1553 1021 1633 1074 ipsa
1650 1021 1784 1060 civitas
1803 1033 1880 1073 qua
1894 1033 1961 1058 ,ra-

560 1091 664 1127 tione
692 1089 752 1127 illi
784 1089 906 1126 amica
931 1088 988 1133 sit,
1019 1087 1168 1125 dicetur
1197 1095 1302 1126 certo
1331 1087 1433 1126 loco.
1477 1086 1693 1140 Reperietis
1723 1087 1845 1132 enim,
1875 1099 1963 1139 quae

560 1155 677 1193 causae
696 1154 970 1193 benevolentiae
991 1153 1065 1191 sint
1084 1153 1332 1191 Mamertinis
1362 1166 1448 1204 erga
1473 1153 1604 1197 istum,
1633 1166 1693 1191 eas
1718 1152 1814 1205 ipsas
1834 1151 1961 1190 causas

560 1221 646 1259 satis
660 1220 779 1272 justas
799 1218 869 1256 effe
888 1218 1158 1257 damnationis.
1188 1218 1280 1255 Alia
1298 1217 1431 1256 civitas
1451 1216 1572 1262 nulla,
1601 1218 1774 1268 Judices,
1800 1216 1962 1271 publico

560 1286 718 1325 consilio
738 1284 879 1322 laudat.

616 1352 687 1389 Vis
721 1350 787 1387 illa
820 1348 963 1387 summi
995 1347 1150 1401 imperii
1180 1356 1333 1387 tantum
1353 1348 1482 1400 potuit
1512 1348 1614 1400 apud
1641 1360 1852 1401 perpaucos
1884 1347 1961 1387 ho-

560 1419 700 1462 mines,
742 1429 819 1454 non
853 1415 1038 1459 civitates,
1070 1423 1114 1452 ut
1147 1423 1213 1453 aut
1242 1413 1422 1452 leviffimi
1451 1414 1612 1466 quidam
1640 1427 1688 1452 ex
1720 1413 1963 1467 miserrimis„

560 1481 890 1534 desertissimisque
920 1480 1072 1534 oppidis
1103 1480 1379 1526 invenirentur,
1396 1480 1479 1532 vqui
1505 1479 1650 1533 zinjuffu
1665 1479 1806 1532 populi
1831 1493 1875 1518 ac
1901 1480 1963 1519 se-

561 1548 671 1587 natus
706 1546 1061 1600 proficiscerentur3
1098 1554 1165 1584 aut
1187 1546 1233 1591 ii,
1258 1545 1333 1598 qui
1365 1554 1499 1584 contra
1520 1545 1640 1584 istum
1668 1545 1786 1598 legati
1818 1545 1963 1584 deeneti

561 1624 680 1659 erant,
710 1623 749 1651 et
778 1613 1042 1651 testimonium
1070 1612 1290 1664 publicum,
1320 1625 1363 1650 ac
1394 1611 1573 1650 mandata
1592 1620 1832 1664 acceperam,
1862 1611 1902 1650 ni
1921 1624 1965 1650 ac

561 1689 669 1719 metu
703 1680 968 1717 retinerentur.
1015 1677 1134 1730 Qod
1163 1691 1235 1730 ego
1265 1677 1306 1715 in
1336 1678 1467 1730 paucis
1489 1685 1619 1715 tamen
1645 1676 1855 1715 usuveni‘ffe
1884 1691 1963 1716 non

561 1746 719 1785 moleste
738 1744 832 1789 fero,
863 1756 942 1796 quo
960 1743 1132 1796 reliquae,
1162 1752 1221 1782 tot
1240 1752 1279 1781 et
1299 1752 1424 1789 tantae,
1455 1752 1495 1782 et
1523 1752 1604 1782 vam
1623 1756 1753 1796 graves
1773 1743 1961 1790 civitates,

563 1821 643 1850 tota
672 1811 838 1863 denique
870 1809 997 1847 Sicilia
1025 1810 1114 1862 plus
1149 1809 1382 1848 auetoritatis
1419 1810 1520 1862 apud
1556 1822 1622 1848 vos
1654 1808 1827 1853 haberet,
1869 1822 1963 1847 cum

562 1878 737 1917 videretis
759 1876 865 1913 nulla
880 1876 921 1912 ‘vi
943 1876 1108 1918 reti-neri,
1139 1875 1249 1912 nullo
1269 1875 1441 1926 periculo
1462 1874 1660 1926 prohiberi
1678 1874 1857 1926 potuisse,
1884 1887 1964 1927 quo

563 1944 692 1981 minus
713 1941 984 1992 experirentur,
1015 1939 1155 1990 ecquid
1176 1939 1277 1991 apud
1307 1952 1373 1976 vos
1393 1940 1645 1990 querimoniae
1674 1939 1842 1978 valerent
1861 1940 1963 1978 anti-

564 2008 848 2060 quiffimorum,
880 2004 1263 2056 fidelissimorumque
1293 2004 1497 2043 sociorum.
1544 2005 1665 2050 Nam,
1691 2005 1795 2057 quod
1814 2004 1964 2044 fortazffe

565 2087 643 2112 non
671 2085 786 2110 nemo
806 2069 968 2108 vestrum
990 2070 1164 2115 audierit,
1185 2070 1301 2108 istum
1322 2083 1342 2108 a
1358 2071 1593 2122 Syracusanis
1614 2071 1771 2124 publice
1790 2071 1933 2110 laudari
1948 2090 1962 2118 3

565 2140 603 2177 id
626 2137 770 2177 tametsi
792 2136 915 2189 priore
945 2136 1092 2174 afflone
1121 2150 1169 2174 ex
1204 2135 1376 2174 Heraclii
1398 2136 1615 2188 Syracusani
1636 2137 1871 2182 testimonio,
1891 2150 1963 2175 cu-

559 2203 728 2258 jusmodi
749 2202 850 2246 effet,
882 2202 1114 2253 cognovistis
1132 2221 1142 2246 ;
1176 2211 1302 2240 tamen
1325 2202 1432 2239 vobis
1466 2202 1541 2240 alio
1561 2202 1660 2246 loco,
1691 2210 1733 2239 ut
1754 2202 1788 2239 se
1807 2210 1887 2239 tota
1906 2215 1962 2239 res

564 2271 714 2313 habeat,
745 2267 850 2320 quod
869 2267 913 2305 ad
934 2280 1017 2304 carn
1048 2268 1242 2305 civitatem
1262 2267 1412 2312 attinet,
1444 2267 1777 2306 demonstrabitur.
1810 2267 1963 2304 Intelli-

564 2337 661 2389 getis
693 2334 824 2377 enim,
860 2332 976 2370 nullis
1010 2331 1237 2370 hominibus
1272 2346 1510 2385 quemquam
1541 2340 1648 2369 tanto
1677 2330 1781 2377 odio,
1817 2341 1963 2383 quanto

565 2403 680 2441 istum
703 2398 951 2451 SyracusaniS,
973 2407 1010 2435 et
1031 2397 1115 2442 effe,
1137 2406 1174 2435 et
1195 2397 1318 2435 fuisse.

621 2468 692 2504 VI.
725 2467 779 2502 At
813 2465 918 2502 enim
939 2464 1053 2502 istum
1075 2464 1140 2502 soli
1174 2463 1292 2501 Siculi
1316 2463 1622 2515 persequuntur:
1654 2463 1755 2501 cives
1777 2463 1961 2508 Romani,

565 2532 635 2586 qui
654 2533 692 2570 in
708 2531 835 2570 Sicilia
856 2531 1085 2583 negotiatur,
1103 2529 1327 2575 defendunt,
1342 2529 1524 2582 diligunt,
1539 2529 1769 2569 sakvumeffe
1784 2530 1962 2583 cupiunt.
