2201 2792
594 85 938 127 ACTIONIS
969 86 1022 124 II.
1083 86 1292 125 LIBER
1322 87 1373 124 V.
1608 101 1681 140 431

291 189 512 243 impendere
532 188 685 233 laboris,
703 200 836 240 operae,
855 185 1041 239 pecuniae,
1057 198 1103 222 ne
1120 183 1202 222 haec
1224 184 1381 222 biremis
1398 184 1686 230 adscriberetur,

292 256 317 293 fi
338 256 377 294 id
409 255 490 293 ullo
510 254 627 292 modo
647 252 795 306 poffent
824 266 845 290 a
877 251 1012 290 nostris
1047 250 1256 302 majoribus
1290 250 1524 302 impetrare?
1563 250 1686 295 Nam,

291 336 384 360 cum
415 321 491 359 hoc
525 333 667 359 munus
701 320 953 372 imperaretur
983 326 1063 355 tam
1084 330 1195 370 grave
1215 316 1376 361 civitati,
1411 316 1530 353 inerat
1563 317 1688 354 nescio

290 401 370 439 quo
389 387 507 426 modo
527 388 568 425 in
588 387 657 425 illo
676 385 820 424 foedere
837 385 1037 429 societatis,
1055 383 1158 436 quasi
1179 383 1354 435 quaedam
1376 391 1466 420 nota
1481 382 1688 420 servitutis.

291 454 410 505 Qod
431 464 517 492 tum
539 454 756 492 recentibus
779 453 852 491 suis
874 452 1027 497 officiis,
1056 452 1203 503 integra
1224 464 1276 496 re,
1310 450 1427 488 nullis
1449 449 1583 503 populi
1602 451 1688 487 Ro-

290 521 396 558 mani
417 520 725 564 difficultatibus,
757 533 777 557 a
797 518 1008 570 majoribus
1030 517 1163 555 nostris
1185 515 1328 554 foedere
1347 515 1488 568 affequi
1508 529 1585 553 non
1614 529 1688 568 po-

232 624 243 630 ,
291 596 476 632 tuerunt;
508 587 546 624 id
581 600 686 624 nunc
718 585 828 623 nullo
858 597 959 622 novo
993 583 1123 621 officio
1144 582 1224 627 suo,
1259 592 1318 620 tot
1347 583 1455 620 annis
1477 581 1573 634 post,
1600 583 1689 634 jure

290 653 444 706 imperii
465 652 580 691 nostri
601 650 808 703 quotannis
828 649 1068 702 usurpatum,
1086 662 1129 686 ac
1145 648 1293 701 semper
1309 657 1517 692 retentum,
1540 647 1690 686 summa

289 719 331 757 in
351 719 578 757 difficultate
599 718 771 763 navium,
806 730 827 754 a
848 717 896 754 C.
914 716 1032 754 Verre
1052 716 1176 769 pretio
1206 714 1361 753 affecuti
1392 715 1490 752 sunt.
1524 716 1578 752 At
1609 729 1687 753 non

288 784 365 824 hoc
382 785 506 824 solum
527 785 615 823 sunt
634 784 802 829 assecuti,
826 796 871 821 ne
891 797 1028 821 navem
1049 783 1194 820 darent.
1228 782 1406 833 Ecquem
1428 791 1597 826 nautam,
1621 795 1687 820 ec-

289 865 406 905 quem
428 853 612 896 militem‚
630 851 699 904 qui
719 859 784 888 aut
804 851 844 888 in
865 849 985 895 clafl‘e,
1000 859 1065 888 aut
1085 850 1124 887 in
1146 848 1317 902 praesidio
1333 847 1435 893 esset,
1453 857 1489 885 te
1507 849 1686 894 Praetore,

290 931 358 971 per
378 918 588 956 triennium
610 917 837 955 Mamertini
859 916 1044 954 dederunt
1063 916 1076 953 ?

326 985 441 1023 XXI.
475 985 658 1037 Denique
677 998 770 1022 cum
791 997 837 1021 ex
858 982 1222 1028 senatus-consulto,
1244 983 1416 1034 itemque
1436 995 1482 1019 ex
1503 981 1587 1034 lege
1604 982 1686 1020 Te-

289 1052 411 1090 rentia
429 1060 467 1090 et
488 1051 622 1097 Cassia,
644 1050 888 1089 frumentum
908 1050 1146 1103 aequabiliter
1165 1050 1243 1087 emi
1270 1049 1316 1086 ab
1337 1049 1520 1086 omnibus
1549 1049 1688 1087 Siciliae

288 1118 510 1157 civitatibus
541 1127 759 1171 oporteret3
792 1117 831 1154 id
851 1130 1007 1169 quoque
1031 1129 1173 1155 munus
1203 1116 1297 1160 leve,
1324 1124 1438 1168 atque
1459 1129 1685 1160 commune,

289 1185 539 1224 Mamertinis
574 1185 760 1223 remifisti.
794 1183 927 1227 Dices,
961 1182 1205 1221 frumentum
1228 1183 1485 1220 Mamertinos
1518 1196 1603 1220 non
1617 1182 1684 1219 de-

289 1252 390 1290 bere.
423 1251 651 1304 Qomodo,
673 1264 751 1289 non
772 1250 935 1288 debere?
966 1263 1028 1294 an,
1062 1259 1104 1287 ut
1125 1263 1172 1286 ne
1202 1249 1439 1287 venderent?
1472 1262 1550 1286 non
1580 1249 1689 1286 enim

289 1328 368 1356 erat
388 1317 463 1356 hoc
483 1331 604 1371 genus
624 1316 813 1355 frumenti
844 1330 892 1354 ex
912 1329 957 1354 eo
987 1329 1137 1368 genere,
1171 1315 1274 1367 quod
1295 1315 1523 1367 exigeretur,
1557 1314 1618 1352 sed
1639 1328 1687 1353 ex

289 1398 348 1430 eo,
371 1385 476 1438 quod
495 1393 699 1423 erneretur.
722 1385 782 1422 Te
802 1383 921 1436 igitur
941 1384 1092 1420 auctore
1112 1391 1150 1419 et
1170 1383 1389 1434 interprete,
1421 1394 1468 1418 ne
1488 1380 1572 1419 foro
1595 1382 1686 1433 qui-

289 1452 392 1497 dem,
426 1461 463 1490 et
483 1461 717 1496 commeatu,
750 1449 981 1488 Mamertini
1001 1449 1192 1501 populum
1219 1449 1444 1486 Romanum
1461 1448 1594 1499 juvare
1615 1448 1684 1485 de-

289 1518 470 1558 buerunt.

344 1584 444 1636 Qae
474 1585 630 1622 tandem
651 1583 783 1622 civitas
804 1581 893 1627 fuit,
921 1595 1005 1634 quae
1035 1581 1220 1618 deberet?
1253 1580 1334 1630 Qi
1367 1579 1544 1632 publicos
1577 1593 1685 1632 agros

289 1660 408 1695 arant,
440 1660 591 1688 certum
611 1650 676 1694 est,
710 1649 805 1701 quid
835 1662 881 1686 ex
916 1649 1000 1700 lege
1021 1647 1190 1685 censoria
1209 1647 1295 1684 dare
1315 1646 1501 1684 debeant:
1534 1659 1603 1683 cur
1637 1646 1684 1683 iis

289 1717 504 1769 quidquam
525 1725 703 1769 praeterea
721 1728 768 1752 ex
789 1714 864 1752 alio
885 1727 1021 1766 genere
1041 1712 1300 1766 imperavisti?
1333 1712 1470 1762 Qid?
1502 1711 1686 1749 decuma-

289 1784 330 1820 ni
350 1797 447 1821 num
467 1783 561 1835 quid
581 1791 714 1835 praeter
734 1781 896 1834 fingulas
918 1780 1096 1818 decumas
1118 1793 1164 1817 ex
1186 1778 1269 1830 lege
1284 1777 1494 1816 Hieronica
1515 1777 1684 1815 debent?

288 1850 420 1887 curiis
442 1861 598 1902 quoque
619 1847 791 1892 statuisti,
814 1855 1005 1898 quantum
1025 1859 1072 1884 ex
1099 1844 1174 1883 hoe
1195 1857 1333 1896 genere
1352 1843 1538 1881 frumenti
1561 1844 1688 1896 empti

289 1915 451 1954 darent?
486 1915 567 1966 Qi
589 1914 676 1952 sunt
696 1914 905 1958 immunes,
941 1913 969 1950 ii
990 1921 1091 1950 certe
1122 1910 1223 1949 nihil
1246 1910 1400 1948 debent.
1433 1913 1487 1947 At
1518 1908 1579 1947 his
1607 1923 1686 1948 non

288 1982 406 2020 modo
427 1981 618 2034 imperasti
636 1999 647 2025 3
672 1994 805 2017 verum
826 1980 957 2023 etiarn,
980 1992 1058 2030 quo
1079 1978 1166 2031 plus
1187 1977 1332 2021 darent,
1356 1990 1473 2028 quam
1494 1984 1684 2028 poterant,

288 2046 370 2085 hate
391 2047 570 2099 sexagena
591 2046 714 2083 millia
735 2044 927 2090 modium,
956 2059 1040 2097 quae
1062 2043 1312 2082 Mamertinis
1339 2042 1547 2087 remiseras,
1575 2042 1684 2079 addi-

289 2113 390 2152 disti.
422 2113 565 2165 Neque
586 2111 659 2150 hoc
692 2112 793 2156 dico,
826 2111 970 2149 caeteris
991 2124 1067 2148 non
1090 2111 1188 2148 recte
1207 2109 1443 2162 imperatum
1464 2107 1535 2146 effe
1554 2123 1562 2147 :
1592 2109 1685 2146 Ma-

288 2180 476 2224 mertinis,
492 2180 560 2231 qui
578 2188 682 2216 erant
704 2178 743 2215 in
764 2177 896 2215 eadem
917 2176 1038 2222 causa,
1053 2177 1196 2229 quibus
1210 2176 1416 2228 superiores
1434 2188 1566 2213 omnes
1582 2175 1684 2212 Prae-

288 2255 386 2284 tores
408 2246 525 2290 item,
563 2254 605 2283 ut
625 2245 769 2283 caeteris
787 2274 798 2289 ,
836 2244 1068 2297 imperarant
1082 2272 1094 2288 ,
1129 2243 1412 2295 pecuniamque
1432 2255 1478 2279 ex
1512 2240 1683 2277 senatus-

288 2312 476 2356 consulto,
510 2320 547 2349 et
582 2311 732 2363 exlege
753 2310 1008 2355 dissolverant,
1040 2309 1101 2347 his
1123 2309 1211 2347 dico
1241 2322 1318 2346 non
1351 2309 1449 2344 reete
1470 2304 1685 2343 remiffum.

289 2378 355 2421 Et,
393 2387 434 2415 ut
464 2377 540 2414 hoc
572 2377 820 2421 beneficium,
857 2368 1190 2429 quemadmodum
1224 2375 1379 2417 dicitur,
1412 2370 1544 2409 trabali
1575 2370 1689 2407 clavo

287 2443 433 2495 figeret,
467 2456 559 2481 cum
595 2443 752 2481 confilio
783 2443 934 2482 causam
966 2441 1295 2482 Mamertinorum
1332 2437 1541 2490 cognoscit,
1572 2446 1611 2474 et
1636 2437 1686 2475 de
