2201 2792
491 189 570 227 244
915 177 1004 217 IN
1080 177 1459 217 VERREM

489 273 573 312 effe.
606 275 724 326 Jubet
743 274 809 312 ille
829 275 898 313 fibi
930 275 1056 328 legem
1078 276 1238 314 recitari.
1282 276 1509 314 Recitatur:
1540 275 1582 313 in
1609 288 1685 327 qua
1704 273 1889 327 scriptum

489 348 579 385 erat,
605 341 668 385 Ut,
690 349 773 393 quot
793 340 893 393 effi’m‘
914 341 1129 385 renuncirztt',
1161 351 1215 380 tot
1233 342 1270 379 in
1289 340 1450 393 [ydriam
1466 343 1587 394 firtes
1605 340 1887 392 conjicerentur:

488 405 588 457 czgjus
606 421 726 445 nomen
746 407 804 460 exf'
826 406 874 450 bt,
905 415 945 443 ut
966 407 995 444 is
1013 407 1159 445 haberet
1179 407 1219 445 id
1231 406 1485 460 stzcerdotium.
1518 408 1604 452 Iste,
1634 405 1756 445 homo
1775 406 1886 459 inge-

490 472 616 510 niosus
647 481 685 510 et
715 482 930 524 peracutus,
964 473 1141 524 Optime,
1173 473 1316 525 inquit.
1359 473 1513 526 Nempe
1533 473 1718 525 scriptum
1739 474 1790 510 ita
1820 471 1887 515 est,

490 547 574 590 quot
593 538 798 576 renuntiati
823 547 944 575 crzmt.
985 538 1093 586 Quot
1112 552 1216 590 ergo,
1249 539 1393 590 inquit,
1424 538 1511 577 sunt
1531 538 1768 576 renuntiati?
1805 538 1886 576 Re-

489 603 684 656 sponsum,
707 613 794 641 tres.
827 604 939 642 Num
962 604 1056 655 quid
1076 604 1196 656 igitur
1214 613 1380 656 oportet,
1412 605 1479 642 nisi
1502 613 1574 642 tres
1595 604 1710 642 sortes
1731 603 1889 654 conjici,

491 683 609 707 unam
640 669 782 707 educi?
825 668 955 708 Nihil.
1007 671 1162 721 Conjici
1187 671 1301 722 jubet
1333 679 1423 716 tres,
1453 671 1492 708 in
1527 671 1669 723 quibus
1704 669 1891 708 omnibus

488 736 676 788 scriptum
695 735 783 773 effer
816 749 958 773 nomen
980 735 1246 774 Theomnasti.
1290 737 1354 775 Fit
1383 736 1529 774 clamor
1558 737 1766 781 maximus,
1794 748 1888 773 cum

488 802 528 840 id
549 803 727 841 universis
748 803 954 854 indignum
985 812 1099 854 atque
1130 802 1318 841 nefarium
1349 804 1552 841 videretur.
1585 804 1643 841 Ita
1661 802 1767 854 Jovis
1789 801 1888 839 illud

488 869 743 907 sacerdotium
764 869 1043 920 ampliffimum
1064 883 1129 921 per
1147 868 1246 907 hanc
1268 870 1453 908 rationem
1474 869 1738 908 Theomnasto
1757 869 1883 906 datur.

508 956 510 958 v
542 935 632 972 LII.
666 933 893 986 Cephaloedi
923 935 1061 972 mensis
1093 935 1146 972 est
1179 945 1304 973 certus
1324 965 1334 980 ‚
1380 950 1459 987 quo
1495 936 1623 973 mense
1654 934 1887 972 sacerdotem

487 1000 705 1038 maximum
736 1000 850 1036 creari
883 1009 1068 1052 oporteat.
1106 1001 1198 1037 Erat
1229 1002 1309 1052 ejus
1341 1000 1497 1038 honoris
1528 1000 1691 1053 cupidus
1725 1001 1890 1037 Artemo

487 1065 661 1117 quidam,
694 1063 929 1102 Climachias
951 1065 1197 1117 cognomine,
1230 1064 1351 1104 homo
1381 1065 1466 1103 sane
1495 1065 1682 1118 locuples,
1712 1074 1750 1102 et
1781 1063 1889 1102 domi

485 1131 654 1169 nobilis:
687 1130 748 1168 sed
778 1131 810 1168 is
841 1130 923 1168 fieri
954 1131 1063 1169 nullo
1094 1131 1210 1169 modo
1230 1141 1392 1184 poterat,
1423 1133 1448 1170 fi
1475 1132 1700 1170 Herodotus
1727 1131 1888 1184 quidam

486 1197 636 1236 adeffet.
680 1198 729 1235 Ei
758 1197 866 1235 locus
901 1198 968 1235 ille
998 1207 1113 1249 atque
1146 1197 1268 1236 honos
1303 1199 1342 1235 in
1363 1198 1477 1236 illum
1511 1212 1657 1235 annum
1687 1199 1739 1236 ita
1759 1197 1889 1235 deberi

486 1264 703 1316 putabatur,
736 1272 780 1300 ut
813 1277 860 1300 ne
892 1262 1127 1301 Climachias
1157 1264 1317 1315 quidem
1350 1273 1481 1302 contra
1510 1264 1666 1302 diceret.
1727 1264 1805 1301 Res
1840 1263 1887 1301 ad

485 1329 602 1367 istum
637 1327 818 1373 defertur,
850 1338 888 1366 et
917 1328 1022 1368 istius
1054 1343 1160 1367 more
1191 1330 1394 1368 deciditur.
1425 1331 1662 1368 Toreumata
1681 1329 1766 1368 sane
1796 1337 1888 1366 nota

484 1408 527 1433 ac
548 1395 710 1447 pretiosa
727 1393 963 1433 auferuntur.
1011 1396 1233 1434 Herodotus
1254 1397 1392 1434 Romae
1411 1405 1513 1435 erat:
1545 1396 1630 1434 satis
1663 1396 1822 1449 putabat
1851 1395 1887 1432 se

485 1461 531 1499 ad
551 1461 709 1499 comitia
728 1471 902 1513 tempore
921 1471 1143 1506 venturum,
1162 1462 1187 1499 fi
1208 1462 1332 1514 pridie
1351 1462 1519 1500 venisset.
1551 1462 1637 1506 Iste,
1660 1475 1707 1499 ne
1727 1470 1792 1499 aut
1811 1461 1887 1499 alio

485 1526 628 1572 mense,
659 1540 701 1564 ac
726 1526 780 1564 fas
812 1537 904 1572 erat,
935 1528 1096 1565 comitia
1123 1527 1366 1572 haberentur,
1395 1537 1460 1565 aut
1481 1528 1682 1566 Herodoto
1713 1526 1887 1580 praesenti

485 1592 609 1631 honos
630 1593 873 1638 adimeretur,
908 1594 966 1644 (id
985 1594 1090 1645 quod
1110 1594 1177 1631 iste
1207 1608 1283 1631 non
1312 1594 1518 1639 laborabat,
1551 1592 1786 1632 Climachias
1808 1593 1888 1630 mi-

486 1659 592 1696 nime
613 1659 780 1710 volebat)
813 1659 1005 1711 excogitat
1028 1659 1126 1710 (dixi
1141 1660 1403 1711 jamdudum5
1436 1673 1512 1698 non
1533 1659 1584 1697 est
1604 1658 1725 1697 homo
1740 1659 1889 1697 acutior

485 1724 704 1776 quisquam,
736 1737 806 1762 nec
826 1723 919 1776 fuit)
953 1726 1159 1778 excogitat,
1195 1725 1370 1778 inquam,
1406 1725 1738 1778 quemadmodum
1758 1724 1891 1762 mense

485 1791 554 1829 illo
574 1791 752 1843 legitimo
781 1791 941 1829 comitia
972 1791 1216 1837 haberentur,
1247 1806 1317 1830 nec
1352 1801 1479 1830 tamen
1511 1792 1735 1831 Herodotus
1769 1790 1888 1828 adeffe

486 1857 615 1910 postet.

542 1923 609 1960 Est
643 1922 878 1961 consuetudo
909 1922 1142 1968 Siculorum,
1175 1931 1478 1976 caeterorumque
1508 1924 1749 1967 Graecorum,
1781 1921 1888 1974 quod

487 1988 571 2026 suos
611 1989 717 2033 dies,
767 1987 986 2040 mensesque
1020 2001 1230 2041 congruere
1270 1989 1406 2028 volunt
1449 2003 1540 2028 cum
1580 1989 1666 2027 solis
1707 1989 1886 2040 lunaeque

487 2054 647 2098 ratione,
679 2063 722 2092 ut
743 2067 1038 2106 nonnunquam,
1069 2055 1094 2092 fi
1122 2055 1209 2107 quis
1240 2055 1438 2108 discrepet,
1470 2056 1641 2094 eximant
1661 2069 1784 2093 unum
1813 2054 1886 2092 ali-

487 2133 604 2172 quem
617 2120 736 2164 diem,
754 2129 831 2165 aut,
848 2119 1057 2166 summum,
1074 2121 1238 2159 biduum
1255 2135 1301 2159 ex
1318 2122 1446 2160 mense
1462 2140 1473 2167 3
1496 2135 1593 2174 quos
1613 2122 1672 2159 illi
1691 2115 1886 2174 ἐξιαξεσέμκς

487 2186 566 2223 dies
588 2186 816 2223 nominant:
849 2186 943 2223 item
978 2200 1257 2239 nonnunquam
1289 2201 1366 2226 uno
1387 2188 1448 2226 die
1467 2188 1683 2240 longiorem
1712 2186 1884 2224 mensem

486 2251 647 2296 faciunt,
679 2261 743 2289 aut
775 2251 907 2289 biduo.
940 2252 1036 2302 Qae
1071 2253 1136 2290 iste
1168 2268 1260 2291 cum
1296 2254 1544 2306 cognovisset,
1575 2265 1695 2290 novus
1726 2251 1883 2289 astrolo-

487 2331 572 2369 gus,
605 2317 672 2369 qui
705 2330 781 2354 non
813 2326 891 2354 tam
911 2317 994 2354 caeli
1015 2317 1216 2362 rationem,
1250 2333 1364 2370 quam
1385 2319 1507 2356 caelati
1526 2318 1685 2370 argenti,
1716 2317 1883 2362 duceret,

488 2384 608 2420 eximi
637 2384 749 2435 jubet
780 2397 857 2421 non
892 2383 994 2421 diem
1015 2397 1061 2421 ex
1092 2384 1231 2428 mense,
1263 2384 1323 2421 sed
1354 2397 1400 2422 ex
1422 2398 1521 2422 anno
1548 2397 1671 2421 unum
1702 2383 1884 2421 dimidia—

488 2456 652 2498 tumque
680 2447 864 2492 mensem,
895 2446 971 2485 hoc
1005 2448 1151 2493 mod0;
1194 2457 1250 2493 ut,
1282 2462 1359 2500 quo
1389 2449 1450 2486 die
1483 2448 1619 2500 (verbi
1649 2448 1783 2499 causa)
1815 2448 1885 2486 effe

486 2522 677 2566 oporteret
708 2513 798 2552 Idus
821 2515 1030 2566 januarias,
1061 2528 1105 2553 eo
1136 2515 1197 2553 die
1220 2515 1409 2554 Kalendas
1430 2515 1590 2554 Martias
1620 2515 1883 2568 proscriberet.
