2201 2792
491 127 1032 168 ARGUMENTA
1098 125 1639 164 ORATIONUM.
1774 138 1820 171 24

316 215 412 254 unde
431 226 524 261 aegre
543 212 695 260 repulsus
719 211 777 247 est.
828 212 956 246 Brutus
975 219 1010 245 et
1029 210 1173 252 Cassum,
1201 208 1311 243 vitato
1329 207 1487 254 praesenti
1505 208 1675 254 periculo,
1702 208 1817 242 conci·

318 276 400 303 tatae
432 263 666 299 multitudinis
694 263 765 297 vim
797 261 975 302 timentes,
1010 259 1232 305 Antoniique
1261 257 1440 305 perfidiam
1461 256 1535 304 jam
1567 257 1644 292 satis
1670 257 1817 303 experti,

316 315 470 353 Antium
490 322 526 348 et
544 311 748 347 Lanuvium
765 308 993 356 aufugerunt,
1012 321 1053 344 eo
1068 308 1220 350 consilio,
1240 317 1279 342 ut
1298 307 1378 342 inde
1397 307 1430 341 in
1450 306 1644 353 provincias
1664 318 1681 340 a
1700 306 1816 341 senatu

318 366 473 401 decretas
497 360 804 409 proficiscerentur.
855 361 1069 394 Decreverat
1087 367 1203 393 autem
1224 357 1372 398 senatuS‚
1401 355 1562 402 postridie
1579 366 1684 401 quam
1709 367 1726 389 e
1750 356 1816 390 Ca-

317 413 443 461 pitolio
468 411 610 448 Caesaris
640 409 876 445 interfectores
904 407 1162 449 descenderant,
1189 406 1300 441 Bruto
1323 405 1478 447 Cretam,
1505 405 1617 439 Caffio
1644 402 1816 445 Africam,

318 461 502 498 Trebonio
524 461 653 502 Asiam,
679 459 827 494 Cimbro
846 457 1043 505 Bithyniam
1061 470 1069 492 ι
1098 457 1145 491 D.
1164 456 1275 491 Bruto
1293 455 1444 490 Galliam
1464 453 1673 495 citeriorem,
1700 454 1815 488 datam

318 525 339 548 a
361 511 494 547 Caesare
522 520 633 549 antea,
661 509 891 544 confirmarat.
945 507 1042 542 Idem
1070 516 1200 547 tamen,
1228 504 1322 551 quasi
1350 504 1393 538 ad
1418 503 1596 538 sanitatem
1620 512 1816 544 revocatus,

318 561 462 608 reliquis
487 560 612 595 diebus
637 558 671 593 in
695 558 870 605 Capitolio
892 556 1058 604 praeclara
1082 556 1115 590 S.
1135 555 1178 590 C.
1197 553 1299 596 fecit,
1327 555 1479 600 primuni
1505 553 1589 588 illud
1609 565 1628 587 e
1648 552 1720 587 Ser.
1741 552 1818 586 Sul-

320 612 402 660 picii
422 609 600 652 sententia,
629 621 672 644 ne
693 620 764 655 qua
787 606 863 655 post
886 607 968 641 Idus
988 606 1097 640 Mart.
1118 603 1350 639 immunitatis
1370 603 1502 644 tabula,
1531 614 1617 637 neve
1636 599 1736 647 cujus
1756 601 1820 636 be-

321 661 435 697 neficii
463 659 654 707 figeretur:
683 657 822 699 deinde,
848 666 889 692 ut
912 656 1094 690 dictaturae
1123 666 1251 689 nomen
1280 654 1313 688 in
1338 661 1550 699 perpetuum
1578 663 1596 686 e
1622 663 1695 698 rep.
1720 650 1819 685 tolle-

323 719 428 746 retur.
483 710 568 744 Lux
595 708 759 754 quaedam
785 706 904 741 oblata
930 705 1137 740 videbatur:
1167 703 1270 738 erecti
1297 711 1394 737 erant
1421 701 1477 747 spe
1502 700 1670 735 libertatis
1697 709 1732 734 et
1755 699 1819 734 otii

322 760 498 796 bonorum
525 757 656 792 animi:
693 756 880 791 constituta
913 755 995 802 resp.
1025 753 1226 800 putabatur.
1280 752 1347 786 Sed
1379 750 1448 785 cito
1477 750 1532 785 ille
1563 748 1819 784 simulationem

321 809 467 850 sustulit,
494 806 616 854 suique
644 805 761 841 similis
784 805 876 840 visus
903 804 962 840 est.
1014 802 1154 838 Habito
1178 801 1271 837 enini
1297 800 1462 836 Kalendis
1486 800 1572 844 Jun.
1590 798 1720 838 senatu,
1750 810 1820 833 non

322 870 420 900 eum,
446 869 555 905 quem
581 865 694 899 antea,
721 855 765 890 de
789 867 861 902 rep.
887 853 1031 895 sensum,
1059 864 1122 887 nec
1146 851 1361 899 superiorum
1383 849 1518 884 dierum
1544 848 1626 883 actis
1652 847 1821 883 consenti-

323 917 441 944 entem
467 907 684 941 voluntatem
710 904 870 940 ostendit.
922 902 1022 938 Nihil
1047 901 1172 938 deinde
1197 901 1238 935 ad
1263 899 1420 934 senatum
1448 897 1642 933 referebat:
1672 909 1734 944 per
1758 908 1820 944 po-

324 958 465 1005 pulum,
484 956 517 990 id
537 956 595 996 est,
616 967 676 1001 per
691 955 846 989 infimam
865 962 1139 999 corruptamque
1156 950 1310 997 plebem,
1329 957 1533 995 contempta
1550 946 1745 994 amplissimi
1764 957 1821 981 or-

325 1006 414 1041 dinis
433 1005 647 1045 auctoritate,
663 1003 789 1050 agebat
807 1002 937 1044 omnia,
956 1011 1077 1036 contra
1093 1001 1128 1035 S.
1142 1001 1185 1035 C.
1204 999 1300 1046 quod
1319 998 1386 1045 ipse
1406 997 1478 1032 fieri
1496 997 1665 1038 voluerat,
1686 995 1821 1030 tabulas

326 1055 470 1102 figebat,
488 1054 664 1088 civitatem
685 1052 990 1097 immunitatesque
1009 1050 1127 1091 dabat,
1145 1048 1275 1084 exsules
1293 1047 1503 1082 reducebat:
1532 1058 1643 1092 eaque
1661 1045 1691 1080 se
1708 1043 1822 1080 facere

326 1104 446 1140 omnia
463 1102 601 1137 dicebat
619 1113 661 1135 ex
679 1100 817 1147 legibus
834 1100 987 1142 Caesaris,
1007 1110 1066 1134 aut
1085 1111 1127 1133 ex
1146 1097 1219 1144 ejus
1239 1096 1510 1132 commentariis.
1563 1096 1661 1130 Turn
1681 1094 1820 1136 Cicero,

326 1153 500 1199 desperata
529 1150 663 1197 prorsus
694 1149 854 1185 Antonio
883 1148 1021 1184 consule
1049 1148 1220 1188 libertate,
1254 1146 1377 1180 urbem
1405 1143 1556 1191 reliquit,
1584 1143 1618 1178 in
1647 1143 1822 1178 Graeciam

327 1202 452 1242 iturus,
480 1212 521 1235 ea
549 1209 679 1242 mente,
706 1208 745 1233 ut
772 1198 936 1233 Kalendis
961 1198 1040 1242 Jan.
1068 1208 1141 1243 quo
1167 1197 1222 1230 die
1248 1194 1356 1230 Pansa
1378 1203 1413 1228 et
1435 1194 1576 1228 Hirtius
1604 1193 1823 1227 consulatum

325 1250 445 1286 inituri
471 1258 581 1292 erant,
610 1249 746 1284 adesset.
800 1248 880 1283 Nec
907 1258 1024 1282 tamen
1053 1246 1117 1281 iter
1144 1245 1231 1280 illud
1257 1242 1413 1279 absolvit.
1456 1242 1554 1277 Nam
1586 1243 1822 1288 Leucopetrae

327 1298 468 1335 adversa
496 1297 700 1346 tempestate
730 1297 907 1339 detentus,
934 1296 978 1332 ab
1005 1297 1059 1337 iis,
1087 1295 1148 1342 qui
1173 1295 1216 1329 ab
1241 1294 1326 1329 urbe
1353 1301 1533 1333 venerant,
1559 1301 1594 1326 et
1617 1293 1823 1326 concionem

328 1348 461 1396 accepit
479 1347 640 1389 Antonii,
660 1358 766 1394 quam
786 1347 886 1381 valde
903 1346 1078 1394 probavit,
1098 1355 1133 1379 et
1150 1356 1190 1379 ea
1207 1342 1387 1390 cognovit,
1415 1341 1508 1376 unde
1528 1341 1722 1375 revertendi
1742 1351 1823 1374 con-

328 1398 442 1435 silium
460 1398 565 1445 cepit.
619 1396 699 1431 Post
717 1395 957 1436 reversionem,
985 1396 1028 1429 de
1049 1397 1102 1429 via
1121 1394 1303 1440 languenS,
1331 1392 1365 1427 in
1384 1391 1552 1432 senatum,
1579 1389 1639 1436 qui
1658 1389 1824 1424 Kalendis

328 1448 426 1495 Sept.
452 1457 492 1482 ut
516 1446 602 1481 Phil.
619 1447 662 1480 V.
682 1445 824 1492 legitur,
852 1445 885 1479 in
912 1445 987 1480 aede
1011 1444 1218 1479 Concordiae
1245 1441 1454 1482 habebatur,
1483 1451 1551 1474 non
1580 1438 1685 1473 venit.
1738 1439 1825 1486 Qo

329 1495 483 1545 graviter
507 1505 707 1531 commotus
731 1495 923 1536 Antonius,
950 1492 1073 1529 fabros
1094 1493 1124 1527 se
1149 1492 1342 1533 missurum,
1369 1499 1405 1525 et
1429 1491 1579 1524 domum
1601 1487 1675 1532 ejus
1700 1487 1824 1522 distur-

329 1548 509 1588 baturum,
536 1545 699 1580 audiente
727 1543 857 1586 senatu,
889 1545 989 1579 dixit.
1042 1542 1221 1583 Postridie,
1249 1541 1283 1576 id
1313 1540 1374 1581 est,
1405 1539 1505 1574 XIV.
1534 1538 1630 1573 Non.
1660 1538 1757 1584 Sept.
1789 1536 1824 1572 in

328 1596 485 1631 senatum
511 1594 617 1636 venit,
645 1593 781 1629 absente
805 1594 989 1629 Antonio:
1017 1603 1051 1627 et
1077 1592 1139 1626 hac
1161 1591 1316 1631 oratione
1336 1589 1447 1636 prima
1464 1587 1623 1634 exposuit
1641 1586 1822 1621 consilium

330 1643 554 1692 profectionis
578 1654 613 1679 et
638 1643 841 1678 reversionis
865 1643 958 1678 suae:
986 1643 1111 1677 deinde
1129 1641 1268 1688 questus
1287 1640 1334 1674 est
1353 1637 1506 1686 graviter
1522 1637 1566 1671 de
1586 1636 1733 1671 Antonii
1752 1635 1825 1670 hes-

331 1705 431 1729 terna
455 1691 600 1738 injuria:
630 1703 705 1727 tuni
730 1693 824 1738 leges
848 1692 937 1726 illius
958 1690 1201 1738 reprehendit:
1230 1689 1405 1736 postremo
1424 1697 1616 1732 utrumque
1633 1684 1823 1729 consulem,

331 1743 507 1779 absentem
539 1742 749 1783 Antonium,
784 1740 987 1788 praesentem
1018 1739 1255 1781 Dolabellam,
1285 1749 1392 1784 quem
1421 1736 1496 1777 sibi,
1532 1734 1750 1782 profesturus
1781 1732 1826 1769 ad

334 1792 468 1828 bellum
499 1791 717 1832 Parthicum,
743 1790 857 1825 Caesar
883 1790 1071 1831 suffecerat,
1101 1790 1268 1830 hortatur,
1297 1797 1335 1822 ut
1361 1797 1480 1820 veram
1507 1784 1720 1830 solidamque
1747 1783 1826 1830 glo-

332 1842 420 1877 riam
434 1840 631 1888 sequantur,
650 1840 749 1886 diligi
768 1852 786 1875 a
804 1840 868 1875 suis
883 1841 1017 1875 civibus
1034 1838 1168 1881 malint,
1186 1849 1293 1885 quani
1310 1835 1431 1877 metui,
1452 1832 1708 1882 rempublicam
1726 1831 1825 1868 omni

333 1891 465 1927 ratione
483 1891 770 1937 conipleClantur.

445 1992 604 2043 Argum.
928 1986 1136 2040 Philippica
1165 1986 1220 2024 II.
1664 1994 1702 2033 p.
1736 1992 1825 2032 290.

386 2076 553 2113 ΗΑΒῙΤΑ
581 2088 600 2110 a
623 2076 792 2110 Cicerone
811 2075 873 2110 IV.
893 2074 989 2109 Non.
1010 2074 1104 2121 Sept.
1123 2073 1277 2108 oratione
1296 2072 1406 2118 prima
1426 2070 1458 2104 in
1480 2067 1693 2108 Antonium,
1721 2067 1777 2101 ille
1797 2066 1828 2102 se

337 2128 372 2163 in
403 2126 522 2161 villam
551 2126 777 2159 Tiburtinam
809 2125 968 2165 contulit,
1001 2123 1120 2170 ibique
1150 2121 1397 2168 septemdecim
1429 2119 1512 2160 dies,
1539 2119 1635 2166 quod
1665 2116 1826 2151 Ciceroni

339 2175 571 2223 responderet,
591 2185 847 2208 commentatus
864 2173 922 2208 est.
950 2172 1054 2208 XlII.
1073 2172 1148 2206 Kal.
1170 2171 1298 2206 Oetob.
1315 2170 1433 2204 habito
1452 2169 1581 2209 senatu,
1602 2167 1635 2201 in
1652 2165 1827 2200 absentem

337 2226 560 2263 Ciceronem,
588 2224 647 2269 qui
667 2223 697 2257 se
718 2234 794 2257 tuto
813 2224 845 2257 in
864 2222 1015 2257 senatum
1036 2221 1149 2256 venire
1170 2232 1239 2255 non
1258 2220 1349 2267 poffe
1369 2218 1598 2264 intelligebat,
1625 2227 1706 2261 quae
1732 2216 1830 2260 cogi-

338 2284 483 2315 taverat,
503 2273 673 2308 evomuit.
726 2272 795 2306 His
812 2272 976 2307 omnibus
996 2270 1067 2305 fuse
1085 2270 1307 2318 graviterque
1326 2268 1518 2315 respondet,
1538 2278 1575 2300 ac
1594 2263 1695 2299 simul
1712 2263 1830 2298 omnia

342 2324 488 2359 Antonii
515 2322 638 2358 scelera
661 2331 695 2356 et
722 2322 853 2368 flagitia
878 2329 1132 2355 commemorat
1157 2320 1219 2354 hac
1245 2318 1401 2355 oratione
1427 2316 1576 2356 Cicero·‚
1604 2325 1698 2360 quae,
1726 2322 1766 2347 ut
1788 2312 1828 2348 P.

341 2373 528 2410 Manutius
546 2382 660 2420 putat,
679 2383 748 2407 non
766 2371 871 2414 dicta,
890 2370 945 2406 sed
965 2370 1086 2418 scripta
1104 2379 1257 2412 tantum,
1274 2377 1310 2404 et
1333 2365 1456 2402 deinde
1474 2365 1507 2399 in
1527 2365 1642 2400 lucem
1659 2362 1754 2399 edita
1771 2361 1829 2398 est.

1081 2419 1112 2454 C
1141 2429 1160 2453 2
