<?xml version="1.0" encoding="UTF-8"?>
<!DOCTYPE html PUBLIC "-//W3C//DTD XHTML 1.0 Transitional//EN"
    "http://www.w3.org/TR/xhtml1/DTD/xhtml1-transitional.dtd">
<html xmlns="http://www.w3.org/1999/xhtml" xml:lang="en" lang="en">
 <head>
  <title>
</title>
<meta http-equiv="Content-Type" content="text/html;charset=utf-8" />
  <meta name='ocr-system' content='tesseract 3.04.00' />
  <meta name='ocr-capabilities' content='ocr_page ocr_carea ocr_par ocr_line ocrx_word'/>
</head>
<body>
  <div class='ocr_page' id='page_1' title='image "./operacumindicibu04ciceuoft_0299.png"; bbox 0 0 2201 2792; ppageno 0'>
   <div class='ocr_carea' id='block_1_1' title="bbox 570 140 1669 192">
    <p class='ocr_par' dir='ltr' id='par_1_1' title="bbox 570 140 1669 192">
     <span class='ocr_line' id='line_1_1' title="bbox 570 140 1669 192; baseline -0.008 -5"><span class='ocrx_word' id='word_1_1' title='bbox 570 144 917 187; x_wconf 90' lang='lat' dir='ltr'><strong>ACTIONIS</strong></span> <span class='ocrx_word' id='word_1_2' title='bbox 959 144 1013 182; x_wconf 91' lang='lat' dir='ltr'><strong>II.</strong></span> <span class='ocrx_word' id='word_1_3' title='bbox 1073 140 1390 180; x_wconf 89' lang='lat' dir='ltr'><strong>LIBERIII.</strong></span> <span class='ocrx_word' id='word_1_4' title='bbox 1595 140 1669 192; x_wconf 80' lang='lat'><strong>283</strong></span> 
     </span>
    </p>
   </div>
   <div class='ocr_carea' id='block_1_2' title="bbox 260 239 1702 2427">
    <p class='ocr_par' dir='ltr' id='par_1_2' title="bbox 267 239 1679 635">
     <span class='ocr_line' id='line_1_2' title="bbox 267 239 1674 308; baseline -0.012 -16"><span class='ocrx_word' id='word_1_5' title='bbox 267 252 430 308; x_wconf 87' lang='lat' dir='ltr'>perpeti,</span> <span class='ocrx_word' id='word_1_6' title='bbox 451 263 569 304; x_wconf 90' lang='lat' dir='ltr'><strong>quam</strong></span> <span class='ocrx_word' id='word_1_7' title='bbox 601 262 680 287; x_wconf 91' lang='lat' dir='ltr'><strong>non</strong></span> <span class='ocrx_word' id='word_1_8' title='bbox 711 247 758 286; x_wconf 91' lang='lat' dir='ltr'><strong>de</strong></span> <span class='ocrx_word' id='word_1_9' title='bbox 788 246 894 284; x_wconf 86' lang='lat' dir='ltr'><strong>istius</strong></span> <span class='ocrx_word' id='word_1_10' title='bbox 925 244 1108 298; x_wconf 83' lang='lat' dir='ltr'>pravitate</span> <span class='ocrx_word' id='word_1_11' title='bbox 1141 250 1179 280; x_wconf 93' lang='lat' dir='ltr'><strong>et</strong></span> <span class='ocrx_word' id='word_1_12' title='bbox 1210 240 1359 293; x_wconf 86' lang='lat' dir='ltr'><strong>injuriis</strong></span> <span class='ocrx_word' id='word_1_13' title='bbox 1394 239 1603 292; x_wconf 86' lang='lat' dir='ltr'><strong>deplorare,</strong></span> <span class='ocrx_word' id='word_1_14' title='bbox 1636 246 1674 275; x_wconf 87' lang='lat' dir='ltr'><strong>et</strong></span> 
     </span>
     <span class='ocr_line' id='line_1_3' title="bbox 269 305 1676 369; baseline -0.011 -12"><span class='ocrx_word' id='word_1_15' title='bbox 269 317 456 369; x_wconf 83' lang='lat' dir='ltr'>conqueri</span> <span class='ocrx_word' id='word_1_16' title='bbox 476 315 651 354; x_wconf 86' lang='lat' dir='ltr'><strong>mallent.</strong></span> <span class='ocrx_word' id='word_1_17' title='bbox 698 313 805 364; x_wconf 85' lang='lat' dir='ltr'><strong>Qas</strong></span> <span class='ocrx_word' id='word_1_18' title='bbox 839 311 965 349; x_wconf 85' lang='lat' dir='ltr'>literas</span> <span class='ocrx_word' id='word_1_19' title='bbox 999 322 1093 347; x_wconf 88' lang='lat' dir='ltr'><strong>cum</strong></span> <span class='ocrx_word' id='word_1_20' title='bbox 1127 307 1172 346; x_wconf 90' lang='lat' dir='ltr'><strong>ad</strong></span> <span class='ocrx_word' id='word_1_21' title='bbox 1192 319 1326 345; x_wconf 88' lang='lat' dir='ltr'><strong>omnes</strong></span> <span class='ocrx_word' id='word_1_22' title='bbox 1360 305 1532 343; x_wconf 87' lang='lat' dir='ltr'><strong>civitates</strong></span> <span class='ocrx_word' id='word_1_23' title='bbox 1558 316 1676 357; x_wconf 83' lang='lat' dir='ltr'>prope</span> 
     </span>
     <span class='ocr_line' id='line_1_4' title="bbox 269 368 1676 437; baseline -0.013 -14"><span class='ocrx_word' id='word_1_24' title='bbox 269 383 493 437; x_wconf 82' lang='lat' dir='ltr'>suppliciter</span> <span class='ocrx_word' id='word_1_25' title='bbox 523 379 677 421; x_wconf 81' lang='lat' dir='ltr'><strong>mififfet</strong></span> <span class='ocrx_word' id='word_1_26' title='bbox 697 377 900 422; x_wconf 87' lang='lat' dir='ltr'><strong>Metellus,</strong></span> <span class='ocrx_word' id='word_1_27' title='bbox 934 385 1064 414; x_wconf 88' lang='lat' dir='ltr'><strong>tamen</strong></span> <span class='ocrx_word' id='word_1_28' title='bbox 1092 373 1299 426; x_wconf 89' lang='lat' dir='ltr'><strong>antiquum</strong></span> <span class='ocrx_word' id='word_1_29' title='bbox 1330 371 1494 410; x_wconf 89' lang='lat' dir='ltr'><strong>modum</strong></span> <span class='ocrx_word' id='word_1_30' title='bbox 1524 368 1676 407; x_wconf 86' lang='lat' dir='ltr'><strong>sationis</strong></span> 
     </span>
     <span class='ocr_line' id='line_1_5' title="bbox 270 434 1679 502; baseline -0.012 -13"><span class='ocrx_word' id='word_1_31' title='bbox 270 449 378 488; x_wconf 89' lang='lat' dir='ltr'><strong>nulla</strong></span> <span class='ocrx_word' id='word_1_32' title='bbox 397 463 444 488; x_wconf 85' lang='lat' dir='ltr'><strong>ex</strong></span> <span class='ocrx_word' id='word_1_33' title='bbox 464 457 569 502; x_wconf 90' lang='lat' dir='ltr'><strong>parte</strong></span> <span class='ocrx_word' id='word_1_34' title='bbox 589 446 731 499; x_wconf 87' lang='lat' dir='ltr'><strong>affequi</strong></span> <span class='ocrx_word' id='word_1_35' title='bbox 750 444 891 498; x_wconf 88' lang='lat' dir='ltr'><strong>potuit.</strong></span> <span class='ocrx_word' id='word_1_36' title='bbox 916 441 1165 494; x_wconf 86' lang='lat' dir='ltr'><strong>Diffugerant</strong></span> <span class='ocrx_word' id='word_1_37' title='bbox 1178 440 1285 478; x_wconf 90' lang='lat' dir='ltr'><strong>enim</strong></span> <span class='ocrx_word' id='word_1_38' title='bbox 1302 436 1501 491; x_wconf 87' lang='lat' dir='ltr'><strong>permulti,</strong></span> <span class='ocrx_word' id='word_1_39' title='bbox 1519 435 1558 474; x_wconf 94' lang='lat' dir='ltr'><strong>id</strong></span> <span class='ocrx_word' id='word_1_40' title='bbox 1574 434 1679 487; x_wconf 91' lang='lat' dir='ltr'><strong>quod</strong></span> 
     </span>
     <span class='ocr_line' id='line_1_6' title="bbox 270 502 1678 556; baseline -0.012 0"><span class='ocrx_word' id='word_1_41' title='bbox 270 516 490 555; x_wconf 89' lang='lat' dir='ltr'>ostendam:</span> <span class='ocrx_word' id='word_1_42' title='bbox 523 529 601 554; x_wconf 90' lang='lat' dir='ltr'><strong>non</strong></span> <span class='ocrx_word' id='word_1_43' title='bbox 635 514 762 553; x_wconf 89' lang='lat' dir='ltr'><strong>solum</strong></span> <span class='ocrx_word' id='word_1_44' title='bbox 793 511 994 555; x_wconf 90' lang='lat' dir='ltr'><strong>arationes,</strong></span> <span class='ocrx_word' id='word_1_45' title='bbox 1028 509 1091 547; x_wconf 92' lang='lat' dir='ltr'><strong>sed</strong></span> <span class='ocrx_word' id='word_1_46' title='bbox 1121 508 1238 546; x_wconf 90' lang='lat' dir='ltr'><strong>etiam</strong></span> <span class='ocrx_word' id='word_1_47' title='bbox 1270 505 1370 544; x_wconf 84' lang='lat' dir='ltr'><strong>sedes</strong></span> <span class='ocrx_word' id='word_1_48' title='bbox 1405 503 1486 543; x_wconf 85' lang='lat' dir='ltr'><strong>suas</strong></span> <span class='ocrx_word' id='word_1_49' title='bbox 1514 502 1678 556; x_wconf 85' lang='lat' dir='ltr'><strong>patrias,</strong></span> 
     </span>
     <span class='ocr_line' id='line_1_7' title="bbox 270 578 1034 635; baseline -0.01 -14"><span class='ocrx_word' id='word_1_50' title='bbox 270 582 377 621; x_wconf 88' lang='lat' dir='ltr'><strong>istius</strong></span> <span class='ocrx_word' id='word_1_51' title='bbox 399 582 550 635; x_wconf 88' lang='lat' dir='ltr'><strong>injuriis</strong></span> <span class='ocrx_word' id='word_1_52' title='bbox 570 579 765 633; x_wconf 86' lang='lat' dir='ltr'><strong>exagitati,</strong></span> <span class='ocrx_word' id='word_1_53' title='bbox 787 578 1034 630; x_wconf 84' lang='lat' dir='ltr'><strong>reliquerant.</strong></span> 
     </span>
    </p>

    <p class='ocr_par' dir='ltr' id='par_1_3' title="bbox 273 632 1694 1362">
     <span class='ocr_line' id='line_1_8' title="bbox 328 632 1681 695; baseline -0.012 -8"><span class='ocrx_word' id='word_1_54' title='bbox 328 649 425 687; x_wconf 89' lang='lat' dir='ltr'><strong>Non</strong></span> <span class='ocrx_word' id='word_1_55' title='bbox 445 647 667 686; x_wconf 88' lang='lat' dir='ltr'><strong>mehercule</strong></span> <span class='ocrx_word' id='word_1_56' title='bbox 687 644 861 684; x_wconf 90' lang='lat' dir='ltr'><strong>criminis</strong></span> <span class='ocrx_word' id='word_1_57' title='bbox 892 641 1057 695; x_wconf 87' lang='lat' dir='ltr'><strong>augendi</strong></span> <span class='ocrx_word' id='word_1_58' title='bbox 1087 639 1196 679; x_wconf 87' lang='lat' dir='ltr'><strong>causa</strong></span> <span class='ocrx_word' id='word_1_59' title='bbox 1225 639 1368 684; x_wconf 89' lang='lat' dir='ltr'><strong>dicam,</strong></span> <span class='ocrx_word' id='word_1_60' title='bbox 1393 636 1572 690; x_wconf 82' lang='lat' dir='ltr'><strong>Judices;</strong></span> <span class='ocrx_word' id='word_1_61' title='bbox 1606 632 1681 678; x_wconf 88' lang='lat' dir='ltr'><strong>sed,</strong></span> 
     </span>
     <span class='ocr_line' id='line_1_9' title="bbox 273 702 1681 768; baseline -0.012 -14"><span class='ocrx_word' id='word_1_62' title='bbox 273 728 392 768; x_wconf 89' lang='lat' dir='ltr'><strong>quem</strong></span> <span class='ocrx_word' id='word_1_63' title='bbox 412 715 544 768; x_wconf 89' lang='lat' dir='ltr'><strong>accepi</strong></span> <span class='ocrx_word' id='word_1_64' title='bbox 564 712 643 766; x_wconf 91' lang='lat' dir='ltr'><strong>ipse</strong></span> <span class='ocrx_word' id='word_1_65' title='bbox 661 712 799 756; x_wconf 86' lang='lat' dir='ltr'><strong>oculis,</strong></span> <span class='ocrx_word' id='word_1_66' title='bbox 827 711 1037 762; x_wconf 87' lang='lat' dir='ltr'><strong>animoque</strong></span> <span class='ocrx_word' id='word_1_67' title='bbox 1059 707 1225 752; x_wconf 89' lang='lat' dir='ltr'><strong>sensum,</strong></span> <span class='ocrx_word' id='word_1_68' title='bbox 1245 705 1351 744; x_wconf 91' lang='lat' dir='ltr'><strong>hunc</strong></span> <span class='ocrx_word' id='word_1_69' title='bbox 1371 717 1458 742; x_wconf 91' lang='lat' dir='ltr'><strong>vere</strong></span> <span class='ocrx_word' id='word_1_70' title='bbox 1478 702 1579 756; x_wconf 90' lang='lat' dir='ltr'><strong>apud</strong></span> <span class='ocrx_word' id='word_1_71' title='bbox 1600 713 1681 744; x_wconf 82' lang='lat' dir='ltr'><strong>VOS,</strong></span> 
     </span>
     <span class='ocr_line' id='line_1_10' title="bbox 273 767 1685 835; baseline -0.011 -14"><span class='ocrx_word' id='word_1_72' title='bbox 273 791 326 827; x_wconf 91' lang='lat' dir='ltr'><strong>et,</strong></span> <span class='ocrx_word' id='word_1_73' title='bbox 348 790 392 820; x_wconf 87' lang='lat' dir='ltr'><strong>ut</strong></span> <span class='ocrx_word' id='word_1_74' title='bbox 411 791 558 835; x_wconf 89' lang='lat' dir='ltr'><strong>potero,</strong></span> <span class='ocrx_word' id='word_1_75' title='bbox 580 779 794 833; x_wconf 85' lang='lat' dir='ltr'><strong>planiffime</strong></span> <span class='ocrx_word' id='word_1_76' title='bbox 824 790 1031 831; x_wconf 83' lang='lat' dir='ltr'><strong>exponam.</strong></span> <span class='ocrx_word' id='word_1_77' title='bbox 1072 775 1195 820; x_wconf 85' lang='lat' dir='ltr'><strong>Nam,</strong></span> <span class='ocrx_word' id='word_1_78' title='bbox 1216 787 1309 812; x_wconf 90' lang='lat' dir='ltr'><strong>cum</strong></span> <span class='ocrx_word' id='word_1_79' title='bbox 1329 769 1582 825; x_wconf 87' lang='lat' dir='ltr'><strong>quadriennio</strong></span> <span class='ocrx_word' id='word_1_80' title='bbox 1603 767 1685 821; x_wconf 88' lang='lat' dir='ltr'><strong>post</strong></span> 
     </span>
     <span class='ocr_line' id='line_1_11' title="bbox 274 835 1684 892; baseline -0.011 -4"><span class='ocrx_word' id='word_1_81' title='bbox 274 848 319 887; x_wconf 89' lang='lat' dir='ltr'><strong>in</strong></span> <span class='ocrx_word' id='word_1_82' title='bbox 338 849 510 888; x_wconf 87' lang='lat' dir='ltr'><strong>Siciliam</strong></span> <span class='ocrx_word' id='word_1_83' title='bbox 530 846 726 892; x_wconf 77' lang='lat' dir='ltr'><strong>venissem,</strong></span> <span class='ocrx_word' id='word_1_84' title='bbox 748 846 799 884; x_wconf 88' lang='lat' dir='ltr'><strong>fic</strong></span> <span class='ocrx_word' id='word_1_85' title='bbox 819 843 920 883; x_wconf 84' lang='lat' dir='ltr'><strong>mihi</strong></span> <span class='ocrx_word' id='word_1_86' title='bbox 947 842 1080 882; x_wconf 56' lang='lat' dir='ltr'><strong>affecta</strong></span> <span class='ocrx_word' id='word_1_87' title='bbox 1099 841 1174 880; x_wconf 88' lang='lat' dir='ltr'><strong>visa</strong></span> <span class='ocrx_word' id='word_1_88' title='bbox 1192 840 1258 886; x_wconf 90' lang='lat' dir='ltr'><strong>est,</strong></span> <span class='ocrx_word' id='word_1_89' title='bbox 1281 849 1324 878; x_wconf 93' lang='lat' dir='ltr'><strong>ut</strong></span> <span class='ocrx_word' id='word_1_90' title='bbox 1343 837 1402 877; x_wconf 86' lang='lat' dir='ltr'><strong>hae</strong></span> <span class='ocrx_word' id='word_1_91' title='bbox 1423 847 1527 876; x_wconf 85' lang='lat' dir='ltr'><strong>terrae</strong></span> <span class='ocrx_word' id='word_1_92' title='bbox 1548 835 1684 877; x_wconf 86' lang='lat' dir='ltr'><strong>solent,</strong></span> 
     </span>
     <span class='ocr_line' id='line_1_12' title="bbox 276 902 1686 967; baseline -0.011 -13"><span class='ocrx_word' id='word_1_93' title='bbox 276 914 318 953; x_wconf 85' lang='lat' dir='ltr'><strong>in</strong></span> <span class='ocrx_word' id='word_1_94' title='bbox 338 915 480 967; x_wconf 86' lang='lat' dir='ltr'><strong>quibus</strong></span> <span class='ocrx_word' id='word_1_95' title='bbox 501 913 651 952; x_wconf 91' lang='lat' dir='ltr'><strong>bellum</strong></span> <span class='ocrx_word' id='word_1_96' title='bbox 682 912 880 956; x_wconf 86' lang='lat' dir='ltr'><strong>acerbum,</strong></span> <span class='ocrx_word' id='word_1_97' title='bbox 915 910 1224 960; x_wconf 88' lang='lat' dir='ltr'><strong>diuturnumque</strong></span> <span class='ocrx_word' id='word_1_98' title='bbox 1244 905 1434 945; x_wconf 88' lang='lat' dir='ltr'><strong>versatum</strong></span> <span class='ocrx_word' id='word_1_99' title='bbox 1465 903 1531 941; x_wconf 86' lang='lat' dir='ltr'><strong>est.</strong></span> <span class='ocrx_word' id='word_1_100' title='bbox 1574 902 1686 952; x_wconf 86' lang='lat' dir='ltr'><strong>Qos</strong></span> 
     </span>
     <span class='ocr_line' id='line_1_13' title="bbox 278 966 1687 1034; baseline -0.01 -16"><span class='ocrx_word' id='word_1_101' title='bbox 278 993 351 1034; x_wconf 85' lang='lat' dir='ltr'><strong>ego</strong></span> <span class='ocrx_word' id='word_1_102' title='bbox 380 994 536 1034; x_wconf 86' lang='lat' dir='ltr'><strong>campos</strong></span> <span class='ocrx_word' id='word_1_103' title='bbox 557 989 680 1023; x_wconf 87' lang='lat' dir='ltr'><strong>antea,</strong></span> <span class='ocrx_word' id='word_1_104' title='bbox 715 977 907 1029; x_wconf 91' lang='lat' dir='ltr'><strong>collesque</strong></span> <span class='ocrx_word' id='word_1_105' title='bbox 927 975 1191 1019; x_wconf 83' lang='lat' dir='ltr'><strong>nitidiffimos,</strong></span> <span class='ocrx_word' id='word_1_106' title='bbox 1225 970 1542 1022; x_wconf 83' lang='lat' dir='ltr'><strong>viridiffimosque</strong></span> <span class='ocrx_word' id='word_1_107' title='bbox 1571 966 1687 1005; x_wconf 89' lang='lat' dir='ltr'><strong>vidis-</strong></span> 
     </span>
     <span class='ocr_line' id='line_1_14' title="bbox 279 1033 1687 1093; baseline -0.011 -6"><span class='ocrx_word' id='word_1_108' title='bbox 279 1048 373 1093; x_wconf 88' lang='lat' dir='ltr'><strong>sem,</strong></span> <span class='ocrx_word' id='word_1_109' title='bbox 393 1047 464 1086; x_wconf 87' lang='lat' dir='ltr'><strong>hos</strong></span> <span class='ocrx_word' id='word_1_110' title='bbox 486 1048 538 1086; x_wconf 92' lang='lat' dir='ltr'><strong>ita</strong></span> <span class='ocrx_word' id='word_1_111' title='bbox 557 1047 714 1085; x_wconf 87' lang='lat' dir='ltr'><strong>vastatos</strong></span> <span class='ocrx_word' id='word_1_112' title='bbox 733 1058 852 1090; x_wconf 88' lang='lat' dir='ltr'><strong>nunc,</strong></span> <span class='ocrx_word' id='word_1_113' title='bbox 873 1057 916 1081; x_wconf 91' lang='lat' dir='ltr'><strong>ac</strong></span> <span class='ocrx_word' id='word_1_114' title='bbox 937 1042 1102 1081; x_wconf 89' lang='lat' dir='ltr'><strong>desertos</strong></span> <span class='ocrx_word' id='word_1_115' title='bbox 1121 1041 1316 1084; x_wconf 87' lang='lat' dir='ltr'><strong>videbam,</strong></span> <span class='ocrx_word' id='word_1_116' title='bbox 1335 1048 1377 1076; x_wconf 91' lang='lat' dir='ltr'><strong>ut</strong></span> <span class='ocrx_word' id='word_1_117' title='bbox 1397 1051 1484 1090; x_wconf 87' lang='lat' dir='ltr'><strong>ager</strong></span> <span class='ocrx_word' id='word_1_118' title='bbox 1503 1035 1582 1089; x_wconf 90' lang='lat' dir='ltr'><strong>ipse</strong></span> <span class='ocrx_word' id='word_1_119' title='bbox 1601 1033 1687 1072; x_wconf 90' lang='lat' dir='ltr'><strong>cul-</strong></span> 
     </span>
     <span class='ocr_line' id='line_1_15' title="bbox 279 1102 1688 1163; baseline -0.011 -10"><span class='ocrx_word' id='word_1_120' title='bbox 279 1122 404 1152; x_wconf 89' lang='lat' dir='ltr'><strong>torem</strong></span> <span class='ocrx_word' id='word_1_121' title='bbox 425 1113 642 1157; x_wconf 89' lang='lat' dir='ltr'><strong>defiderare,</strong></span> <span class='ocrx_word' id='word_1_122' title='bbox 664 1125 706 1150; x_wconf 91' lang='lat' dir='ltr'><strong>ac</strong></span> <span class='ocrx_word' id='word_1_123' title='bbox 727 1112 858 1163; x_wconf 88' lang='lat' dir='ltr'><strong>lugere</strong></span> <span class='ocrx_word' id='word_1_124' title='bbox 878 1109 1084 1147; x_wconf 90' lang='lat' dir='ltr'><strong>dominum</strong></span> <span class='ocrx_word' id='word_1_125' title='bbox 1101 1107 1306 1145; x_wconf 88' lang='lat' dir='ltr'><strong>videretur.</strong></span> <span class='ocrx_word' id='word_1_126' title='bbox 1330 1102 1570 1143; x_wconf 71' lang='lat' dir='ltr'><strong>Herbitensis</strong></span> <span class='ocrx_word' id='word_1_127' title='bbox 1587 1113 1688 1153; x_wconf 84' lang='lat' dir='ltr'><strong>ager,</strong></span> 
     </span>
     <span class='ocr_line' id='line_1_16' title="bbox 281 1167 1691 1232; baseline -0.011 -12"><span class='ocrx_word' id='word_1_128' title='bbox 281 1181 484 1225; x_wconf 85' lang='lat' dir='ltr'><strong>Ennenfis,</strong></span> <span class='ocrx_word' id='word_1_129' title='bbox 503 1179 796 1232; x_wconf 85' lang='lat' dir='ltr'><strong>Murgentinus,</strong></span> <span class='ocrx_word' id='word_1_130' title='bbox 814 1175 1027 1220; x_wconf 83' lang='lat' dir='ltr'><strong>Afforinus‚</strong></span> <span class='ocrx_word' id='word_1_131' title='bbox 1050 1173 1336 1216; x_wconf 82' lang='lat' dir='ltr'><strong>Imacharenfis,</strong></span> <span class='ocrx_word' id='word_1_132' title='bbox 1353 1168 1616 1224; x_wconf 82' lang='lat' dir='ltr'><strong>AgyrinenfiS,</strong></span> <span class='ocrx_word' id='word_1_133' title='bbox 1639 1167 1691 1204; x_wconf 79' lang='lat' dir='ltr'><strong>ita</strong></span> 
     </span>
     <span class='ocr_line' id='line_1_17' title="bbox 280 1234 1692 1296; baseline -0.011 -10"><span class='ocrx_word' id='word_1_134' title='bbox 280 1247 435 1287; x_wconf 67' lang='lat' dir='ltr'><strong>relistus</strong></span> <span class='ocrx_word' id='word_1_135' title='bbox 456 1255 535 1284; x_wconf 86' lang='lat' dir='ltr'><strong>erat</strong></span> <span class='ocrx_word' id='word_1_136' title='bbox 560 1259 607 1284; x_wconf 83' lang='lat' dir='ltr'><strong>ex</strong></span> <span class='ocrx_word' id='word_1_137' title='bbox 628 1245 798 1283; x_wconf 83' lang='lat' dir='ltr'><strong>maxima</strong></span> <span class='ocrx_word' id='word_1_138' title='bbox 818 1251 937 1296; x_wconf 89' lang='lat' dir='ltr'><strong>parte,</strong></span> <span class='ocrx_word' id='word_1_139' title='bbox 959 1250 1003 1280; x_wconf 92' lang='lat' dir='ltr'><strong>ut</strong></span> <span class='ocrx_word' id='word_1_140' title='bbox 1024 1254 1102 1279; x_wconf 86' lang='lat' dir='ltr'><strong>non</strong></span> <span class='ocrx_word' id='word_1_141' title='bbox 1123 1239 1248 1278; x_wconf 88' lang='lat' dir='ltr'><strong>solum</strong></span> <span class='ocrx_word' id='word_1_142' title='bbox 1262 1239 1461 1291; x_wconf 87' lang='lat' dir='ltr'><strong>jugerum,</strong></span> <span class='ocrx_word' id='word_1_143' title='bbox 1494 1235 1556 1273; x_wconf 92' lang='lat' dir='ltr'><strong>sed</strong></span> <span class='ocrx_word' id='word_1_144' title='bbox 1575 1234 1692 1271; x_wconf 88' lang='lat' dir='ltr'><strong>etiam</strong></span> 
     </span>
     <span class='ocr_line' id='line_1_18' title="bbox 281 1300 1694 1362; baseline -0.011 -9"><span class='ocrx_word' id='word_1_145' title='bbox 281 1314 532 1353; x_wconf 89' lang='lat' dir='ltr'><strong>dominorum</strong></span> <span class='ocrx_word' id='word_1_146' title='bbox 553 1310 850 1350; x_wconf 89' lang='lat' dir='ltr'><strong>multitudinem</strong></span> <span class='ocrx_word' id='word_1_147' title='bbox 871 1319 1142 1362; x_wconf 85' lang='lat' dir='ltr'><strong>quaereremus.</strong></span> <span class='ocrx_word' id='word_1_148' title='bbox 1174 1304 1369 1344; x_wconf 87' lang='lat' dir='ltr'><strong>AEtnenfis</strong></span> <span class='ocrx_word' id='word_1_149' title='bbox 1389 1316 1478 1341; x_wconf 91' lang='lat' dir='ltr'><strong>vero</strong></span> <span class='ocrx_word' id='word_1_150' title='bbox 1501 1314 1601 1354; x_wconf 84' lang='lat' dir='ltr'><strong>ager,</strong></span> <span class='ocrx_word' id='word_1_151' title='bbox 1624 1300 1694 1352; x_wconf 88' lang='lat' dir='ltr'><strong>qui</strong></span> 
     </span>
    </p>

    <p class='ocr_par' dir='ltr' id='par_1_4' title="bbox 260 1368 1695 1751">
     <span class='ocr_line' id='line_1_19' title="bbox 260 1368 1692 1428; baseline -0.011 -9"><span class='ocrx_word' id='word_1_152' title='bbox 260 1410 264 1412; x_wconf 56' lang='lat'><strong><em>—</em></strong></span> <span class='ocrx_word' id='word_1_153' title='bbox 281 1380 424 1419; x_wconf 87' lang='lat' dir='ltr'><strong>solebat</strong></span> <span class='ocrx_word' id='word_1_154' title='bbox 444 1379 515 1418; x_wconf 84' lang='lat' dir='ltr'><strong>effe</strong></span> <span class='ocrx_word' id='word_1_155' title='bbox 535 1377 781 1422; x_wconf 84' lang='lat' dir='ltr'><strong>cultiffimus,</strong></span> <span class='ocrx_word' id='word_1_156' title='bbox 809 1384 860 1422; x_wconf 85' lang='lat' dir='ltr'><strong>et,</strong></span> <span class='ocrx_word' id='word_1_157' title='bbox 882 1374 987 1428; x_wconf 90' lang='lat' dir='ltr'><strong>quod</strong></span> <span class='ocrx_word' id='word_1_158' title='bbox 1007 1382 1122 1427; x_wconf 85' lang='lat' dir='ltr'><strong>caput</strong></span> <span class='ocrx_word' id='word_1_159' title='bbox 1142 1371 1195 1410; x_wconf 92' lang='lat' dir='ltr'><strong>est</strong></span> <span class='ocrx_word' id='word_1_160' title='bbox 1215 1372 1268 1409; x_wconf 90' lang='lat' dir='ltr'><strong>rei</strong></span> <span class='ocrx_word' id='word_1_161' title='bbox 1287 1368 1561 1412; x_wconf 73' lang='lat' dir='ltr'><strong>frumentariae,</strong></span> <span class='ocrx_word' id='word_1_162' title='bbox 1583 1379 1692 1404; x_wconf 83' lang='lat' dir='ltr'><strong>cam-</strong></span> 
     </span>
     <span class='ocr_line' id='line_1_20' title="bbox 281 1432 1694 1501; baseline -0.012 -15"><span class='ocrx_word' id='word_1_163' title='bbox 281 1460 355 1501; x_wconf 87' lang='lat' dir='ltr'><strong>pus</strong></span> <span class='ocrx_word' id='word_1_164' title='bbox 376 1445 606 1490; x_wconf 85' lang='lat' dir='ltr'><strong>Leontinus,</strong></span> <span class='ocrx_word' id='word_1_165' title='bbox 641 1444 752 1497; x_wconf 85' lang='lat' dir='ltr'><strong>cujus</strong></span> <span class='ocrx_word' id='word_1_166' title='bbox 783 1451 892 1480; x_wconf 88' lang='lat' dir='ltr'><strong>antea</strong></span> <span class='ocrx_word' id='word_1_167' title='bbox 912 1440 1053 1494; x_wconf 87' lang='lat' dir='ltr'><strong>species</strong></span> <span class='ocrx_word' id='word_1_168' title='bbox 1074 1438 1155 1477; x_wconf 80' lang='lat' dir='ltr'><strong>haec</strong></span> <span class='ocrx_word' id='word_1_169' title='bbox 1188 1446 1280 1482; x_wconf 89' lang='lat' dir='ltr'><strong>erat,</strong></span> <span class='ocrx_word' id='word_1_170' title='bbox 1313 1445 1370 1481; x_wconf 91' lang='lat' dir='ltr'><strong>ut,</strong></span> <span class='ocrx_word' id='word_1_171' title='bbox 1402 1448 1495 1473; x_wconf 89' lang='lat' dir='ltr'><strong>cum</strong></span> <span class='ocrx_word' id='word_1_172' title='bbox 1524 1432 1694 1471; x_wconf 88' lang='lat' dir='ltr'><strong>obfitum</strong></span> 
     </span>
     <span class='ocr_line' id='line_1_21' title="bbox 282 1500 1695 1558; baseline -0.011 -6"><span class='ocrx_word' id='word_1_173' title='bbox 282 1513 448 1558; x_wconf 73' lang='lat' dir='ltr'><strong>vidisses,</strong></span> <span class='ocrx_word' id='word_1_174' title='bbox 479 1525 639 1551; x_wconf 63' lang='lat' dir='ltr'><strong>annonae</strong></span> <span class='ocrx_word' id='word_1_175' title='bbox 658 1510 857 1549; x_wconf 88' lang='lat' dir='ltr'><strong>caritatem</strong></span> <span class='ocrx_word' id='word_1_176' title='bbox 879 1521 958 1546; x_wconf 90' lang='lat' dir='ltr'><strong>non</strong></span> <span class='ocrx_word' id='word_1_177' title='bbox 978 1518 1159 1549; x_wconf 88' lang='lat' dir='ltr'><strong>vererere,</strong></span> <span class='ocrx_word' id='word_1_178' title='bbox 1182 1503 1231 1542; x_wconf 85' lang='lat' dir='ltr'><strong>fic</strong></span> <span class='ocrx_word' id='word_1_179' title='bbox 1252 1511 1330 1541; x_wconf 92' lang='lat' dir='ltr'><strong>erat</strong></span> <span class='ocrx_word' id='word_1_180' title='bbox 1351 1500 1549 1545; x_wconf 85' lang='lat' dir='ltr'><strong>deformis,</strong></span> <span class='ocrx_word' id='word_1_181' title='bbox 1580 1508 1695 1552; x_wconf 88' lang='lat' dir='ltr'><strong>atque</strong></span> 
     </span>
     <span class='ocr_line' id='line_1_22' title="bbox 283 1567 1694 1626; baseline -0.011 -6"><span class='ocrx_word' id='word_1_182' title='bbox 283 1579 477 1624; x_wconf 87' lang='lat' dir='ltr'><strong>horridus,</strong></span> <span class='ocrx_word' id='word_1_183' title='bbox 500 1589 544 1617; x_wconf 93' lang='lat' dir='ltr'><strong>ut</strong></span> <span class='ocrx_word' id='word_1_184' title='bbox 564 1579 603 1617; x_wconf 87' lang='lat' dir='ltr'><strong>in</strong></span> <span class='ocrx_word' id='word_1_185' title='bbox 624 1577 817 1616; x_wconf 90' lang='lat' dir='ltr'><strong>uberrima</strong></span> <span class='ocrx_word' id='word_1_186' title='bbox 838 1575 975 1614; x_wconf 84' lang='lat' dir='ltr'><strong>Siciliae</strong></span> <span class='ocrx_word' id='word_1_187' title='bbox 995 1582 1099 1626; x_wconf 85' lang='lat' dir='ltr'><strong>parte</strong></span> <span class='ocrx_word' id='word_1_188' title='bbox 1120 1571 1291 1611; x_wconf 86' lang='lat' dir='ltr'><strong>Siciliam</strong></span> <span class='ocrx_word' id='word_1_189' title='bbox 1313 1581 1583 1622; x_wconf 86' lang='lat' dir='ltr'><strong>quaereremus.</strong></span> <span class='ocrx_word' id='word_1_190' title='bbox 1616 1567 1694 1605; x_wconf 88' lang='lat' dir='ltr'><strong>La-</strong></span> 
     </span>
     <span class='ocr_line' id='line_1_23' title="bbox 286 1634 1695 1691; baseline -0.011 -6"><span class='ocrx_word' id='word_1_191' title='bbox 286 1646 491 1685; x_wconf 67' lang='lat' dir='ltr'><strong>befactarat</strong></span> <span class='ocrx_word' id='word_1_192' title='bbox 511 1644 619 1682; x_wconf 87' lang='lat' dir='ltr'><strong>enim</strong></span> <span class='ocrx_word' id='word_1_193' title='bbox 640 1642 887 1681; x_wconf 88' lang='lat' dir='ltr'><strong>vehementer</strong></span> <span class='ocrx_word' id='word_1_194' title='bbox 907 1650 1067 1678; x_wconf 85' lang='lat' dir='ltr'><strong>aratores</strong></span> <span class='ocrx_word' id='word_1_195' title='bbox 1083 1639 1166 1691; x_wconf 86' lang='lat' dir='ltr'><strong>jam</strong></span> <span class='ocrx_word' id='word_1_196' title='bbox 1188 1636 1358 1689; x_wconf 86' lang='lat' dir='ltr'><strong>superior</strong></span> <span class='ocrx_word' id='word_1_197' title='bbox 1377 1647 1498 1673; x_wconf 89' lang='lat' dir='ltr'><strong>annus</strong></span> <span class='ocrx_word' id='word_1_198' title='bbox 1512 1653 1524 1679; x_wconf 79' lang='lat'>3</span> <span class='ocrx_word' id='word_1_199' title='bbox 1560 1634 1695 1687; x_wconf 84' lang='lat' dir='ltr'><strong>proxi-</strong></span> 
     </span>
     <span class='ocr_line' id='line_1_24' title="bbox 288 1710 898 1751; baseline -0.01 0"><span class='ocrx_word' id='word_1_200' title='bbox 288 1726 374 1751; x_wconf 88' lang='lat' dir='ltr'><strong>mus</strong></span> <span class='ocrx_word' id='word_1_201' title='bbox 396 1726 484 1750; x_wconf 87' lang='lat' dir='ltr'><strong>vero</strong></span> <span class='ocrx_word' id='word_1_202' title='bbox 505 1710 679 1748; x_wconf 87' lang='lat' dir='ltr'><strong>funditus</strong></span> <span class='ocrx_word' id='word_1_203' title='bbox 701 1716 898 1746; x_wconf 83' lang='lat' dir='ltr'><strong>everterat.</strong></span> 
     </span>
    </p>

    <p class='ocr_par' dir='ltr' id='par_1_5' title="bbox 285 1767 1702 2427">
     <span class='ocr_line' id='line_1_25' title="bbox 344 1767 1695 1818; baseline -0.011 0"><span class='ocrx_word' id='word_1_204' title='bbox 344 1781 457 1818; x_wconf 91' lang='lat' dir='ltr'>XIX.</span> <span class='ocrx_word' id='word_1_205' title='bbox 490 1780 557 1816; x_wconf 93' lang='lat' dir='ltr'><strong>Tu</strong></span> <span class='ocrx_word' id='word_1_206' title='bbox 588 1776 690 1815; x_wconf 86' lang='lat' dir='ltr'><strong>mihi</strong></span> <span class='ocrx_word' id='word_1_207' title='bbox 720 1776 838 1814; x_wconf 88' lang='lat' dir='ltr'><strong>etiam</strong></span> <span class='ocrx_word' id='word_1_208' title='bbox 867 1775 980 1812; x_wconf 84' lang='lat' dir='ltr'><strong>audes</strong></span> <span class='ocrx_word' id='word_1_209' title='bbox 1013 1773 1253 1811; x_wconf 88' lang='lat' dir='ltr'><strong>mentionem</strong></span> <span class='ocrx_word' id='word_1_210' title='bbox 1284 1769 1405 1807; x_wconf 88' lang='lat' dir='ltr'><strong>facere</strong></span> <span class='ocrx_word' id='word_1_211' title='bbox 1428 1767 1695 1811; x_wconf 83' lang='lat' dir='ltr'><strong>decumarum,</strong></span> 
     </span>
     <span class='ocr_line' id='line_1_26' title="bbox 290 1835 1697 1897; baseline -0.011 -11"><span class='ocrx_word' id='word_1_212' title='bbox 290 1859 333 1887; x_wconf 88' lang='lat' dir='ltr'><strong>tu</strong></span> <span class='ocrx_word' id='word_1_213' title='bbox 353 1848 393 1885; x_wconf 89' lang='lat' dir='ltr'><strong>in</strong></span> <span class='ocrx_word' id='word_1_214' title='bbox 414 1855 517 1885; x_wconf 87' lang='lat' dir='ltr'><strong>tanta</strong></span> <span class='ocrx_word' id='word_1_215' title='bbox 537 1843 798 1897; x_wconf 88' lang='lat' dir='ltr'><strong>improbitate,</strong></span> <span class='ocrx_word' id='word_1_216' title='bbox 822 1852 865 1880; x_wconf 88' lang='lat' dir='ltr'><strong>tu</strong></span> <span class='ocrx_word' id='word_1_217' title='bbox 884 1842 924 1880; x_wconf 88' lang='lat' dir='ltr'><strong>in</strong></span> <span class='ocrx_word' id='word_1_218' title='bbox 946 1850 1049 1880; x_wconf 85' lang='lat' dir='ltr'><strong>tanta</strong></span> <span class='ocrx_word' id='word_1_219' title='bbox 1069 1839 1288 1882; x_wconf 84' lang='lat' dir='ltr'><strong>acerbitate,</strong></span> <span class='ocrx_word' id='word_1_220' title='bbox 1305 1837 1345 1874; x_wconf 89' lang='lat' dir='ltr'><strong>in</strong></span> <span class='ocrx_word' id='word_1_221' title='bbox 1367 1846 1423 1874; x_wconf 90' lang='lat' dir='ltr'><strong>tot</strong></span> <span class='ocrx_word' id='word_1_222' title='bbox 1444 1844 1481 1873; x_wconf 90' lang='lat' dir='ltr'><strong>et</strong></span> <span class='ocrx_word' id='word_1_223' title='bbox 1499 1835 1613 1873; x_wconf 87' lang='lat' dir='ltr'><strong>tantis</strong></span> <span class='ocrx_word' id='word_1_224' title='bbox 1634 1835 1697 1872; x_wconf 88' lang='lat' dir='ltr'><strong>in-</strong></span> 
     </span>
     <span class='ocr_line' id='line_1_27' title="bbox 285 1902 1700 1968; baseline -0.011 -15"><span class='ocrx_word' id='word_1_225' title='bbox 285 1915 430 1968; x_wconf 83' lang='lat' dir='ltr'><strong>juriis?</strong></span> <span class='ocrx_word' id='word_1_226' title='bbox 464 1914 568 1952; x_wconf 90' lang='lat' dir='ltr'><strong>Cum</strong></span> <span class='ocrx_word' id='word_1_227' title='bbox 600 1912 639 1950; x_wconf 91' lang='lat' dir='ltr'><strong>in</strong></span> <span class='ocrx_word' id='word_1_228' title='bbox 673 1910 921 1954; x_wconf 83' lang='lat' dir='ltr'><strong>arationibus,</strong></span> <span class='ocrx_word' id='word_1_229' title='bbox 951 1918 989 1947; x_wconf 92' lang='lat' dir='ltr'><strong>et</strong></span> <span class='ocrx_word' id='word_1_230' title='bbox 1022 1908 1061 1946; x_wconf 90' lang='lat' dir='ltr'><strong>in</strong></span> <span class='ocrx_word' id='word_1_231' title='bbox 1096 1919 1227 1944; x_wconf 87' lang='lat' dir='ltr'><strong>earum</strong></span> <span class='ocrx_word' id='word_1_232' title='bbox 1249 1917 1375 1942; x_wconf 87' lang='lat' dir='ltr'><strong>rerum</strong></span> <span class='ocrx_word' id='word_1_233' title='bbox 1396 1904 1482 1955; x_wconf 87' lang='lat' dir='ltr'><strong>jure</strong></span> <span class='ocrx_word' id='word_1_234' title='bbox 1503 1902 1700 1955; x_wconf 83' lang='lat' dir='ltr'><strong>provincia</strong></span> 
     </span>
     <span class='ocr_line' id='line_1_28' title="bbox 292 1969 1700 2024; baseline -0.011 -4"><span class='ocrx_word' id='word_1_235' title='bbox 292 1981 422 2020; x_wconf 86' lang='lat' dir='ltr'><strong>Sicilia</strong></span> <span class='ocrx_word' id='word_1_236' title='bbox 450 1979 637 2024; x_wconf 87' lang='lat' dir='ltr'><strong>confistat,</strong></span> <span class='ocrx_word' id='word_1_237' title='bbox 673 1977 804 2015; x_wconf 83' lang='lat' dir='ltr'><strong>eversls</strong></span> <span class='ocrx_word' id='word_1_238' title='bbox 826 1976 1003 2014; x_wconf 88' lang='lat' dir='ltr'><strong>funditus</strong></span> <span class='ocrx_word' id='word_1_239' title='bbox 1034 1972 1259 2016; x_wconf 75' lang='lat' dir='ltr'><strong>aratoribus,</strong></span> <span class='ocrx_word' id='word_1_240' title='bbox 1292 1970 1432 2008; x_wconf 62' lang='lat' dir='ltr'><strong>relictis</strong></span> <span class='ocrx_word' id='word_1_241' title='bbox 1464 1969 1576 2022; x_wconf 84' lang='lat' dir='ltr'><strong>agris,</strong></span> <span class='ocrx_word' id='word_1_242' title='bbox 1608 1982 1700 2006; x_wconf 86' lang='lat' dir='ltr'><strong>cum</strong></span> 
     </span>
     <span class='ocr_line' id='line_1_29' title="bbox 293 2035 1701 2101; baseline -0.011 -15"><span class='ocrx_word' id='word_1_243' title='bbox 293 2049 334 2087; x_wconf 89' lang='lat' dir='ltr'><strong>in</strong></span> <span class='ocrx_word' id='word_1_244' title='bbox 356 2046 551 2101; x_wconf 86' lang='lat' dir='ltr'><strong>provincia</strong></span> <span class='ocrx_word' id='word_1_245' title='bbox 581 2055 660 2084; x_wconf 91' lang='lat' dir='ltr'><strong>tam</strong></span> <span class='ocrx_word' id='word_1_246' title='bbox 681 2043 889 2096; x_wconf 88' lang='lat' dir='ltr'><strong>locuplete,</strong></span> <span class='ocrx_word' id='word_1_247' title='bbox 920 2055 963 2080; x_wconf 91' lang='lat' dir='ltr'><strong>ac</strong></span> <span class='ocrx_word' id='word_1_248' title='bbox 999 2040 1147 2084; x_wconf 89' lang='lat' dir='ltr'><strong>referta,</strong></span> <span class='ocrx_word' id='word_1_249' title='bbox 1181 2052 1257 2076; x_wconf 86' lang='lat' dir='ltr'><strong>non</strong></span> <span class='ocrx_word' id='word_1_250' title='bbox 1291 2037 1407 2075; x_wconf 89' lang='lat' dir='ltr'><strong>modo</strong></span> <span class='ocrx_word' id='word_1_251' title='bbox 1440 2049 1536 2080; x_wconf 91' lang='lat' dir='ltr'><strong>rem,</strong></span> <span class='ocrx_word' id='word_1_252' title='bbox 1573 2035 1701 2073; x_wconf 91' lang='lat' dir='ltr'><strong>sedne</strong></span> 
     </span>
     <span class='ocr_line' id='line_1_30' title="bbox 294 2102 1700 2167; baseline -0.011 -15"><span class='ocrx_word' id='word_1_253' title='bbox 294 2114 400 2167; x_wconf 88' lang='lat' dir='ltr'><strong>spem</strong></span> <span class='ocrx_word' id='word_1_254' title='bbox 421 2112 579 2165; x_wconf 90' lang='lat' dir='ltr'><strong>quidem</strong></span> <span class='ocrx_word' id='word_1_255' title='bbox 603 2110 723 2148; x_wconf 88' lang='lat' dir='ltr'><strong>ullam</strong></span> <span class='ocrx_word' id='word_1_256' title='bbox 744 2109 931 2160; x_wconf 88' lang='lat' dir='ltr'><strong>reliquam</strong></span> <span class='ocrx_word' id='word_1_257' title='bbox 952 2108 1135 2160; x_wconf 87' lang='lat' dir='ltr'><strong>cuiquam</strong></span> <span class='ocrx_word' id='word_1_258' title='bbox 1158 2104 1306 2148; x_wconf 85' lang='lat' dir='ltr'><strong>feceris,</strong></span> <span class='ocrx_word' id='word_1_259' title='bbox 1342 2102 1490 2155; x_wconf 89' lang='lat' dir='ltr'><strong>aliquid</strong></span> <span class='ocrx_word' id='word_1_260' title='bbox 1517 2111 1553 2139; x_wconf 92' lang='lat' dir='ltr'><strong>te</strong></span> <span class='ocrx_word' id='word_1_261' title='bbox 1574 2115 1700 2154; x_wconf 87' lang='lat' dir='ltr'><strong>popu-</strong></span> 
     </span>
     <span class='ocr_line' id='line_1_31' title="bbox 294 2167 1700 2232; baseline -0.011 -14"><span class='ocrx_word' id='word_1_262' title='bbox 294 2181 369 2218; x_wconf 85' lang='lat' dir='ltr'><strong>lare</strong></span> <span class='ocrx_word' id='word_1_263' title='bbox 390 2178 543 2232; x_wconf 87' lang='lat' dir='ltr'><strong>putabis</strong></span> <span class='ocrx_word' id='word_1_264' title='bbox 564 2176 715 2220; x_wconf 87' lang='lat' dir='ltr'><strong>habere,</strong></span> <span class='ocrx_word' id='word_1_265' title='bbox 747 2187 840 2212; x_wconf 86' lang='lat' dir='ltr'><strong>cum</strong></span> <span class='ocrx_word' id='word_1_266' title='bbox 861 2174 978 2217; x_wconf 85' lang='lat' dir='ltr'><strong>dices,</strong></span> <span class='ocrx_word' id='word_1_267' title='bbox 1011 2182 1047 2210; x_wconf 91' lang='lat' dir='ltr'><strong>te</strong></span> <span class='ocrx_word' id='word_1_268' title='bbox 1069 2171 1203 2224; x_wconf 86' lang='lat' dir='ltr'><strong>pluris,</strong></span> <span class='ocrx_word' id='word_1_269' title='bbox 1234 2183 1352 2222; x_wconf 86' lang='lat' dir='ltr'><strong>quam</strong></span> <span class='ocrx_word' id='word_1_270' title='bbox 1383 2177 1551 2212; x_wconf 71' lang='lat' dir='ltr'><strong>caeteros,</strong></span> <span class='ocrx_word' id='word_1_271' title='bbox 1582 2167 1700 2204; x_wconf 87' lang='lat' dir='ltr'><strong>decu-</strong></span> 
     </span>
     <span class='ocr_line' id='line_1_32' title="bbox 295 2230 1699 2292; baseline -0.011 -9"><span class='ocrx_word' id='word_1_272' title='bbox 295 2259 377 2284; x_wconf 84' lang='lat' dir='ltr'><strong>mas</strong></span> <span class='ocrx_word' id='word_1_273' title='bbox 398 2242 605 2282; x_wconf 74' lang='lat' dir='ltr'><strong>vendidisse</strong></span> <span class='ocrx_word' id='word_1_274' title='bbox 625 2242 637 2278; x_wconf 91' lang='lat'>?</span> <span class='ocrx_word' id='word_1_275' title='bbox 670 2240 787 2292; x_wconf 81' lang='lat' dir='ltr'><strong>Qafi</strong></span> <span class='ocrx_word' id='word_1_276' title='bbox 808 2253 896 2278; x_wconf 89' lang='lat' dir='ltr'><strong>vero</strong></span> <span class='ocrx_word' id='word_1_277' title='bbox 915 2249 980 2278; x_wconf 87' lang='lat' dir='ltr'><strong>aut</strong></span> <span class='ocrx_word' id='word_1_278' title='bbox 1011 2237 1177 2291; x_wconf 83' lang='lat' dir='ltr'><strong>populus</strong></span> <span class='ocrx_word' id='word_1_279' title='bbox 1200 2237 1400 2274; x_wconf 86' lang='lat' dir='ltr'><strong>Romanus</strong></span> <span class='ocrx_word' id='word_1_280' title='bbox 1427 2233 1502 2271; x_wconf 90' lang='lat' dir='ltr'><strong>hoc</strong></span> <span class='ocrx_word' id='word_1_281' title='bbox 1523 2230 1699 2274; x_wconf 86' lang='lat' dir='ltr'><strong>voluerit,</strong></span> 
     </span>
     <span class='ocr_line' id='line_1_33' title="bbox 297 2296 1701 2351; baseline -0.012 -1"><span class='ocrx_word' id='word_1_282' title='bbox 297 2321 362 2350; x_wconf 87' lang='lat' dir='ltr'><strong>aut</strong></span> <span class='ocrx_word' id='word_1_283' title='bbox 382 2311 528 2349; x_wconf 85' lang='lat' dir='ltr'><strong>senatus</strong></span> <span class='ocrx_word' id='word_1_284' title='bbox 548 2309 623 2347; x_wconf 90' lang='lat' dir='ltr'><strong>hoc</strong></span> <span class='ocrx_word' id='word_1_285' title='bbox 645 2308 717 2347; x_wconf 85' lang='lat' dir='ltr'><strong>tibi</strong></span> <span class='ocrx_word' id='word_1_286' title='bbox 739 2307 988 2351; x_wconf 87' lang='lat' dir='ltr'><strong>mandaverit,</strong></span> <span class='ocrx_word' id='word_1_287' title='bbox 1011 2315 1067 2350; x_wconf 88' lang='lat' dir='ltr'><strong>ut,</strong></span> <span class='ocrx_word' id='word_1_288' title='bbox 1089 2318 1180 2343; x_wconf 89' lang='lat' dir='ltr'><strong>cum</strong></span> <span class='ocrx_word' id='word_1_289' title='bbox 1204 2315 1338 2341; x_wconf 84' lang='lat' dir='ltr'><strong>omnes</strong></span> <span class='ocrx_word' id='word_1_290' title='bbox 1365 2309 1554 2338; x_wconf 81' lang='lat' dir='ltr'><strong>aratorum</strong></span> <span class='ocrx_word' id='word_1_291' title='bbox 1576 2296 1701 2334; x_wconf 87' lang='lat' dir='ltr'><strong>fortu-</strong></span> 
     </span>
     <span class='ocr_line' id='line_1_34' title="bbox 298 2363 1702 2427; baseline -0.013 -11"><span class='ocrx_word' id='word_1_292' title='bbox 298 2391 364 2416; x_wconf 88' lang='lat' dir='ltr'><strong>nas</strong></span> <span class='ocrx_word' id='word_1_293' title='bbox 385 2378 634 2415; x_wconf 90' lang='lat' dir='ltr'><strong>decumarum</strong></span> <span class='ocrx_word' id='word_1_294' title='bbox 657 2375 816 2414; x_wconf 90' lang='lat' dir='ltr'><strong>nomine</strong></span> <span class='ocrx_word' id='word_1_295' title='bbox 846 2373 1023 2427; x_wconf 84' lang='lat' dir='ltr'><strong>eriperes,</strong></span> <span class='ocrx_word' id='word_1_296' title='bbox 1057 2373 1096 2409; x_wconf 92' lang='lat' dir='ltr'><strong>in</strong></span> <span class='ocrx_word' id='word_1_297' title='bbox 1118 2370 1310 2424; x_wconf 85' lang='lat' dir='ltr'><strong>posterum</strong></span> <span class='ocrx_word' id='word_1_298' title='bbox 1331 2365 1459 2403; x_wconf 64' lang='lat' dir='ltr'><strong>fruetu</strong></span> <span class='ocrx_word' id='word_1_299' title='bbox 1479 2363 1562 2408; x_wconf 91' lang='lat' dir='ltr'><strong>illo,</strong></span> <span class='ocrx_word' id='word_1_300' title='bbox 1590 2376 1702 2400; x_wconf 90' lang='lat' dir='ltr'><strong>com-</strong></span> 
     </span>
    </p>
   </div>
   <div class='ocr_carea' id='block_1_3' title="bbox 299 2429 1702 2539">
    <p class='ocr_par' dir='ltr' id='par_1_6' title="bbox 299 2429 1702 2539">
     <span class='ocr_line' id='line_1_35' title="bbox 299 2429 1702 2497; baseline -0.011 -15"><span class='ocrx_word' id='word_1_301' title='bbox 299 2444 494 2497; x_wconf 88' lang='lat' dir='ltr'><strong>modoque</strong></span> <span class='ocrx_word' id='word_1_302' title='bbox 513 2444 568 2483; x_wconf 87' lang='lat' dir='ltr'><strong>rei</strong></span> <span class='ocrx_word' id='word_1_303' title='bbox 587 2442 845 2482; x_wconf 80' lang='lat' dir='ltr'><strong>frumentaria:</strong></span> <span class='ocrx_word' id='word_1_304' title='bbox 865 2440 1059 2495; x_wconf 88' lang='lat' dir='ltr'><strong>populum</strong></span> <span class='ocrx_word' id='word_1_305' title='bbox 1080 2439 1305 2477; x_wconf 83' lang='lat' dir='ltr'><strong>Romanum</strong></span> <span class='ocrx_word' id='word_1_306' title='bbox 1327 2432 1491 2485; x_wconf 86' lang='lat' dir='ltr'><strong>privares</strong></span> <span class='ocrx_word' id='word_1_307' title='bbox 1507 2448 1520 2477; x_wconf 66' lang='grc' dir='ltr'><strong><em>ς</em></strong></span> <span class='ocrx_word' id='word_1_308' title='bbox 1550 2429 1702 2474; x_wconf 86' lang='lat' dir='ltr'><strong>deinde,</strong></span> 
     </span>
     <span class='ocr_line' id='line_1_36' title="bbox 1263 2499 1400 2539; baseline -0.007 0"><span class='ocrx_word' id='word_1_309' title='bbox 1263 2499 1300 2539; x_wconf 91' lang='lat' dir='ltr'>N</span> <span class='ocrx_word' id='word_1_310' title='bbox 1326 2513 1348 2539; x_wconf 89' lang='lat' dir='ltr'><strong>n</strong></span> <span class='ocrx_word' id='word_1_311' title='bbox 1380 2512 1400 2538; x_wconf 89' lang='lat'><strong>2</strong></span> 
     </span>
    </p>
   </div>
  </div>
 </body>
</html>
