2201 2792
411 183 464 222 44
933 168 1290 211 ORATIO

412 272 456 309 P.
481 269 669 321 Qintius
703 268 832 307 absens
864 279 1024 322 negetur
1050 271 1120 310 effe
1149 271 1359 311 defensus?
1401 274 1466 311 An
1496 286 1586 312 vero
1616 273 1676 319 id,
1712 273 1817 327 quod

412 337 681 381 Hortenfium,
715 336 804 388 quia
825 350 946 389 nuper
976 338 1124 390 injecit,
1156 347 1194 377 et
1214 340 1306 392 quia
1324 340 1484 378 Naevius
1505 340 1652 393 semper
1677 341 1716 379 id
1737 342 1816 379 cla-

411 403 539 449 mitat,
570 403 764 441 dicturum
797 404 972 449 arbitror,
1005 418 1083 443 non
1104 404 1214 444 fuiffe
1244 406 1383 444 Naevio
1404 420 1535 460 parem
1566 408 1816 446 certationem

411 484 504 508 cum
525 469 723 522 Alpheno,
760 470 829 508 illo
863 480 1049 524 tempore,
1081 472 1159 510 illis
1194 473 1518 512 dominantibus?
1551 474 1671 525 Qod
1693 474 1719 512 fi
1750 487 1816 512 ve-

413 537 484 574 lim
519 536 724 580 confiteri3
761 536 872 581 illud,
906 538 1057 590 opinor,
1093 539 1320 584 concedent,
1356 553 1434 578 non
1462 549 1749 593 procuratorem
1771 541 1816 578 P.

413 602 571 653 Qintii
601 602 798 640 neminem
830 601 952 648 fuisse,
984 603 1045 642 sed
1064 605 1273 657 gratiosum
1304 604 1426 644 fuifi‘e.
1469 605 1579 644 Mihi
1609 615 1738 644 autem
1773 605 1820 643 ad

413 668 648 706 vincendum
670 667 754 705 satis
775 667 840 712 est,
868 667 977 707 fuiffe
996 680 1296 722 procuratorem,
1319 671 1482 724 quicum
1503 672 1667 725 experiri
1686 670 1818 724 poffet.

415 733 552 785 Qalis
573 734 604 772 is
624 732 755 778 fuerit,
783 734 807 772 fi
830 736 948 774 modo
967 736 1162 776 absentem
1183 737 1411 776 defendebat
1443 751 1510 791 per
1535 739 1599 791 jus
1620 746 1657 776 et
1678 737 1820 790 magis-

413 808 571 846 tratum,
593 799 694 839 nihil
714 801 759 838 ad
779 814 861 839 rem
881 802 1045 841 arbitror
1064 805 1266 857 pertinere.

468 869 576 913 Erat,
608 868 751 920 inquit,
782 868 936 907 illarum
960 871 1145 923 partium.
1193 871 1303 923 Qid
1323 871 1395 910 ni?
1426 873 1494 925 qui
1528 872 1628 925 apud
1663 881 1700 910 te
1733 871 1822 909 efl'et

413 934 594 973 educatus
611 953 623 980 3
656 948 774 987 quem
796 944 839 974 tu
858 950 879 974 a
897 950 1017 989 puero
1036 937 1086 976 fic
1105 938 1338 983 instituisses,
1370 947 1412 976 ut
1446 939 1569 976 nobili
1593 951 1641 976 ne
1673 938 1821 990 gladia-

414 1001 487 1039 tori
508 1002 668 1053 quidem
701 1002 852 1039 cederet
872 1018 880 1040 :
912 1003 1008 1041 ficut
1037 1013 1080 1041 tu
1103 1004 1252 1055 semper
1272 1005 1422 1041 summe
1441 1004 1683 1055 concupisti3
1715 1004 1822 1041 idem

411 1067 564 1104 volebat
584 1065 790 1118 Alphenus
812 1081 820 1103 :
853 1080 895 1103 ea
914 1079 953 1104 re
973 1067 1047 1105 tibi
1077 1081 1170 1105 cum
1191 1081 1236 1106 eo
1255 1081 1323 1121 par
1338 1069 1539 1106 contentio
1560 1077 1651 1107 erat.
1694 1069 1822 1114 Bruti,

412 1132 555 1185 inquit,
588 1141 666 1172 erat
685 1131 910 1170 familiaris:
942 1134 1073 1185 itaque
1103 1135 1135 1172 is
1156 1134 1432 1172 intercedebat.
1480 1135 1547 1172 Tu
1567 1142 1702 1172 contra
1720 1135 1822 1172 Bur-

411 1198 522 1242 rieni,
545 1198 614 1250 qui
644 1197 826 1249 injuriam
857 1197 1111 1236 decernebat:
1143 1199 1324 1236 omnium
1346 1198 1514 1251 denique
1545 1199 1718 1244 illorum,
1753 1201 1822 1253 qui

414 1274 500 1303 tum
520 1272 558 1301 et
578 1271 752 1316 poterant
771 1275 838 1315 per
858 1263 940 1301 vim
960 1272 999 1301 et
1018 1263 1139 1302 scelus
1160 1265 1377 1317 plurimum
1393 1283 1405 1310 3
1437 1274 1489 1311 et,
1507 1266 1611 1318 quod
1628 1275 1821 1318 poterant,

413 1330 453 1368 id
473 1328 676 1368 audebant.
709 1330 773 1366 An
794 1342 927 1367 omnes
949 1338 991 1367 tu
1012 1329 1100 1368 istos
1122 1331 1274 1369 vincere
1295 1331 1461 1377 volebas,
1483 1333 1552 1384 qui
1573 1346 1692 1377 nunc,
1715 1342 1756 1371 tu
1778 1344 1822 1372 ut

414 1397 559 1441 vincas,
589 1404 784 1448 tantopere
815 1396 1020 1434 laborant?
1052 1397 1166 1435 Aude
1197 1398 1238 1436 id
1258 1398 1384 1436 dicere
1404 1412 1481 1437 non
1502 1399 1644 1452 palam,
1678 1399 1740 1437 sed
1760 1398 1821 1438 his

413 1463 517 1517 ipfis,
538 1475 635 1515 quos
656 1461 858 1500 advocasti.
887 1463 1057 1501 Tametfi
1080 1464 1170 1502 nolo
1190 1478 1274 1502 eam
1295 1478 1376 1503 rem
1396 1465 1742 1505 commemorando
1762 1480 1822 1504 re-

414 1542 568 1574 novare,
599 1529 710 1581 cujus
729 1529 892 1567 omnino
922 1530 976 1567 rei
1010 1531 1242 1570 memoriam
1276 1544 1437 1570 omnem
1463 1532 1551 1571 tolli
1570 1531 1747 1571 funditus
1779 1546 1824 1571 ac

413 1595 531 1634 deleri
550 1595 713 1634 arbitror
732 1604 920 1648 oportere.

471 1661 606 1699 XXII.
629 1661 768 1699 Unum
788 1660 885 1699 illud
906 1660 1018 1699 dico:
1051 1661 1076 1699 fi
1107 1670 1263 1715 propter
1291 1663 1462 1715 partium
1495 1663 1665 1702 studium
1686 1671 1824 1716 potens

414 1735 492 1766 erat
511 1725 716 1779 Alphenus
732 1743 744 1771 3
767 1726 1049 1779 potentiffimus
1068 1727 1109 1765 N
1113 1729 1242 1766 aevius.
1269 1729 1308 1766 Si
1327 1727 1449 1768 fretus
1469 1729 1590 1782 gratia
1608 1730 1824 1782 postulabat

414 1793 561 1846 aliquid
581 1792 763 1845 *iniquius
784 1792 1003 1846 Alphenus,
1035 1795 1163 1834 multo
1182 1796 1377 1848 iniquiora
1396 1796 1555 1834 Naevius
1574 1796 1821 1849 impetrabat.

415 1861 559 1913 Neque
578 1859 684 1898 enim
705 1859 805 1898 inter
825 1859 996 1898 studium
1010 1861 1179 1899 vestrum
1199 1861 1432 1914 quidquam,
1458 1872 1502 1901 ut
1521 1863 1672 1916 opinor,
1700 1863 1822 1901 inter-

416 1925 506 1965 fuit.
539 1926 716 1979 Ingenio,
737 1924 936 1970 vetustate,
969 1926 1132 1966 artificio
1152 1937 1195 1966 tu
1214 1926 1328 1966 facile
1348 1928 1485 1967 vicisti.
1533 1930 1590 1967 Ut
1611 1930 1682 1968 alia
1701 1930 1822 1968 omit-

415 2001 511 2037 tam,
533 1990 609 2030 hoc
629 1991 715 2030 satis
735 1991 811 2030 est:
843 1990 1048 2045 Alphenus
1069 2007 1161 2031 cum
1182 1995 1243 2040 iis,
1261 2002 1299 2032 et
1319 2004 1476 2048 propter
1495 2008 1556 2034 eos
1577 1996 1705 2049 periit,
1727 2009 1824 2049 quos

416 2058 627 2111 diligebat:
650 2059 731 2103 Tu,
750 2057 967 2111 postquam,
990 2059 1058 2112 qui
1078 2060 1151 2098 tibi
1172 2069 1279 2099 erant
1298 2061 1428 2106 amici,
1452 2075 1529 2100 non
1544 2071 1720 2115 poterant
1736 2063 1824 2101 vin-

418 2137 499 2163 cere
514 2143 526 2170 3
559 2133 602 2162 ut
622 2124 737 2162 amici
758 2124 830 2163 tibi
851 2124 982 2170 essent,
1003 2126 1071 2178 qui
1093 2126 1311 2172 vincebant,
1333 2126 1506 2166 effecisti.

473 2192 592 2243 Qod
613 2191 639 2230 fi
660 2201 746 2229 tum
775 2204 842 2244 par
863 2191 934 2230 tibi
949 2193 1013 2244 jus
1033 2206 1126 2232 cum
1147 2193 1332 2247 Alpheno
1351 2194 1461 2233 fuiffe
1481 2208 1559 2234 non
1587 2204 1711 2248 putas,
1733 2195 1824 2247 quia

418 2268 545 2298 tamen
566 2258 736 2311 aliquem
757 2266 888 2296 contra
909 2267 946 2296 te
967 2259 1147 2299 advocare
1166 2269 1314 2314 poterat
1331 2280 1343 2306 3
1379 2262 1469 2314 quia
1489 2262 1729 2314 magistratus
1750 2262 1822 2300 ali-

419 2325 505 2377 quis
538 2325 808 2378 reperiebatur,
840 2325 940 2378 apud
965 2339 1085 2377 quern
1106 2327 1280 2381 Alpheni
1311 2327 1420 2366 causa
1452 2328 1666 2366 confisteret
1684 2347 1695 2374 3
1728 2329 1823 2381 quid

418 2390 493 2429 hoc
515 2400 689 2444 ternpore
709 2391 877 2443 Qintio
896 2391 1139 2432 statuendum
1160 2394 1213 2432 est
1232 2394 1245 2430 ?
1266 2394 1330 2432 cui
1351 2407 1476 2446 neque
1496 2395 1733 2448 magistratus
1754 2395 1822 2433 ad-

418 2455 496 2494 huc
517 2470 648 2509 aequus
666 2458 844 2497 inventus
866 2457 932 2504 est,
961 2460 1297 2512 nequejudicium
1319 2460 1513 2499 redditum
1540 2461 1592 2499 est
1612 2462 1791 2500 ufitatum
1808 2480 1821 2507 3

418 2536 496 2562 non
516 2524 703 2571 conditio,
736 2537 814 2564 non
835 2523 997 2578 sponfio,
1028 2540 1107 2566 non
1128 2527 1294 2582 denique
1315 2527 1393 2567 ulla
1424 2541 1597 2582 unquam
1618 2528 1824 2568 interceffit
