2201 2792
533 190 607 242 176
958 189 1049 228 IN
1118 189 1498 231 VERREM

527 287 726 332 concione,
762 287 1093 339 quemadmodum
1125 296 1205 326 tute
1240 287 1386 333 scribis,
1421 287 1586 326 domum
1621 296 1728 326 tuam
1763 300 1929 326 concur-

526 363 624 392 reret
643 353 655 389 ?
692 355 758 391 Tu
778 353 884 391 enim
905 367 1029 406 neque
1050 354 1088 391 in
1111 354 1245 398 literis,
1282 367 1375 405 quas
1397 354 1547 392 Neroni
1569 354 1708 399 mittis,
1744 367 1868 406 neque
1888 353 1930 391 in

527 420 760 463 testimonio,
782 419 933 457 causam
955 420 1050 457 tanti
1083 419 1275 457 tumultus
1306 419 1469 457 ostendis
1491 419 1636 458 ullam:
1668 419 1856 458 obsessum
1894 429 1931 457 te

525 485 622 523 dicis
641 500 649 523 :
682 486 816 537 ignem
835 484 1009 530 allatum,
1041 485 1226 523 sarmenta
1245 485 1496 530 circumdata,
1528 486 1705 524 lictorem
1727 494 1840 523 tuum
1860 498 1929 523 oc-

524 551 649 589 cisum
669 550 740 588 effe
761 550 855 587 dicis
875 565 883 588 :
916 551 1130 603 prodeundi
1162 551 1232 588 tibi
1254 551 1293 588 in
1321 551 1525 602 publicum
1545 551 1770 603 potestatem
1790 549 1931 588 factam

525 630 639 669 negas
658 631 666 655 ε
702 616 852 654 causam
873 615 988 669 hujus
1012 618 1107 654 tanti
1130 617 1278 654 terroris
1300 616 1484 654 occultas.
1517 616 1624 654 Nam
1647 616 1672 654 fi
1693 630 1812 668 quam
1843 617 1931 654 Ru-

525 683 631 720 brius
663 683 844 734 injuriam
865 682 931 720 suo
951 684 1124 728 nomine,
1155 696 1196 720 ac
1219 697 1296 721 non
1323 682 1493 735 impulsu
1514 692 1595 727 tuo,
1627 692 1664 720 et
1693 691 1757 720 tua
1777 681 1931 734 cupidi-

525 757 600 786 tate
621 747 792 793 fecifl‘et3
826 749 871 786 de
893 749 949 786 tui
969 749 1124 786 comitis
1144 749 1284 801 injuria
1305 748 1484 801 questum
1505 748 1551 786 ad
1578 758 1615 786 te
1635 749 1779 801 potius,
1812 760 1931 799 quam

525 822 561 851 te
581 824 850 867 oppugnatum
872 815 1057 853 venirent.
1097 816 1203 853 Cum
1222 816 1356 868 igitur,
1378 829 1463 867 quae
1483 814 1592 852 causa
1611 814 1715 852 illius
1736 812 1930 852 tumultus

523 879 656 925 fuerit,
690 881 797 918 testes
817 895 836 917 a
857 882 968 919 nobis
989 881 1165 934 produdfi
1186 882 1368 926 dixerint,
1394 881 1471 934 ipse
1501 881 1657 926 celarit,
1690 894 1818 919 nonne
1838 893 1931 918 cau-

523 946 602 983 sam
623 945 736 991 hanc,
759 961 877 998 quam
899 961 966 985 nos
988 947 1272 999 proposuimus,
1307 956 1392 985 tum
1413 946 1572 985 illorum
1593 947 1823 990 testimonia,
1845 954 1932 984 tum

522 1011 629 1049 istius
652 1012 888 1050 taciturnitas
909 1021 1090 1064 perpetua
1110 1012 1342 1050 confirmat?

567 1078 744 1116 XXXII.
774 1078 883 1116 Huic
897 1077 1053 1116 homini
1069 1078 1230 1130 parcetis
1252 1078 1385 1130 igitur,
1399 1078 1570 1129 Judices,
1589 1079 1698 1131 cujus
1719 1086 1823 1117 tanta
1837 1090 1932 1131 pec-

522 1151 605 1180 cata
625 1142 725 1188 sunt,
749 1152 791 1181 ut
812 1144 853 1187 ii,
877 1143 1018 1195 quibus
1039 1143 1196 1195 injurias
1216 1142 1365 1187 fecerit,
1387 1156 1513 1194 neque
1534 1144 1759 1195 legitimum
1779 1153 1931 1196 ternpus

522 1211 717 1260 expectare
738 1209 784 1246 ad
804 1208 1085 1252 ulciscendum,
1108 1221 1232 1259 neque
1251 1208 1333 1246 vim
1354 1216 1501 1245 tantam
1518 1208 1660 1246 doloris
1680 1209 1721 1246 in
1736 1209 1933 1261 posterum

522 1274 672 1312 differre
692 1274 918 1326 potuerint?
951 1273 1225 1312 Circumseffus
1247 1287 1299 1312 es.
1331 1275 1368 1312 A
1389 1274 1531 1326 quibus
1550 1274 1562 1311 ?
1594 1275 1930 1328 ALampsacenis,

523 1340 691 1379 barbaris
711 1339 956 1385 hominibus,
990 1339 1118 1385 credo,
1155 1348 1221 1378 aut
1240 1340 1301 1385 iis,
1337 1340 1407 1392 qui
1427 1341 1563 1393 populi
1584 1342 1755 1380 Romani
1786 1355 1931 1380 nomen

522 1415 830 1445 contemnerent.
864 1407 994 1444 Immo
1015 1420 1103 1444 vero
1123 1407 1170 1445 ab
1190 1405 1418 1444 hominibus
1439 1416 1476 1444 et
1497 1407 1646 1452 natura,
1668 1417 1706 1445 et
1722 1406 1930 1446 consuetu-

522 1472 625 1517 dine,
647 1482 685 1510 et
705 1471 907 1525 disciplina
926 1472 1149 1517 leniffimis;
1182 1486 1296 1525 porro
1316 1481 1447 1510 autern
1467 1472 1604 1525 populi
1630 1473 1802 1511 Romani
1833 1486 1930 1511 con-

521 1539 668 1576 ditione
699 1538 824 1583 sociis,
860 1537 1015 1577 fortun-51
1046 1538 1171 1583 servis,
1199 1538 1396 1576 voluntate
1416 1537 1684 1590 supplicibus:
1720 1546 1763 1576 ut
1781 1538 1929 1591 perspi·-

521 1619 642 1643 cuum
663 1605 707 1642 fit
727 1605 926 1649 omnibus,
957 1605 1026 1642 nifi
1049 1614 1150 1642 tanta
1170 1605 1353 1643 acerbitas
1379 1605 1542 1656 injuriae,
1576 1613 1680 1643 tanta
1699 1605 1755 1643 vis
1782 1604 1930 1644 sceleris

521 1670 661 1716 fuisset,
698 1680 740 1708 ut
762 1671 1013 1724 Lampsaceni
1045 1671 1292 1713 moriendum
1314 1671 1383 1708 fibi
1404 1671 1547 1723 potius,
1570 1685 1688 1724 quam
1708 1671 1930 1724 perpetien-

520 1737 618 1775 dum
640 1745 841 1790 putarent,
881 1750 1083 1788 nunquam
1099 1736 1186 1775 illos
1208 1737 1248 1774 in
1264 1750 1354 1774 eum
1374 1736 1508 1775 locum
1527 1737 1784 1790 progressuros
1803 1736 1928 1783 fuiffe,

522 1812 565 1841 ut
584 1802 848 1842 vehementius
870 1803 960 1841 odio
979 1803 1152 1842 libidinis
1175 1812 1262 1848 tuae‚
1288 1816 1406 1857 quam
1426 1812 1535 1843 metu
1555 1803 1771 1857 legationis,
1793 1817 1928 1843 move-

522 1879 666 1909 rentur.

578 1936 729 1980 Nolite,
752 1949 818 1988 per
835 1936 939 1973 Deos
960 1935 1212 1981 immortales,
1245 1949 1382 1990 cogere
1403 1936 1537 1982 socios,
1559 1945 1673 1990 atque
1694 1946 1838 1977 exteras
1858 1952 1927 1977 na-

522 2001 645 2039 tiones
666 2000 741 2039 hoe
763 2002 819 2039 uti
839 2000 1018 2054 perfugio
1034 2019 1046 2047 3
1078 2016 1170 2054 quo,
1199 2003 1268 2041 nisi
1289 2017 1355 2042 vos
1376 2003 1592 2049 vindicatis,
1615 2013 1772 2042 utentur
1799 2005 1929 2043 neces-

520 2067 629 2106 sario.
662 2067 942 2120 Lampsacenos
976 2068 1017 2106 in
1037 2068 1153 2107 istum
1185 2083 1386 2122 nunquam
1416 2070 1495 2108 ulla
1526 2083 1582 2108 res
1603 2070 1823 2123 mitigasset,
1858 2071 1928 2110 nifi

520 2146 611 2171 eum
634 2147 764 2186 poenas
785 2134 922 2172 Romae
943 2134 1123 2173 daturum
1144 2135 1399 2174 credidiffent.
1446 2137 1499 2175 Et
1519 2136 1545 2174 fi
1564 2137 1681 2175 talem
1703 2145 1928 2190 acceperant

523 2199 717 2251 injuriam,
750 2212 869 2251 quam
900 2200 1006 2237 nulla
1037 2200 1119 2253 lege
1140 2200 1224 2239 satis
1246 2201 1361 2254 digne
1389 2202 1564 2254 persequi
1584 2211 1774 2255 poterant,
1797 2211 1927 2240 tamen

521 2266 771 2304 incommoda
791 2265 853 2303 sua
874 2265 1002 2304 vestris
1023 2267 1270 2305 committere
1289 2268 1442 2320 legibus
1463 2276 1500 2306 et
1514 2268 1689 2320 judiciis,
1718 2281 1837 2319 quam
1854 2268 1926 2306 do-

522 2331 593 2370 lori
615 2332 681 2370 suo
699 2332 935 2384 permittere,
967 2332 1201 2371 maluerunt.
1239 2335 1306 2371 Tu
1341 2333 1457 2379 mihi,
1489 2347 1582 2372 cum
1614 2333 1876 2372 circumsessus
1906 2348 1928 2372 a

522 2407 601 2436 tam
622 2398 758 2436 illustri
779 2399 933 2437 civitate
949 2399 1008 2443 fis,
1026 2408 1180 2452 propter
1195 2408 1307 2437 tuum
1327 2399 1448 2438 scelus
1464 2409 1578 2452 atque
1594 2399 1810 2453 flagitium,
1833 2415 1927 2440 cum

521 2465 689 2517 coegeris
711 2463 889 2506 homines
911 2464 1067 2506 miseros
1097 2475 1136 2505 et
1155 2465 1409 2513 calamitosos,
1433 2466 1537 2521 quasl
1557 2466 1758 2521 desperatis
1791 2467 1927 2507 nostris
