2201 2792
372 171 422 222 4⁵5
880 156 1240 208 ORATIO

372 270 576 309 hominem
597 268 856 315 fortunatum,
892 269 959 321 qui
979 268 1167 321 ejusmodi
1196 267 1367 314 nuntios,
1399 267 1463 307 seu
1493 267 1623 321 potius
1655 269 1776 322 Pega-

372 337 444 382 sos,
463 336 600 374 habeat
616 336 622 374 !

428 403 580 441 XXVI.
613 402 695 440 Hic
714 415 799 454 ego,
822 401 848 439 fi
869 401 986 440 Craffi
1007 415 1142 440 omnes
1164 415 1256 439 cum
1277 401 1459 439 Antoniis
1480 400 1654 445 existant,
1673 400 1699 438 fi
1721 407 1777 443 tu,

373 470 422 508 L.
447 468 639 522 Philippe,
676 470 745 521 qui
776 469 876 506 inter
912 469 998 506 illos
1020 468 1193 514 florebas,
1229 467 1330 506 hanc
1365 468 1516 506 causam
1550 467 1654 505 voles
1686 480 1779 504 cum

373 536 581 574 Hortensio
617 536 755 580 dicere,
792 545 922 574 tamen
956 535 1124 588 superior
1145 535 1214 573 sim
1245 535 1387 573 neceffe
1420 535 1485 573 est.
1527 535 1622 572 Non
1657 533 1778 575 enim,

373 602 707 654 quemadmodum
728 602 884 654 putatis,
916 602 1047 639 omnia
1068 601 1153 639 sunt
1175 602 1214 639 in
1235 602 1470 653 eloquentia.
1517 600 1584 639 Est
1605 599 1781 652 quaedam

375 682 502 706 tamen
525 669 578 705 ita
598 667 794 720 perspicua
813 668 964 712 veritas,
983 677 1026 705 ut
1047 681 1132 705 eam
1153 667 1346 706 infirmare
1367 668 1473 706 nulla
1494 681 1549 705 res
1571 666 1696 719 poffit.

430 736 508 779 An,
531 743 737 785 antequam
758 732 966 786 postulastI‚
999 742 1044 770 ut
1064 733 1163 771 bona
1192 733 1409 786 poffideres,
1441 732 1589 777 mifisti,
1621 731 1690 784 qui
1709 743 1781 769 cu-

375 810 514 845 rarent,
546 808 590 838 ut
623 800 805 838 dominus
842 799 888 837 de
908 799 974 837 suo
994 798 1117 838 fundo
1148 814 1169 837 a
1189 800 1251 837 sua
1270 799 1418 838 familia
1450 800 1490 838 vi
1524 797 1780 851 dejiceretur?

375 867 623 904 Utrumlibet
655 866 768 918 elige.
818 866 1000 904 Alterum
1030 866 1257 904 incredibile
1277 866 1343 911 est,
1375 867 1538 904 alterum
1559 864 1780 907 nefarium;

374 942 412 971 et
431 942 517 971 ante
537 932 613 972 hoc
635 942 787 985 tempus
804 942 1017 984 utrumque
1032 933 1265 970 inauditum.
1290 933 1538 985 Septingenta
1555 931 1679 970 millia
1697 929 1783 983 pas-

376 999 489 1037 suum
510 1000 565 1037 vis
586 997 658 1036 ess‘e
688 999 841 1036 decursa
861 999 982 1036 biduo
1003 999 1014 1035 ?
1047 999 1141 1036 Dic.
1174 999 1304 1050 Negas
1324 999 1336 1034 ?
1368 1000 1473 1035 Ante
1498 998 1617 1048 igitur
1636 995 1782 1034 misisti.

376 1066 502 1104 Malo.
536 1065 575 1102 Si
596 1065 703 1103 enim
734 1064 834 1101 illud
857 1064 1025 1109 diCere83
1058 1063 1236 1116 improbe
1268 1063 1426 1101 mentiri
1446 1063 1628 1101 viderere.
1679 1062 1786 1100 Cum

375 1129 451 1169 hoc
471 1129 691 1175 confiteris;
723 1129 763 1167 id
784 1138 820 1167 te
840 1129 1026 1167 admififfe
1045 1129 1242 1173 concedis,
1278 1129 1384 1181 quod
1405 1142 1452 1166 ne
1472 1128 1674 1166 mendacio
1695 1127 1786 1179 qui·

377 1198 465 1236 dem
488 1208 614 1250 tegere
632 1195 759 1248 poffiS.
803 1196 896 1233 Hoc
922 1195 1128 1233 confilium
1149 1195 1327 1247 Aquilio,
1360 1204 1397 1232 et
1418 1195 1559 1233 talibus
1581 1194 1684 1236 viris,
1707 1202 1786 1231 tam

375 1263 579 1316 cupidum,
603 1271 682 1299 tam
701 1261 837 1305 audax,
860 1269 941 1299 tam
962 1262 1209 1299 temerarium
1231 1260 1487 1314 probabitur?

433 1328 543 1380 Qid
563 1327 645 1366 haec
672 1327 854 1372 amentia,
893 1327 988 1379 quid
1019 1326 1101 1366 haec
1122 1326 1327 1372 festinatio,
1359 1327 1455 1380 quid
1484 1325 1565 1365 haec
1596 1326 1785 1364 immatu-

378 1397 467 1434 ritas
489 1405 594 1434 tanta
621 1393 839 1447 fignificat?
870 1408 950 1432 non
980 1394 1090 1432 vim?
1123 1408 1201 1432 non
1222 1394 1342 1432 scelus
1362 1395 1374 1432 ?
1406 1408 1484 1432 non
1505 1393 1753 1432 latrociniilm
1772 1393 1785 1429 ?

379 1475 458 1500 non
489 1462 656 1514 denique
682 1460 814 1498 omnia
839 1461 994 1513 potius,
1037 1475 1154 1513 quam
1180 1463 1266 1513 jus,
1297 1475 1415 1514 quam
1449 1461 1639 1505 officium,
1671 1473 1789 1512 quam

380 1528 596 1581 pudorem?
630 1527 762 1566 Mittis
779 1527 919 1579 injufl‘u
941 1528 1128 1566 Praetoris.
1153 1529 1246 1579 Qo
1262 1527 1448 1566 consilio?
1471 1527 1670 1579 Juffurum
1691 1525 1787 1564 scie-

380 1594 478 1632 bas?
511 1593 646 1643 Qid?
678 1593 958 1645 cumjuffisset,
991 1603 1077 1632 tum
1098 1594 1251 1632 mittere
1279 1607 1408 1632 nonne
1437 1593 1617 1647 poteras?
1650 1591 1787 1630 Postu-

380 1660 526 1698 laturus
547 1673 638 1698 eras.
672 1660 868 1710 Qando?
901 1659 989 1698 Post
1010 1660 1088 1697 dies
1112 1673 1217 1711 xxx.
1257 1660 1415 1712 Nempe
1435 1660 1460 1698 fi
1483 1669 1519 1697 te
1541 1658 1640 1696 nihil
1661 1659 1789 1710 impe-

380 1726 506 1771 diret,
540 1725 565 1763 fi
586 1725 763 1763 voluntas
784 1725 917 1763 eadem
940 1735 1137 1771 maneret,
1161 1726 1186 1764 fi
1204 1726 1373 1770 valeres,
1396 1726 1562 1778 denique
1584 1725 1609 1763 sl
1630 1725 1789 1763 viveres.

382 1794 525 1831 Praetor
551 1790 723 1843 juffiffet.
772 1792 939 1844 Opinor,
971 1793 997 1831 fi
1028 1792 1158 1838 vellet,
1189 1792 1215 1830 fi
1242 1792 1394 1837 valeret,
1428 1793 1453 1830 fi
1479 1793 1543 1844 jus
1576 1792 1733 1835 diceret,
1763 1790 1790 1828 fi

381 1872 499 1896 nemo
533 1857 731 1902 recusaret,
763 1858 846 1909 qui,
878 1872 925 1895 ex
960 1858 1075 1910 ipsius
1110 1859 1276 1903 decreto,
1319 1868 1356 1896 et
1388 1858 1590 1902 satisdaret‚
1622 1866 1660 1894 et
1681 1857 1790 1908 judi-

382 1925 492 1962 cium
511 1925 682 1975 accipere
702 1922 831 1961 vellet.
864 1923 987 1968 Nam,
1018 1937 1086 1976 per
1106 1924 1210 1962 Deos
1237 1923 1491 1968 immortales,
1523 1923 1548 1961 fi
1570 1922 1790 1976 Alphenus,

384 1998 607 2043 procurator
634 1989 677 2026 P.
701 1988 873 2040 Qintii,
906 1989 978 2027 tibi
1011 1998 1097 2027 tum
1119 1989 1319 2034 satisdaret,
1353 1990 1601 2041 etjudicium
1622 1990 1792 2042 accipere

385 2055 513 2100 vellet,
545 2055 710 2106 denique
744 2055 889 2100 omnia,
923 2069 1008 2107 quae
1038 2055 1257 2108 postulares,
1300 2054 1423 2094 facere
1453 2055 1652 2100 voluiffet;
1696 2055 1792 2108 quid

386 2121 540 2174 ageres?
573 2121 784 2158 Revocares
806 2134 911 2166 eum,
934 2134 1052 2172 quem
1073 2122 1113 2158 in
1137 2122 1307 2159 Galliam
1330 2121 1510 2159 miseras?
1543 2123 1597 2159 At
1613 2119 1678 2159 hic
1700 2122 1791 2174 qui-

387 2189 477 2226 dem
492 2188 575 2239 jam
596 2187 642 2224 de
663 2186 786 2225 fundo
805 2187 984 2240 expulsus
1001 2206 1014 2233 ;
1039 2188 1123 2240 jam
1144 2201 1165 2225 a
1193 2188 1267 2226 suis
1289 2189 1377 2226 Diis
1397 2188 1599 2241 penatibus
1626 2201 1793 2240 praeceps

387 2256 555 2307 ejectum
582 2254 665 2305 jam
689 2253 811 2306 (quod
829 2253 1139 2306 indigniffimum
1160 2254 1229 2306 est)
1263 2254 1419 2293 suorum
1448 2254 1643 2292 servorum
1664 2254 1792 2291 mani-

391 2321 477 2365 bus,
509 2320 647 2357 nuntio
676 2328 791 2372 atque
820 2319 986 2373 imperio
1017 2328 1100 2365 tuo,
1130 2320 1293 2359 violatus
1323 2320 1425 2358 esset.
1458 2320 1678 2371 Corrigeres
1713 2318 1795 2357 haec

390 2386 533 2424 scilicet
565 2394 606 2423 tu
638 2385 778 2438 postea.
823 2386 885 2424 De
916 2385 1145 2438 cujusquam
1178 2385 1255 2424 vita
1288 2386 1415 2423 dicere
1448 2385 1577 2430 audeS,
1619 2385 1687 2437 qui
1719 2384 1794 2423 hoc

390 2451 576 2490 concedas
597 2451 740 2490 neceffe
759 2451 826 2497 est,
855 2452 909 2490 ita
940 2462 976 2490 te
996 2465 1144 2490 caecum
1175 2451 1384 2505 cupiditate
1418 2461 1455 2490 et
1484 2451 1638 2489 avaritia
1667 2450 1792 2497 fuiffe,

391 2526 448 2564 ut,
470 2530 576 2563 cum,
606 2517 735 2571 postea
766 2517 862 2571 quid
882 2517 1062 2558 futurum
1081 2517 1182 2565 effet,
1211 2518 1418 2572 ignorares,
1458 2517 1645 2570 (accidere
1665 2527 1794 2556 autem
