2201 2792
552 145 680 184 PRO
711 144 853 182 SEX⁴
886 143 1140 181 ROSCIO
1173 144 1526 185 AMERINO.
1698 161 1752 202 77

342 246 546 297 intellige3‚
570 245 704 288 Eruci,
736 252 887 282 certum
909 244 1058 281 crimen
1080 257 1197 296 quarn
1226 244 1362 283 multis
1384 245 1661 298 suspicionibus
1682 262 1751 287 co—

340 321 543 364 arguatur:
577 311 723 348 tametsi
747 324 872 362 neque
893 311 1025 348 omnia
1044 311 1187 356 dicam,
1219 320 1258 349 et
1277 311 1413 349 leviter
1444 314 1753 365 unumquodque

339 385 510 428 tangam.
533 376 675 428 Neque
695 376 802 414 enim
824 376 864 413 id
883 374 1063 420 facerem,
1082 376 1150 415 nifi
1170 375 1313 414 neceffe
1334 375 1444 415 esset:
1469 386 1506 415 et
1526 377 1565 415 id
1586 379 1658 416 erit
1678 379 1752 430 sig-

339 443 393 486 ni,
414 456 477 479 me
497 443 667 479 invitum
688 441 826 487 facere,
863 442 969 494 quod
991 456 1066 480 non
1088 442 1293 495 prosequar
1312 443 1482 496 longius,
1505 458 1624 496 quam
1656 445 1752 483 salus

338 507 454 561 hujus
476 518 513 546 et
533 522 619 546 mea
639 508 731 546 fides
752 508 976 561 postulabit,

396 575 560 613 Causam
582 585 624 613 tu
645 575 794 613 nullam
816 575 1027 628 reperiebas
1063 576 1103 613 in
1132 577 1217 614 Sex.
1243 576 1399 615 Roscio.
1446 579 1501 616 At
1532 591 1603 630 ego
1633 578 1673 615 in
1695 579 1748 616 T.

339 640 482 679 Roscio
517 642 675 694 reperio.
709 643 866 680 Tecum
897 642 1003 680 enim
1025 641 1126 680 mihi
1146 656 1202 680 res
1231 643 1296 688 est,
1330 645 1383 681 T.
1407 644 1538 688 Rosci,
1568 645 1754 696 quoniam

339 707 422 745 istic
444 708 560 752 sedes,
587 722 628 746 ac
662 717 699 746 te
730 709 857 761 palam
879 708 1132 747 adversarium
1154 709 1225 748 effe
1252 710 1456 764 profiteris.
1506 711 1568 748 De
1589 712 1753 763 Capito-

340 788 388 812 ne
409 775 493 827 post
512 775 736 820 viderimus,
770 776 810 821 fi,
842 775 1177 828 quemadmodum
1204 787 1380 829 paratum
1401 777 1472 816 effe
1492 778 1620 822 audio,
1652 778 1754 816 testis

339 841 550 894 prodierit:
584 850 671 880 tum
692 842 780 880 alias
802 856 959 894 quoque
989 842 1069 880 suas
1102 843 1248 895 palmas
1279 843 1497 895 cognoscet,
1529 844 1576 881 de
1610 844 1753 896 quibus

340 921 403 946 me
425 922 472 946 ne
502 908 642 946 audiffe
674 908 835 960 quidem
856 908 1078 960 suspicatur.
1126 910 1175 947 L.
1200 909 1345 947 Caffius
1373 909 1453 955 ille,
1485 923 1604 962 quem
1624 924 1754 963 popu—

339 972 399 1010 lus
432 974 634 1011 Romanus
663 973 902 1012 veriffimum
939 983 976 1011 et
1010 975 1329 1026 sapientissimum
1366 976 1543 1027 judicem
1579 976 1753 1028 putabat,

341 1039 556 1076 identidem
578 1040 616 1076 in
640 1039 758 1076 caufis
780 1053 946 1090 qua-rere
968 1040 1124 1084 solebat,
1157 1042 1217 1078 cui
1232 1041 1464 1094 bonofiufflt.
1499 1042 1560 1080 Sic
1581 1043 1659 1080 vita
1679 1041 1754 1079 ho-

343 1105 498 1142 minum
519 1104 585 1148 est,
609 1113 651 1142 ut
672 1105 718 1142 ad
739 1105 978 1142 maleficium
998 1119 1115 1143 nemo
1136 1115 1298 1144 conetur
1319 1107 1395 1144 fine
1416 1108 1479 1160 spe
1499 1118 1613 1159 atque
1644 1122 1754 1146 emo-

341 1170 520 1207 lumento
549 1170 740 1207 accedere.
784 1171 908 1207 Hunc
930 1171 1171 1222 quaesitorem
1191 1185 1234 1209 ac
1249 1173 1423 1223 judicem
1445 1172 1662 1225 fugiebant,
1694 1184 1754 1212 at-

342 1248 417 1286 que
437 1233 645 1272 horrebant
667 1235 708 1278 ii,
740 1235 883 1286 quibus
905 1235 1125 1287 periculum
1147 1237 1371 1281 creabatur3
1404 1238 1490 1275 ideo
1511 1239 1630 1289 quod,
1654 1249 1754 1277 tam-

340 1300 405 1338 etfi
437 1300 605 1339 veritatis
635 1310 712 1338 erat
736 1301 900 1345 amicus,
933 1311 1060 1339 tamen
1090 1311 1224 1339 natura
1255 1316 1332 1340 non
1366 1312 1444 1341 tam
1473 1304 1680 1356 propensus
1709 1307 1756 1343 ad

339 1367 656 1413 misericordiam,
675 1381 795 1420 quam
816 1367 1040 1421 implicatus
1062 1368 1107 1406 ad
1128 1368 1379 1415 severitatem,
1406 1370 1619 1409 videbatur.
1654 1373 1755 1425 Ego,

341 1447 565 1486 quanquam
585 1433 715 1487 praeest
735 1433 828 1472 huic
850 1434 1049 1486 quaestioni
1070 1435 1141 1480 vir,
1172 1444 1210 1473 et
1226 1444 1359 1474 contra
1379 1436 1578 1474 audaciam
1596 1435 1754 1476 fortiffi-

342 1512 446 1545 mus,
477 1508 514 1537 et
534 1499 581 1538 ab
602 1500 823 1538 innocentia
842 1500 1176 1547 clementiffimus,
1209 1511 1338 1540 tamen
1359 1501 1472 1540 facile
1503 1516 1566 1540 me
1593 1512 1753 1556 paterer,

341 1565 400 1603 vel
429 1565 498 1604 illo
529 1565 611 1619 ipso
630 1567 817 1605 acerrimo
841 1567 976 1619 judice
1005 1577 1212 1620 quaerente,
1245 1568 1303 1606 vel
1335 1568 1437 1622 apud
1464 1569 1656 1608 Caffianos
1684 1571 1754 1622 ju-

342 1632 460 1676 dices,
497 1645 665 1683 quorum
697 1633 814 1670 etiam
834 1647 939 1671 nunc
960 1634 1003 1678 ii,
1038 1634 1181 1685 quibus
1201 1634 1310 1673 causa
1330 1635 1492 1674 dicenda
1512 1635 1577 1681 est,
1610 1649 1760 1675 nomen

343 1697 470 1749 ipsum
491 1696 756 1743 reformidant,
777 1712 848 1750 pro
868 1700 954 1737 Sex.
978 1700 1121 1737 Roscio
1141 1701 1283 1739 dicere.

399 1764 553 1801 XXXI.
587 1764 633 1802 In
654 1762 725 1802 hac
746 1765 853 1802 enim
880 1765 989 1802 causa
1020 1779 1112 1803 cum
1139 1766 1324 1811 viderent,
1357 1766 1444 1805 illos
1479 1767 1755 1820 ampliffimam

341 1830 548 1882 pecuniam
569 1829 766 1882 poffidere,
798 1829 903 1868 hunc
925 1831 966 1868 in
986 1831 1137 1869 summa
1158 1832 1406 1870 mendicitate
1427 1832 1512 1877 effe,
1544 1833 1641 1871 illud
1662 1834 1754 1886 qui-

342 1897 431 1934 dem
453 1910 531 1934 non
548 1906 774 1948 quaererent,
792 1897 855 1935 cui
877 1897 981 1934 bono
1001 1896 1129 1935 fuiffet
1144 1916 1156 1943 3
1180 1898 1242 1936 sed
1261 1912 1307 1936 eo
1322 1899 1569 1951 perspicuum
1589 1900 1753 1946 crimen,

344 1972 381 2000 et
401 1963 655 2015 suspicionem
676 1964 806 2016 potius
827 1963 874 2001 ad
900 1963 1067 2017 praedam
1098 1965 1363 2017 adjungerent,
1393 1980 1511 2018 quam
1543 1967 1588 2004 ad
1608 1967 1752 2019 egesta-

345 2038 439 2067 tem.
486 2029 595 2081 Qid
619 2030 644 2067 fi
672 2030 820 2068 accedit
854 2030 1005 2075 eodem,
1038 2040 1080 2068 ut
1112 2031 1235 2069 tenuis
1257 2040 1366 2069 antea
1395 2031 1543 2070 fueris?
1576 2033 1685 2084 Qid
1711 2033 1753 2078 fi,

348 2103 391 2131 ut
411 2095 571 2131 avarus?
604 2096 714 2145 Qid
731 2095 771 2140 fi,
792 2105 835 2134 ut
856 2096 1006 2134 audax?
1039 2097 1149 2147 Qid
1167 2097 1207 2142 fi,
1230 2106 1273 2134 ut
1293 2097 1412 2142 illius,
1433 2099 1499 2150 qui
1521 2099 1668 2136 occisus
1688 2098 1754 2144 est,

344 2160 660 2199 inimicissimus?
692 2162 805 2200 Num
827 2163 1029 2214 quaerenda
1051 2163 1171 2208 causa,
1194 2177 1280 2215 quae
1300 2173 1337 2201 te
1358 2164 1403 2202 ad
1424 2174 1576 2202 tantum
1604 2164 1753 2202 facinus

345 2225 573 2264 adduxerit?
607 2226 717 2276 Qid
749 2241 838 2279 ergo
859 2226 1002 2265 horum
1033 2229 1162 2280 negari
1185 2229 1338 2281 potest?
1371 2231 1558 2267 Tenuitas
1579 2229 1752 2267 hominis

343 2290 532 2343 ejusmodi
554 2291 618 2336 est,
644 2300 686 2329 ut
707 2292 931 2331 diffimulari
958 2307 1035 2331 non
1057 2303 1194 2345 queat;
1227 2304 1342 2346 atque
1372 2309 1416 2332 eo
1449 2296 1570 2346 magis
1590 2294 1751 2339 eluceat,

346 2372 424 2410 quo
446 2358 566 2409 magis
588 2358 818 2397 occultatur.
879 2360 1092 2398 Avaritiam
1116 2360 1282 2413 praefers,
1308 2362 1376 2413 qui
1398 2362 1618 2398 societatem
1646 2361 1751 2397 coie-

346 2425 395 2460 riS
430 2425 475 2461 d:
512 2425 721 2477 municipis
753 2426 986 2478 cognatique
1016 2426 1181 2464 fortunis
1215 2442 1307 2464 cuin
1328 2426 1566 2463 alicnisiimo.
1619 2426 1751 2476 Qiam

349 2488 393 2525 sis
415 2491 533 2527 audax
567 2490 628 2541 (ut
659 2492 730 2529 alia
760 2492 978 2544 obliviscar)
1011 2492 1104 2530 hinc
1126 2506 1259 2530 omnes
1291 2491 1503 2543 intelligere
1526 2502 1750 2544 potuerunt,
