2201 2792
489 115 566 155 472
920 102 1009 140 IN
1082 102 1464 141 VERREM

488 201 673 239 mittere?
705 199 891 238 affervaffe
910 198 1128 244 hominem,
1153 199 1334 238 custodiis
1361 200 1691 238 Mamertinorum
1723 208 1881 237 tuorum

487 268 678 311 vinftum,
696 265 869 304 clausum
890 264 1072 310 habuisse,
1091 266 1185 303 dum
1208 267 1400 303 panormo
1416 266 1566 304 Pretius
1582 266 1751 304 veniret?
1785 279 1880 318 cog-

488 333 658 371 nosceret
677 331 909 370 hominem:
943 331 1090 383 aliquid
1112 331 1159 368 de
1178 331 1330 369 summo
1360 331 1549 384 supplicio
1581 332 1810 370 remitteres.
1842 331 1882 370 Si

486 400 699 452 ignoraret3
724 408 823 442 tum,
838 397 863 435 fi
884 398 938 435 ita
958 397 1030 434 tibi
1047 397 1252 441 videretur,
1267 395 1450 448 hocjuris
1468 398 1508 434 in
1523 411 1657 435 omnes
1673 397 1881 435 constitue-

488 479 558 511 res,
581 475 638 510 ut,
656 465 723 517 qui
741 477 866 516 neque
886 464 958 501 tibi
978 472 1090 501 notus
1110 462 1212 508 esset,
1236 476 1359 515 neque
1377 464 1617 516 cognitorem
1644 464 1881 516 locupletem

486 534 602 576 daret,
625 530 802 583 quamvis
819 530 913 567 civis
933 529 1135 567 Romanus
1156 529 1258 574 estet,
1280 530 1320 566 in
1336 543 1490 567 crucem
1512 530 1726 568 tolleretur.

542 598 690 636 LXVI.
725 596 796 634 Sed
816 595 911 647 quid
940 608 1012 648 ego
1043 595 1152 647 plura
1182 595 1227 633 de
1259 595 1415 633 Gavio?
1448 596 1549 648 quas]
1585 605 1627 634 tu
1650 595 1775 633 Gavio
1796 603 1883 632 turn

486 663 605 702 fueris
624 662 797 706 infestus,
819 675 861 699 ac
882 675 960 699 non
992 662 1158 706 nomini,
1180 662 1323 713 generi,
1340 662 1419 713 juri
1440 662 1602 706 civium,
1624 661 1756 700 hostis.
1787 661 1885 700 Non

487 731 560 775 illi,
593 731 769 781 inquam,
806 727 974 773 homini,
996 728 1058 765 sed
1087 728 1204 766 causae
1225 728 1429 766 communi
1461 729 1663 773 libertatis,
1699 728 1883 766 inimicus

486 796 604 835 fuisti.
629 795 737 846 Qid
758 795 863 832 enim
883 795 1055 839 attinuit,
1073 808 1165 832 cum
1183 794 1427 838 Mamertini,
1449 808 1557 832 more
1573 803 1687 846 atque
1709 794 1884 832 instituto

487 863 566 907 suo,
583 874 740 899 crucem
760 859 925 898 fixiffent
942 860 1025 912 post
1041 860 1193 905 urbem,
1218 860 1259 898 in
1280 860 1338 898 via
1355 860 1554 912 Pompeia,
1578 867 1615 897 te
1630 860 1766 911 jubere
1785 860 1826 896 in
1843 872 1886 897 ea

485 937 591 982 parte
610 927 739 979 figere,
760 940 844 979 quae
864 927 910 964 ad
940 925 1085 965 fretum
1107 927 1286 979 spe&a1·et
1302 945 1313 971 ς
1346 935 1383 964 et
1411 925 1487 964 hoc
1508 926 1655 970 addere,
1679 925 1784 978 quod
1813 938 1883 962 ne-

485 1008 572 1047 gare
588 994 697 1032 nullo
715 993 833 1031 modo
850 1001 971 1045 potes,
986 993 1104 1044 quod,
1122 993 1306 1031 omnibus
1321 992 1577 1038 audientibus,
1596 992 1723 1030 dixisti
1740 991 1881 1045 palam,

485 1070 523 1098 te
544 1060 688 1098 idcirco
704 1059 819 1097 illum
839 1058 972 1097 locum
993 1059 1172 1111 deligere,
1207 1068 1249 1096 ut
1270 1059 1348 1104 ille,
1368 1059 1436 1111 qui
1457 1059 1491 1096 se
1512 1059 1638 1097 civem
1656 1059 1884 1096 Romanum

484 1126 556 1164 effe
576 1127 731 1170 diceret,
754 1139 801 1163 ex
822 1139 935 1163 cruce
957 1125 1107 1163 Italiam
1128 1139 1294 1170 cernere,
1318 1139 1359 1162 ac
1380 1125 1544 1163 domum
1567 1125 1671 1163 suam
1690 1124 1882 1177 prospice-

487 1207 538 1237 re,
561 1192 707 1245 poffet?
740 1192 875 1244 Itaque
895 1191 961 1228 illa
981 1205 1076 1229 crux
1097 1191 1186 1236 sola,
1214 1192 1384 1242 Judices‚
1414 1191 1496 1243 post
1517 1191 1716 1229 conditam
1739 1189 1882 1228 Meffa-

484 1274 575 1298 nam
596 1260 664 1297 illo
695 1260 735 1297 in
756 1259 843 1296 1000
874 1259 950 1297 fixa
969 1259 1034 1296 est.
1068 1259 1184 1297 Italiae
1206 1259 1428 1312 conspeCmS
1461 1260 1507 1297 ad
1527 1272 1612 1297 eam
1633 1272 1714 1298 rem
1746 1258 1793 1296 ab
1812 1257 1884 1295 isto

485 1326 651 1363 deledtus
669 1325 735 1370 est,
772 1334 814 1361 ut
835 1324 912 1368 ille,
947 1325 987 1362 in
1008 1325 1139 1362 dolore
1169 1325 1418 1377 cruciatuque
1440 1326 1621 1369 moriens,
1655 1323 1883 1377 perangusto

486 1390 587 1429 fretu
608 1390 725 1428 divisa
745 1389 935 1427 servitutis
956 1404 997 1427 ac
1020 1390 1206 1427 libertatis
1222 1391 1309 1442 jura
1328 1391 1601 1442 cognosceret;
1624 1390 1734 1428 Italia
1754 1398 1883 1427 autem

486 1457 691 1495 alumnum
712 1456 824 1494 suum
854 1456 1043 1494 servitutis
1064 1465 1238 1494 extremo
1258 1456 1491 1508 summoque
1512 1456 1701 1509 supplicio
1722 1455 1885 1497 affixum

483 1523 638 1561 videret.

514 1589 681 1627 Facinus
701 1587 766 1632 est,
789 1587 927 1625 vinciri
947 1588 1075 1626 civem
1092 1588 1319 1626 Romanum
1336 1606 1348 1633 ;
1371 1587 1506 1633 scelus,
1527 1586 1715 1626 verberari
1729 1605 1741 1632 ς
1764 1600 1884 1640 prope

484 1655 748 1709 parricidium,
772 1654 896 1692 necari
916 1669 924 1692 :
957 1654 1053 1707 quid
1073 1654 1201 1693 dicam
1222 1655 1262 1692 in
1283 1668 1440 1693 crucem
1458 1655 1592 1693 tollere
1611 1655 1624 1692 ?
1660 1653 1776 1693 verbo
1796 1654 1885 1692 satis

484 1723 604 1774 digno
625 1731 703 1759 tam
726 1720 868 1759 nefaria
889 1734 946 1759 res
966 1722 1148 1775 appellari
1166 1716 1276 1760 nullo
1296 1722 1415 1761 modo
1435 1721 1570 1775 potest.
1609 1722 1704 1760 Non
1724 1719 1802 1759 fuit
1821 1719 1884 1759 his

483 1788 667 1840 omnibus
690 1788 756 1825 iste
776 1796 996 1826 contentus.
1039 1789 1203 1840 Spestet‚
1226 1788 1370 1841 inquit,
1392 1789 1552 1841 patriam
1572 1806 1584 1833 ;
1617 1788 1657 1825 in
1679 1787 1884 1840 conspeetu

484 1854 617 1906 legum
653 1853 915 1906 libertatisque
937 1854 1137 1893 moriatur.
1171 1855 1267 1893 Non
1299 1864 1341 1893 tu
1368 1854 1444 1892 hoc
1478 1855 1565 1892 1000
1586 1854 1773 1897 Gavium,
1804 1865 1884 1890 non

485 1934 608 1958 unum
630 1919 847 1964 hominem,
871 1920 995 1957 nescio
1026 1934 1159 1971 quem,
1195 1921 1321 1959 civem
1342 1922 1583 1965 Romanum,
1617 1920 1677 1957 sed
1698 1932 1881 1957 commu-

484 2001 576 2025 nem
597 1987 783 2025 libertatis
803 1995 841 2024 et
862 1987 1026 2024 civitatis
1048 1987 1214 2033 causam,
1237 1989 1276 2026 in
1297 1989 1413 2026 illum
1435 1988 1650 2026 cruciatum
1672 1996 1710 2025 et
1726 2000 1884 2025 crucem

484 2053 606 2105 egisti.
644 2053 733 2103 Jam
755 2065 842 2089 vero
861 2052 986 2090 videte
1004 2051 1177 2091 hominis
1198 2054 1410 2092 audaciam.
1444 2055 1588 2092 Nonne
1608 2066 1699 2091 eum
1719 2053 1884 2105 graviter

484 2118 608 2156 tuliffe
629 2118 883 2163 arbitramini,
898 2118 1002 2169 quod
1023 2118 1132 2157 illam
1147 2119 1298 2157 civibus
1312 2120 1500 2158 Romanis
1521 2131 1677 2158 crucem
1699 2131 1777 2156 non
1792 2117 1882 2171 pos-

485 2185 538 2223 set
558 2185 598 2222 in
619 2183 717 2229 foro,
736 2198 812 2222 non
835 2186 874 2222 in
896 2186 1072 2231 comitio,
1090 2199 1167 2224 non
1188 2188 1228 2224 in
1247 2186 1388 2232 rostris,
1410 2187 1575 2239 defigere
1593 2185 1606 2222 ?
1638 2185 1757 2236 Qod
1777 2184 1883 2222 enim

481 2251 544 2290 his
564 2251 659 2289 locis
681 2251 719 2288 in
742 2251 938 2303 provincia
958 2251 1019 2288 sua
1047 2252 1268 2290 celebritate
1290 2254 1549 2296 simillimum,
1575 2252 1728 2304 regione
1748 2250 1881 2302 proxi-⁴

484 2330 595 2355 mum
610 2346 622 2362 ‚
660 2317 801 2369 potuit,
837 2317 967 2369 elegit.
1006 2318 1318 2356 Monumentum
1354 2319 1502 2357 sceleris
1537 2317 1779 2368 audaciaeque
1808 2315 1881 2353 suae

484 2383 608 2421 voluit
628 2383 699 2421 effe
719 2383 759 2420 in
780 2382 985 2435 consper
1007 2383 1140 2429 Italiae‚
1164 2383 1350 2421 vestibulo
1383 2383 1536 2429 Siciliae,
1573 2381 1881 2436 praete1·ve&i0110

484 2450 679 2494 omnium,
702 2450 771 2503 qui
792 2450 893 2490 ultro
922 2450 1098 2505 citroque
1118 2450 1353 2504 navigarent.
