2201 2792
604 177 949 218 ACTIONIS
981 177 1033 216 11.
1094 175 1407 216 LIBERIV.
1627 178 1702 229 367

304 280 578 335 promptiffimi
598 279 786 325 hominis,
819 287 856 317 et
877 277 1122 332 experientis,
1155 276 1253 315 etin
1285 276 1421 329 primis
1442 276 1608 328 gratiofi,
1640 277 1703 314 su-

301 348 534 400 pellectilem
555 360 715 385 omnem
735 345 881 384 auferre
902 359 980 384 non
1001 343 1182 383 dubitasti
1201 357 1210 381 :
1243 352 1285 381 tu
1306 342 1533 387 maximam,
1555 352 1593 379 et
1613 343 1704 394 pul-

301 413 535 452 cherrimam
566 412 737 451 mensam
757 412 916 451 citream
947 425 968 449 a
988 410 1224 463 QLutatio
1244 409 1433 454 Diodoro,
1464 409 1532 461 qui
1554 409 1705 459 QCa-

302 480 375 518 tuli
410 479 612 525 beneficio,
657 493 677 516 a
697 480 744 517 L.
769 479 871 530 Sylla
904 478 999 516 civis
1030 478 1232 515 Romanus
1267 475 1390 514 factus
1423 475 1490 520 est,
1521 475 1705 513 omnibus

302 545 508 585 scientibus
535 546 700 598 Lilybaei
733 544 931 582 abstulisti.
964 544 1058 582 Non
1080 542 1151 581 tibi
1172 542 1331 594 objicio,
1364 541 1469 594 quod
1501 540 1706 578 hominem

256 613 261 615 ’
302 612 567 666 digniffimum
590 613 665 650 tuis
686 611 877 655 moribus,
899 609 1173 662 Apollonium,
1201 608 1367 646 Niconis
1388 608 1532 652 filium,
1554 608 1704 659 Drepa-

299 680 494 724 nitanum,
526 680 594 731 qui
626 692 730 717 nunc
751 679 802 716 A.
828 677 990 716 Clodius
1022 685 1193 720 vocatur,
1221 675 1330 713 omni
1360 684 1517 727 argento
1558 675 1707 727 optime

300 745 401 784 facto
421 745 599 799 spoliasti,
635 759 677 783 ac
699 743 945 798 depeculatus
979 757 1031 781 es.
1064 744 1221 780 Taceo:
1254 755 1332 780 non
1364 742 1468 779 enim
1499 750 1610 793 putat
1639 741 1706 778 ille

301 813 371 850 fibi
405 813 586 865 injuriam
616 811 789 856 fac‘tam3
821 820 1020 864 propterea
1053 809 1158 862 quod
1188 808 1341 847 homini
1370 809 1452 860 jam
1474 808 1637 860 perdito,
1668 818 1706 845 et

301 879 449 917 collum
472 880 511 916 in
530 879 713 931 laqueum
734 877 926 922 inserenti,
955 876 1174 920 subvenisti,
1208 889 1299 913 cum
1329 874 1488 928 pupillis
1510 874 1704 926 Drepani-

302 946 398 983 tanis
419 945 519 983 bona
539 945 658 997 patria
677 952 805 996 erepta
825 957 916 981 cum
944 943 1014 980 illo
1044 942 1206 994 partitus
1237 955 1290 979 es.
1325 941 1485 979 Gaudeo
1516 940 1646 984 etiam,
1677 940 1703 977 fi

301 1011 397 1064 quid
417 1011 463 1049 ab
484 1011 553 1048 illo
573 1009 785 1054 abstulisti;
817 1019 855 1047 et
873 1009 938 1046 abs
974 1019 1011 1046 te
1032 1007 1131 1046 nihil
1153 1008 1291 1046 rectius
1323 1006 1470 1045 factum
1500 1005 1572 1044 effe
1600 1006 1703 1045 dico.

301 1079 339 1115 A
359 1077 508 1129 Lysone
529 1091 616 1115 vero
636 1076 893 1127 Lilybaetano,
924 1075 1053 1128 primo
1073 1073 1249 1118 homine,
1280 1073 1380 1126 apud
1402 1086 1519 1125 quem
1541 1073 1704 1110 diversa-

300 1153 363 1182 tus
395 1158 448 1188 es,
472 1143 668 1196 Apollinis
700 1142 852 1195 fignum
884 1142 1056 1179 ablatum
1087 1150 1189 1179 certe
1220 1140 1289 1178 effe
1311 1154 1388 1178 non
1414 1140 1600 1192 oportuit.
1648 1141 1704 1178 At

300 1211 403 1248 dices
425 1220 461 1248 te
482 1210 624 1247 emiffe.
658 1209 769 1247 Scio:
795 1209 885 1246 H-S
910 1220 1000 1247 Clo.
1033 1208 1091 1245 lta
1110 1207 1260 1259 opinor.
1285 1207 1384 1251 Scio,
1407 1207 1591 1258 inquam:
1612 1220 1703 1258 pro·

299 1277 420 1316 feram
441 1277 590 1314 literas:
614 1285 651 1314 et
672 1285 799 1313 tamen
820 1275 859 1312 id
880 1273 1024 1312 faenum
1042 1287 1119 1311 non
1140 1274 1325 1326 oportuit.
1348 1275 1385 1311 A
1405 1272 1562 1325 Pupillo
1583 1273 1703 1317 Heio,

300 1344 365 1382 cui
381 1342 594 1382 Marcellus
616 1351 719 1380 tutor
739 1342 804 1386 est,
827 1355 846 1379 a
865 1355 943 1393 quo
963 1340 1168 1393 pecuniam
1188 1340 1373 1392 grandem
1394 1339 1597 1391 eripueras,
1622 1339 1702 1376 sca-

300 1400 392 1464 phia
412 1425 506 1449 curn
526 1410 770 1450 emblematis
792 1408 956 1461 Lilybaei
980 1417 1110 1446 utrum
1130 1417 1260 1460 empta
1280 1405 1351 1444 effe
1372 1406 1481 1451 dicis,
1510 1420 1556 1444 an
1577 1406 1708 1444 confi-

300 1477 388 1516 teris
408 1486 535 1530 erepta
553 1477 565 1514 ?

336 1534 427 1582 VSed
448 1544 543 1597 quid
562 1557 634 1596 ego
654 1543 760 1581 istius
782 1542 821 1580 in
843 1541 1028 1593 ejusmodi
1050 1541 1162 1579 rebus
1185 1540 1394 1578 mediocres
1411 1540 1566 1592 injurias
1586 1539 1703 1577 colli-

299 1624 374 1663 go;
397 1625 482 1662 quae
503 1609 775 1649 tantummodo
795 1609 835 1646 in
851 1607 964 1646 furtis
986 1607 1106 1651 istius,
1124 1616 1161 1644 et
1179 1607 1328 1644 damnis
1348 1619 1497 1650 eorum,
1519 1620 1538 1642 a
1559 1606 1701 1657 quibus

300 1675 508 1720 auferebat,
544 1675 691 1713 versatae
722 1674 793 1712 effe
814 1674 1044 1712 videantur?
1077 1673 1271 1725 Accipite,
1308 1673 1331 1709 si
1365 1673 1495 1716 vultis,
1528 1673 1698 1722 judices,

301 1756 382 1779 rem
403 1741 606 1794 ejusmodi,
643 1750 686 1778 ut
720 1740 928 1778 amentiam
949 1739 1193 1791 fingularem,
1229 1747 1271 1776 ut
1299 1737 1468 1775 furorem
1494 1739 1590 1789 jam,
1623 1751 1700 1774 non

299 1808 551 1860 cupiditatem
573 1807 667 1858 ejus,
690 1805 898 1858 perspicere
919 1805 1077 1858 poffitis.

354 1873 510 1912 XVIII.
543 1872 759 1911 Melitensis
783 1871 976 1909 Diodorus
997 1871 1062 1915 est,
1095 1870 1163 1922 qui
1183 1869 1285 1922 apud
1310 1883 1374 1907 vos
1396 1878 1503 1906 antea
1524 1868 1698 1905 testimo-

298 1940 410 1977 nium
431 1939 543 1977 dixit.
576 1940 611 1977 Is
633 1937 798 1989 Lilybaei
818 1937 963 1975 multos
978 1938 1061 1988 jam
1083 1949 1200 1974 annos
1219 1935 1380 1979 habitat,
1398 1934 1519 1972 homo
1539 1944 1575 1972 et
1593 1934 1700 1971 domi

301 2006 456 2050 nobilis,
489 2015 526 2042 et
557 2006 656 2058 apud
677 2018 754 2048 eos,
788 2018 866 2056 quo
886 2003 922 2041 se
943 2003 1123 2047 contulit,
1154 2012 1309 2055 propter
1330 2003 1511 2040 virtutem
1533 2001 1699 2053 splendi-

300 2072 384 2116 dus,
407 2080 444 2108 et
464 2071 661 2124 gratiosus.
695 2072 756 2108 De
774 2069 848 2107 hoc
866 2070 975 2107 Verri
994 2069 1151 2113 dicitur,
1174 2068 1313 2106 habere
1333 2082 1422 2105 eum
1450 2068 1616 2120 perbona
1637 2078 1698 2104 to-

299 2147 495 2181 reumata;
518 2137 556 2174 in
579 2136 638 2174 his
661 2136 799 2188 pocula
820 2135 896 2173 duo
916 2135 1106 2187 quaedam,
1125 2149 1208 2187 quae
1230 2135 1416 2172 Heraclea
1434 2134 1697 2176 nominantur,

301 2205 492 2243 Mentoris
516 2218 646 2248 manu,
680 2203 834 2240 summo
855 2202 1032 2247 artificio,
1054 2201 1161 2240 faCta.
1212 2201 1330 2252 Qod
1353 2201 1419 2238 iste
1440 2202 1507 2238 ubi
1538 2200 1698 2243 audivit,

299 2272 348 2308 fic
384 2271 595 2323 cupiditate
626 2269 887 2307 inflammatus
925 2268 976 2306 est
1010 2283 1087 2307 non
1122 2267 1247 2306 solum
1282 2267 1533 2319 inspiciendi,
1566 2278 1698 2302 verum

299 2337 413 2374 etiam
440 2336 650 2381 auferendi,
684 2345 725 2373 ut
757 2334 977 2373 Diodorum
1011 2335 1057 2372 ad
1078 2334 1113 2372 se
1133 2342 1296 2377 vocaret,
1319 2347 1361 2370 ac
1383 2332 1561 2384 posceret.
1612 2330 1696 2373 Ille,

299 2402 366 2452 qui
393 2401 457 2438 illa
478 2415 555 2438 non
586 2402 730 2439 invitus
750 2399 920 2445 haberet,
953 2399 1154 2452 respondet
1184 2399 1219 2436 se
1240 2397 1402 2449 Lilybaei
1424 2410 1499 2433 non
1533 2394 1694 2438 habere3

300 2465 448 2503 Melitae
469 2466 567 2518 apud
598 2466 788 2518 quendam
811 2466 1077 2518 propinquum
1110 2464 1220 2501 suurn
1256 2460 1458 2513 reliquisse.
1491 2462 1598 2497 Turn
1631 2459 1696 2496 iste

298 2531 483 2569 continuo
518 2531 640 2569 mittit
672 2530 849 2569 homines
881 2539 1004 2569 certos
1027 2529 1237 2569 Melitam:
1271 2528 1400 2565 scribit
1430 2526 1476 2564 ad
1510 2525 1694 2578 quosdam
