2201 2792
531 192 609 244 506
1027 190 1431 230 ORATIO

528 291 611 343 qui,
635 289 888 329 multitudine
909 291 1050 336 coaeta,
1072 303 1151 329 non
1172 289 1347 336 introitu,
1370 289 1432 329 sed
1452 287 1615 329 omnino
1634 288 1754 336 aditu,
1779 302 1920 343 quem-

527 358 633 410 piam
653 356 921 410 prohibuerit?

582 425 696 463 XIV.
728 424 837 475 Qid
857 437 948 476 ergo
966 424 978 460 ?
1009 421 1086 460 hoc
1107 436 1225 475 quam
1244 421 1361 461 habet
1391 422 1472 461 vim
1491 423 1504 459 ?
1539 432 1582 462 ut
1608 423 1674 462 illa
1694 436 1751 462 res
1772 422 1921 476 aliquid

527 490 655 543 aliqua
673 504 720 529 ex
739 499 845 544 parte
876 489 1028 527 differre
1048 489 1233 535 videatur,
1271 498 1418 534 utrum,
1453 489 1593 542 pedem
1624 502 1717 528 curn
1737 489 1919 534 intulero,

527 566 641 609 atque
661 557 702 595 in
722 555 984 611 poffesfionem
1006 555 1210 609 vestigium
1230 555 1369 602 fecero,
1392 564 1478 594 tum
1498 555 1667 609 expellar
1687 564 1801 608 atque
1821 555 1919 607 deji-

527 623 604 661 ciar
619 641 631 668 ς
654 637 701 661 an
721 623 854 661 eadem
874 622 925 667 vi,
947 630 1062 675 atque
1082 621 1216 660 iisdem
1237 622 1367 667 armis,
1388 620 1489 660 mihi
1509 631 1596 660 ante
1615 630 1852 666 occurratur,
1873 634 1922 659 ne

527 703 605 727 non
626 690 745 728 modo
764 690 916 734 intrare,
939 702 1074 726 verum
1094 689 1211 727 etiam
1231 688 1432 741 adspicere,
1455 697 1520 726 aut
1540 688 1738 741 adspirare,
1760 686 1916 741 poffim!

526 755 596 806 qui
616 754 691 793 hoc
712 755 758 792 ab
778 755 847 792 illo
867 753 996 792 differt
1018 754 1031 790 ?
1065 763 1108 792 ut
1128 754 1194 792 ille
1214 763 1373 806 cogatur
1392 754 1602 799 restituere,
1622 754 1691 806 qui
1710 752 1920 806 ingreffum

524 821 715 874 expulerit
727 839 739 866 5
770 821 850 865 ille,
871 821 940 873 qui
958 820 1239 873 ingredientem
1261 820 1457 873 repulerit,
1479 833 1557 858 non
1577 820 1768 873 cogatur?

568 888 719 933 Videte,
742 901 810 940 per
825 889 929 926 Deos
950 887 1188 925 immortales
1207 886 1214 924 !
1238 887 1344 940 quod
1357 887 1422 938 jus
1444 887 1570 932 nobi8‚
1588 900 1706 939 quam
1724 886 1918 925 conditio—

523 967 616 992 nem
647 954 940 1007 vobffmefipfis,
975 967 1094 1006 quarn
1133 954 1300 1006 denique
1334 954 1481 991 civitati
1496 954 1654 1006 legem,
1691 953 1920 991 constituere

524 1021 663 1059 velitis.
688 1020 862 1073 Hujusce
882 1021 1032 1073 generis
1053 1033 1127 1057 una
1147 1020 1198 1057 est
1219 1020 1316 1058 aetio
1348 1033 1415 1073 per
1433 1018 1509 1058 hoc
1539 1019 1802 1069 interd'ietum,
1840 1033 1919 1072 quo

523 1101 592 1126 nos
614 1088 668 1126 ufi
688 1088 834 1133 sumus,
865 1087 1098 1126 constituta:
1130 1101 1172 1125 ea
1201 1087 1227 1125 fi
1248 1087 1348 1126 nihil
1368 1088 1481 1133 valet,
1518 1097 1583 1125 aut
1604 1087 1629 1125 fi
1651 1087 1696 1125 ad
1715 1085 1816 1125 hanc
1836 1100 1919 1125 rem

523 1168 600 1192 non
622 1155 813 1208 pertinet;
846 1153 942 1206 quid
973 1154 1245 1207 negligentius,
1281 1162 1347 1192 aut
1377 1155 1472 1207 quid
1503 1154 1670 1199 stultius,
1707 1153 1918 1206 majoribus

522 1220 657 1258 nostris
678 1220 755 1258 dici
775 1220 910 1272 potest,
929 1220 997 1272 qui
1018 1229 1083 1258 aut
1104 1228 1217 1258 tantae
1233 1220 1285 1257 rei
1302 1219 1612 1273 praetermiserint
1627 1220 1831 1265 actionem,
1853 1228 1919 1258 aut

521 1301 605 1325 eam
626 1287 908 1331 constituerint,
944 1299 1030 1338 quae
1051 1300 1295 1338 nequaquam
1317 1286 1402 1325 satis
1423 1287 1549 1325 verbis
1569 1286 1720 1325 causam
1740 1294 1778 1324 et
1797 1286 1916 1324 ratio-

521 1368 611 1392 nem
640 1354 738 1406 juris
769 1353 1092 1406 ampled'oeretur?
1125 1353 1392 1391 Periculosum
1426 1353 1479 1391 est
1513 1351 1662 1391 diffolvi
1695 1351 1772 1391 hoc
1792 1353 1915 1391 inter-

521 1421 693 1458 dietum:
726 1419 778 1457 est
799 1410 1012 1471 captiosuin
1032 1419 1231 1463 omnibus,
1260 1433 1340 1457 rem
1363 1419 1483 1457 ullam
1509 1419 1692 1458 constitui
1712 1419 1915 1471 ejusmodi,

520 1500 619 1538 quae,
642 1500 734 1524 cum
755 1487 869 1523 armis
889 1485 990 1538 gesta
1009 1485 1068 1531 fit,
1100 1485 1262 1523 rescindi
1286 1485 1374 1537 jure
1394 1499 1472 1524 non
1492 1485 1630 1538 poffit:
1663 1495 1914 1524 veruntamen

519 1553 572 1590 est
607 1551 868 1605 turpiffimum
895 1551 1008 1596 illud,
1040 1560 1154 1590 tantae
1188 1551 1358 1590 stultitiae
1387 1552 1699 1605 prudentiffimos
1733 1551 1913 1590 homines

518 1619 781 1662 condemnari,
804 1627 846 1656 ut
866 1631 932 1656 vos
945 1617 1146 1670 judicetis,
1168 1616 1283 1670 hujus
1305 1618 1358 1656 rei
1375 1618 1639 1664 interdid‘tum,
1661 1626 1776 1695 atque
1794 1618 1914 1657 acrio-

520 1700 623 1731 nem,
647 1687 686 1723 in
709 1695 879 1723 mentem
901 1686 1110 1737 majoribus
1129 1685 1262 1726 nostris
1283 1699 1361 1724 non
1383 1685 1534 1724 venifl‘e.

574 1754 805 1805 Qeramur,
833 1752 977 1804 inquit,
1007 1751 1124 1790 licet:
1157 1761 1286 1790 tamen
1306 1751 1382 1791 hoc
1403 1752 1607 1791 interdic'to
1628 1752 1813 1790 AEbutius
1835 1764 1913 1790 non

519 1830 680 1858 tenetur.
714 1819 822 1871 Qid
843 1820 895 1857 ita
913 1820 926 1857 ?
950 1819 1070 1871 Qod
1091 1819 1146 1858 vis
1166 1820 1330 1858 Caecinae
1349 1819 1447 1858 fasta
1467 1834 1546 1858 non
1565 1819 1632 1858 est.
1665 1819 1758 1858 Dici
1778 1819 1818 1856 in
1839 1818 1912 1856 hac

517 1886 624 1924 causa
643 1886 778 1938 potest,
802 1886 868 1923 ubi
889 1898 994 1923 arma
1020 1884 1180 1930 fuerint,
1215 1886 1282 1924 ubi
1303 1888 1432 1924 coaeta
1450 1885 1661 1924 hominum
1681 1884 1910 1929 multitudo,

519 1953 583 1989 ubi
606 1952 793 1996 instruetI,
829 1960 867 1989 et
900 1951 1014 1989 certis
1048 1952 1143 1989 locis
1175 1965 1266 1990 cum
1287 1951 1388 1991 ferro
1418 1951 1597 1991 homines
1618 1951 1811 1997 collocati,
1843 1951 1912 1990 ubi

518 2019 645 2063 minae,
668 2018 850 2071 pericula,
872 2017 1106 2071 terroresque
1127 2019 1278 2065 mortis,
1311 2019 1367 2057 ibi
1389 2020 1469 2058 vim
1491 2033 1568 2058 non
1589 2018 1698 2057 fuiffe
1717 2020 1729 2056 ?
1762 2019 1910 2064 Nemo,

515 2086 657 2137 inquit,
680 2084 825 2122 occisus
845 2085 912 2130 est,
935 2098 1060 2137 neque
1081 2085 1241 2124 saucius.
1265 2085 1375 2137 Qid
1396 2086 1448 2125 ais
1467 2087 1480 2124 ?
1502 2100 1595 2124 cum
1615 2087 1662 2123 de
1679 2084 1910 2138 posseffionis

516 2151 781 2195 controversia,
803 2160 841 2188 et
861 2151 906 2189 de
936 2152 1172 2204 privatorum
1203 2150 1415 2191 hominum
1435 2152 1684 2191 contentione
1698 2152 1812 2203 juris,
1848 2151 1909 2190 lo-

516 2231 694 2269 quamur,
718 2226 759 2255 tu
782 2217 861 2255 vim
882 2218 1037 2270 negabis
1058 2218 1129 2256 effe
1149 2217 1304 2264 saetam,
1322 2219 1347 2257 fi
1366 2219 1485 2257 caedes
1503 2228 1541 2257 et
1560 2219 1699 2256 occifio
1718 2217 1816 2256 faeta
1831 2231 1909 2255 non

514 2285 616 2322 erit?
650 2285 735 2337 Ego
754 2285 945 2322 exercitus
968 2285 1159 2322 maximos
1190 2285 1284 2338 saepe
1303 2285 1431 2338 pulsos
1452 2294 1490 2323 et
1519 2285 1672 2337 fugatos
1702 2283 1772 2321 effe
1803 2284 1906 2329 dico,

515 2360 654 2389 terrore
673 2351 754 2404 ipso
770 2351 997 2404 impetuque
1013 2350 1199 2397 hostium,
1221 2352 1297 2390 fine
1315 2352 1542 2405 cujusquam
1562 2365 1640 2390 non
1661 2350 1779 2390 modo
1799 2364 1907 2389 mor—

514 2427 564 2463 te,
588 2432 721 2456 verum
744 2419 861 2456 etiam
882 2419 1051 2457 vulnere.

542 2485 630 2522 XV.
652 2486 826 2531 Etenim,
846 2486 1162 2538 Recuperatores,
1187 2499 1262 2524 non
1283 2499 1324 2523 ea
1344 2485 1420 2524 sola
1438 2485 1493 2524 vis
1515 2485 1581 2530 est,
1599 2499 1684 2538 quae
1700 2485 1745 2523 ad
1767 2498 1905 2537 corpus

512 2551 683 2590 nostrum
706 2553 902 2606 vitamque
932 2553 1119 2606 pervenit,
1156 2552 1218 2592 sed
1252 2553 1369 2593 etiam
1403 2553 1531 2592 multo
1564 2553 1687 2606 major
1718 2566 1773 2598 ea,
1805 2565 1904 2605 quae,
