<?xml version="1.0" encoding="UTF-8"?>
<!DOCTYPE html PUBLIC "-//W3C//DTD XHTML 1.0 Transitional//EN"
    "http://www.w3.org/TR/xhtml1/DTD/xhtml1-transitional.dtd">
<html xmlns="http://www.w3.org/1999/xhtml" xml:lang="en" lang="en">
 <head>
  <title>
</title>
<meta http-equiv="Content-Type" content="text/html;charset=utf-8" />
  <meta name='ocr-system' content='tesseract 3.04.00' />
  <meta name='ocr-capabilities' content='ocr_page ocr_carea ocr_par ocr_line ocrx_word'/>
</head>
<body>
  <div class='ocr_page' id='page_1' title='image "./operacumindicibu04ciceuoft_0433.png"; bbox 0 0 2201 2792; ppageno 0'>
   <div class='ocr_carea' id='block_1_1' title="bbox 895 227 1124 282">
    <p class='ocr_par' dir='ltr' id='par_1_1' title="bbox 895 227 1124 282">
     <span class='ocr_line' id='line_1_1' title="bbox 895 227 1124 282; baseline -0.004 0"><span class='ocrx_word' id='word_1_1' title='bbox 895 227 1124 282; x_wconf 87' lang='lat'>[413]</span> 
     </span>
    </p>
   </div>
   <div class='ocr_carea' id='block_1_2' title="bbox 577 439 1435 486">
    <p class='ocr_par' dir='ltr' id='par_1_2' title="bbox 577 439 1435 486">
     <span class='ocr_line' id='line_1_2' title="bbox 577 439 1435 486; baseline -0.001 0"><span class='ocrx_word' id='word_1_2' title='bbox 577 439 1435 486; x_wconf 88' lang='lat' dir='ltr'>ACCUSATIONIS</span> 
     </span>
    </p>
   </div>
   <div class='ocr_carea' id='block_1_3' title="bbox 395 593 1595 670">
    <p class='ocr_par' dir='ltr' id='par_1_3' title="bbox 395 593 1595 670">
     <span class='ocr_line' id='line_1_3' title="bbox 395 593 1595 670; baseline 0.002 -2"><span class='ocrx_word' id='word_1_3' title='bbox 395 595 574 668; x_wconf 91' lang='lat' dir='ltr'>IN</span> <span class='ocrx_word' id='word_1_4' title='bbox 676 594 773 669; x_wconf 87' lang='lat' dir='ltr'>C.</span> <span class='ocrx_word' id='word_1_5' title='bbox 882 593 1595 670; x_wconf 86' lang='lat' dir='ltr'>VERREM</span> 
     </span>
    </p>
   </div>
   <div class='ocr_carea' id='block_1_4' title="bbox 615 793 1397 848">
    <p class='ocr_par' dir='ltr' id='par_1_4' title="bbox 615 793 1397 848">
     <span class='ocr_line' id='line_1_4' title="bbox 615 793 1397 848; baseline -0.003 -13"><span class='ocrx_word' id='word_1_6' title='bbox 615 795 894 835; x_wconf 92' lang='lat' dir='ltr'>LIBER</span> <span class='ocrx_word' id='word_1_7' title='bbox 952 793 1397 848; x_wconf 64' lang='lat' dir='ltr'>QUINTUS.</span> 
     </span>
    </p>
   </div>
   <div class='ocr_carea' id='block_1_5' title="bbox 567 994 1435 1035">
    <p class='ocr_par' dir='ltr' id='par_1_5' title="bbox 567 994 1435 1035">
     <span class='ocr_line' id='line_1_5' title="bbox 567 994 1435 1035; baseline -0.006 0"><span class='ocrx_word' id='word_1_8' title='bbox 567 995 688 1035; x_wconf 92' lang='lat' dir='ltr'>DE</span> <span class='ocrx_word' id='word_1_9' title='bbox 764 994 1435 1033; x_wconf 87' lang='lat' dir='ltr'><em>SUPPLICIIS.</em></span> 
     </span>
    </p>
   </div>
   <div class='ocr_carea' id='block_1_6' title="bbox 745 1180 1249 1219">
    <p class='ocr_par' dir='ltr' id='par_1_6' title="bbox 745 1180 1249 1219">
     <span class='ocr_line' id='line_1_6' title="bbox 745 1180 1249 1219; baseline 0.002 -2"><span class='ocrx_word' id='word_1_10' title='bbox 745 1180 1098 1218; x_wconf 91' lang='lat' dir='ltr'>ORATIO</span> <span class='ocrx_word' id='word_1_11' title='bbox 1196 1180 1249 1219; x_wconf 90' lang='lat' dir='ltr'>X.</span> 
     </span>
    </p>
   </div>
   <div class='ocr_carea' id='block_1_7' title="bbox 243 1395 1707 1584">
    <p class='ocr_par' dir='ltr' id='par_1_7' title="bbox 243 1395 1707 1584">
     <span class='ocr_line' id='line_1_7' title="bbox 542 1395 1705 1451; baseline 0 -16"><span class='ocrx_word' id='word_1_12' title='bbox 542 1397 590 1435; x_wconf 93' lang='lat' dir='ltr'>C.</span> <span class='ocrx_word' id='word_1_13' title='bbox 611 1396 749 1435; x_wconf 83' lang='lat' dir='ltr'>Verres</span> <span class='ocrx_word' id='word_1_14' title='bbox 770 1397 811 1434; x_wconf 87' lang='lat' dir='ltr'>in</span> <span class='ocrx_word' id='word_1_15' title='bbox 833 1397 976 1441; x_wconf 81' lang='lat' dir='ltr'>Sicilia,</span> <span class='ocrx_word' id='word_1_16' title='bbox 1007 1396 1120 1441; x_wconf 88' lang='lat' dir='ltr'>sacra,</span> <span class='ocrx_word' id='word_1_17' title='bbox 1143 1395 1380 1449; x_wconf 87' lang='lat' dir='ltr'>profanaque</span> <span class='ocrx_word' id='word_1_18' title='bbox 1400 1397 1544 1442; x_wconf 83' lang='lat' dir='ltr'>omnia,</span> <span class='ocrx_word' id='word_1_19' title='bbox 1565 1407 1603 1436; x_wconf 92' lang='lat' dir='ltr'>et</span> <span class='ocrx_word' id='word_1_20' title='bbox 1622 1398 1705 1451; x_wconf 89' lang='lat' dir='ltr'>pri—</span> 
     </span>
     <span class='ocr_line' id='line_1_8' title="bbox 542 1463 1704 1516; baseline 0.001 -15"><span class='ocrx_word' id='word_1_21' title='bbox 542 1464 678 1509; x_wconf 86' lang='lat' dir='ltr'>vatim,</span> <span class='ocrx_word' id='word_1_22' title='bbox 709 1473 746 1501; x_wconf 87' lang='lat' dir='ltr'>et</span> <span class='ocrx_word' id='word_1_23' title='bbox 766 1463 923 1516; x_wconf 89' lang='lat' dir='ltr'>publice</span> <span class='ocrx_word' id='word_1_24' title='bbox 950 1464 1135 1516; x_wconf 85' lang='lat' dir='ltr'>spoliarit,</span> <span class='ocrx_word' id='word_1_25' title='bbox 1166 1463 1404 1516; x_wconf 85' lang='lat' dir='ltr'>versatusque</span> <span class='ocrx_word' id='word_1_26' title='bbox 1433 1464 1477 1502; x_wconf 89' lang='lat' dir='ltr'>fit</span> <span class='ocrx_word' id='word_1_27' title='bbox 1507 1465 1583 1502; x_wconf 89' lang='lat' dir='ltr'>fine</span> <span class='ocrx_word' id='word_1_28' title='bbox 1612 1465 1704 1509; x_wconf 79' lang='lat' dir='ltr'>ulla,</span> 
     </span>
     <span class='ocr_line' id='line_1_9' title="bbox 243 1528 1707 1584; baseline 0.001 -16"><span class='ocrx_word' id='word_1_29' title='bbox 243 1528 247 1532; x_wconf 77' lang='grc'><strong>’</strong></span> <span class='ocrx_word' id='word_1_30' title='bbox 305 1543 384 1569; x_wconf 88' lang='lat' dir='ltr'>non</span> <span class='ocrx_word' id='word_1_31' title='bbox 406 1529 523 1569; x_wconf 89' lang='lat' dir='ltr'>modo</span> <span class='ocrx_word' id='word_1_32' title='bbox 543 1531 742 1583; x_wconf 88' lang='lat' dir='ltr'>religione,</span> <span class='ocrx_word' id='word_1_33' title='bbox 764 1543 900 1568; x_wconf 90' lang='lat' dir='ltr'>verum</span> <span class='ocrx_word' id='word_1_34' title='bbox 918 1531 1035 1568; x_wconf 89' lang='lat' dir='ltr'>etiam</span> <span class='ocrx_word' id='word_1_35' title='bbox 1052 1529 1364 1575; x_wconf 80' lang='lat' dir='ltr'>diffimulatione,</span> <span class='ocrx_word' id='word_1_36' title='bbox 1381 1531 1420 1568; x_wconf 87' lang='lat' dir='ltr'>in</span> <span class='ocrx_word' id='word_1_37' title='bbox 1441 1532 1550 1569; x_wconf 88' lang='lat' dir='ltr'>omni</span> <span class='ocrx_word' id='word_1_38' title='bbox 1568 1546 1707 1584; x_wconf 84' lang='lat' dir='ltr'>genere</span> 
     </span>
    </p>
   </div>
   <div class='ocr_carea' id='block_1_8' title="bbox 305 1326 1706 1460">
    <p class='ocr_par' dir='ltr' id='par_1_8' title="bbox 305 1326 1706 1460">
     <span class='ocr_line' id='line_1_10' title="bbox 305 1326 1706 1460; baseline 0 -90"><span class='ocrx_word' id='word_1_39' title='bbox 305 1331 338 1371; x_wconf 90' lang='grc' dir='ltr'>Ι.</span> <span class='ocrx_word' id='word_1_40' title='bbox 356 1326 712 1460; x_wconf 84' lang='lat' dir='ltr'>NEMINI</span> <span class='ocrx_word' id='word_1_41' title='bbox 739 1330 850 1368; x_wconf 91' lang='lat' dir='ltr'>video</span> <span class='ocrx_word' id='word_1_42' title='bbox 869 1330 1036 1368; x_wconf 90' lang='lat' dir='ltr'>dubium</span> <span class='ocrx_word' id='word_1_43' title='bbox 1056 1329 1141 1375; x_wconf 87' lang='lat' dir='ltr'>effe,</span> <span class='ocrx_word' id='word_1_44' title='bbox 1164 1330 1335 1381; x_wconf 87' lang='lat' dir='ltr'>Judices,</span> <span class='ocrx_word' id='word_1_45' title='bbox 1358 1330 1454 1382; x_wconf 87' lang='lat' dir='ltr'>quin</span> <span class='ocrx_word' id='word_1_46' title='bbox 1476 1330 1706 1384; x_wconf 83' lang='lat' dir='ltr'>apertiffime</span> 
     </span>
    </p>
   </div>
   <div class='ocr_carea' id='block_1_9' title="bbox 306 1595 1706 2445">
    <p class='ocr_par' dir='ltr' id='par_1_9' title="bbox 306 1595 1706 1979">
     <span class='ocr_line' id='line_1_11' title="bbox 306 1595 1705 1651; baseline 0.001 -17"><span class='ocrx_word' id='word_1_47' title='bbox 306 1595 473 1642; x_wconf 89' lang='lat' dir='ltr'>furandi,</span> <span class='ocrx_word' id='word_1_48' title='bbox 495 1606 609 1650; x_wconf 88' lang='lat' dir='ltr'>atque</span> <span class='ocrx_word' id='word_1_49' title='bbox 642 1597 848 1650; x_wconf 63' lang='lat' dir='ltr'>praedandi.</span> <span class='ocrx_word' id='word_1_50' title='bbox 883 1597 953 1635; x_wconf 87' lang='lat' dir='ltr'>Sed</span> <span class='ocrx_word' id='word_1_51' title='bbox 974 1597 1149 1649; x_wconf 80' lang='lat' dir='ltr'>quaedam</span> <span class='ocrx_word' id='word_1_52' title='bbox 1170 1596 1271 1635; x_wconf 84' lang='lat' dir='ltr'>mihi</span> <span class='ocrx_word' id='word_1_53' title='bbox 1293 1597 1511 1650; x_wconf 84' lang='lat' dir='ltr'>magnifica,</span> <span class='ocrx_word' id='word_1_54' title='bbox 1539 1609 1577 1636; x_wconf 90' lang='lat' dir='ltr'>et</span> <span class='ocrx_word' id='word_1_55' title='bbox 1608 1613 1705 1651; x_wconf 70' lang='lat' dir='ltr'>prse-</span> 
     </span>
     <span class='ocr_line' id='line_1_12' title="bbox 306 1662 1704 1714; baseline 0.001 -14"><span class='ocrx_word' id='word_1_56' title='bbox 306 1662 405 1700; x_wconf 86' lang='lat' dir='ltr'>clara</span> <span class='ocrx_word' id='word_1_57' title='bbox 437 1664 518 1714; x_wconf 84' lang='lat' dir='ltr'>ejus</span> <span class='ocrx_word' id='word_1_58' title='bbox 556 1662 723 1701; x_wconf 88' lang='lat' dir='ltr'>defenfio</span> <span class='ocrx_word' id='word_1_59' title='bbox 764 1663 1008 1707; x_wconf 77' lang='lat' dir='ltr'>ostenditur3</span> <span class='ocrx_word' id='word_1_60' title='bbox 1056 1663 1120 1700; x_wconf 92' lang='lat' dir='ltr'>cui</span> <span class='ocrx_word' id='word_1_61' title='bbox 1152 1664 1485 1714; x_wconf 84' lang='lat' dir='ltr'>quemadmodum</span> <span class='ocrx_word' id='word_1_62' title='bbox 1524 1664 1704 1708; x_wconf 76' lang='lat' dir='ltr'>refistam,</span> 
     </span>
     <span class='ocr_line' id='line_1_13' title="bbox 308 1726 1704 1780; baseline 0.001 -15"><span class='ocrx_word' id='word_1_63' title='bbox 308 1727 436 1765; x_wconf 89' lang='lat' dir='ltr'>multo</span> <span class='ocrx_word' id='word_1_64' title='bbox 455 1726 556 1765; x_wconf 87' lang='lat' dir='ltr'>mihi</span> <span class='ocrx_word' id='word_1_65' title='bbox 576 1736 662 1765; x_wconf 83' lang='lat' dir='ltr'>ante</span> <span class='ocrx_word' id='word_1_66' title='bbox 683 1727 748 1772; x_wconf 91' lang='lat' dir='ltr'>est,</span> <span class='ocrx_word' id='word_1_67' title='bbox 771 1728 942 1779; x_wconf 84' lang='lat' dir='ltr'>Judices,</span> <span class='ocrx_word' id='word_1_68' title='bbox 964 1728 1260 1780; x_wconf 88' lang='lat' dir='ltr'>providendum.</span> <span class='ocrx_word' id='word_1_69' title='bbox 1285 1729 1342 1766; x_wconf 88' lang='lat' dir='ltr'>Ita</span> <span class='ocrx_word' id='word_1_70' title='bbox 1359 1731 1465 1766; x_wconf 89' lang='lat' dir='ltr'>enim</span> <span class='ocrx_word' id='word_1_71' title='bbox 1486 1729 1593 1766; x_wconf 86' lang='lat' dir='ltr'>causa</span> <span class='ocrx_word' id='word_1_72' title='bbox 1608 1743 1704 1767; x_wconf 82' lang='lat' dir='ltr'>con-</span> 
     </span>
     <span class='ocr_line' id='line_1_14' title="bbox 307 1792 1704 1848; baseline 0.001 -18"><span class='ocrx_word' id='word_1_73' title='bbox 307 1792 492 1838; x_wconf 90' lang='lat' dir='ltr'>stituitur,</span> <span class='ocrx_word' id='word_1_74' title='bbox 513 1794 753 1846; x_wconf 85' lang='lat' dir='ltr'>provinciam</span> <span class='ocrx_word' id='word_1_75' title='bbox 773 1794 943 1832; x_wconf 87' lang='lat' dir='ltr'>Siciliam</span> <span class='ocrx_word' id='word_1_76' title='bbox 965 1795 1106 1832; x_wconf 86' lang='lat' dir='ltr'>virtute</span> <span class='ocrx_word' id='word_1_77' title='bbox 1126 1795 1221 1846; x_wconf 86' lang='lat' dir='ltr'>ejus,</span> <span class='ocrx_word' id='word_1_78' title='bbox 1239 1803 1276 1831; x_wconf 89' lang='lat' dir='ltr'>et</span> <span class='ocrx_word' id='word_1_79' title='bbox 1297 1794 1495 1846; x_wconf 86' lang='lat' dir='ltr'>vigilantia</span> <span class='ocrx_word' id='word_1_80' title='bbox 1510 1795 1704 1848; x_wconf 75' lang='lat' dir='ltr'>singulari,</span> 
     </span>
     <span class='ocr_line' id='line_1_15' title="bbox 306 1858 1706 1913; baseline 0.002 -17"><span class='ocrx_word' id='word_1_81' title='bbox 306 1858 450 1904; x_wconf 86' lang='lat' dir='ltr'>dubiis,</span> <span class='ocrx_word' id='word_1_82' title='bbox 483 1858 815 1912; x_wconf 87' lang='lat' dir='ltr'>formidolofisque</span> <span class='ocrx_word' id='word_1_83' title='bbox 849 1860 1105 1912; x_wconf 85' lang='lat' dir='ltr'>temporibus,</span> <span class='ocrx_word' id='word_1_84' title='bbox 1137 1874 1157 1897; x_wconf 87' lang='lat' dir='ltr'>a</span> <span class='ocrx_word' id='word_1_85' title='bbox 1190 1859 1381 1912; x_wconf 82' lang='lat' dir='ltr'>fugitivis,</span> <span class='ocrx_word' id='word_1_86' title='bbox 1417 1870 1532 1913; x_wconf 87' lang='lat' dir='ltr'>atque</span> <span class='ocrx_word' id='word_1_87' title='bbox 1563 1874 1582 1898; x_wconf 80' lang='lat' dir='ltr'>a</span> <span class='ocrx_word' id='word_1_88' title='bbox 1613 1861 1706 1899; x_wconf 85' lang='lat' dir='ltr'>belli</span> 
     </span>
     <span class='ocr_line' id='line_1_16' title="bbox 306 1925 942 1979; baseline 0.002 -16"><span class='ocrx_word' id='word_1_89' title='bbox 306 1925 487 1979; x_wconf 83' lang='lat' dir='ltr'>periculis</span> <span class='ocrx_word' id='word_1_90' title='bbox 510 1935 633 1964; x_wconf 86' lang='lat' dir='ltr'>tutam</span> <span class='ocrx_word' id='word_1_91' title='bbox 655 1926 726 1964; x_wconf 87' lang='lat' dir='ltr'>effe</span> <span class='ocrx_word' id='word_1_92' title='bbox 746 1926 942 1964; x_wconf 82' lang='lat' dir='ltr'>servatam.</span> 
     </span>
    </p>

    <p class='ocr_par' dir='ltr' id='par_1_10' title="bbox 307 1992 1706 2445">
     <span class='ocr_line' id='line_1_17' title="bbox 364 1992 1704 2045; baseline 0.002 -16"><span class='ocrx_word' id='word_1_93' title='bbox 364 1992 473 2042; x_wconf 86' lang='lat' dir='ltr'>Qid</span> <span class='ocrx_word' id='word_1_94' title='bbox 507 2005 632 2044; x_wconf 82' lang='lat' dir='ltr'>agam,</span> <span class='ocrx_word' id='word_1_95' title='bbox 665 1992 853 2043; x_wconf 89' lang='lat' dir='ltr'>Judices?</span> <span class='ocrx_word' id='word_1_96' title='bbox 886 2006 964 2045; x_wconf 93' lang='lat' dir='ltr'>quo</span> <span class='ocrx_word' id='word_1_97' title='bbox 984 1992 1233 2031; x_wconf 79' lang='lat' dir='ltr'>accusationis</span> <span class='ocrx_word' id='word_1_98' title='bbox 1266 2006 1359 2031; x_wconf 82' lang='lat' dir='ltr'>meae</span> <span class='ocrx_word' id='word_1_99' title='bbox 1390 1993 1577 2031; x_wconf 79' lang='lat' dir='ltr'>rationem</span> <span class='ocrx_word' id='word_1_100' title='bbox 1608 2007 1704 2032; x_wconf 90' lang='lat' dir='ltr'>con-</span> 
     </span>
     <span class='ocr_line' id='line_1_18' title="bbox 308 2055 1706 2112; baseline 0.003 -18"><span class='ocrx_word' id='word_1_101' title='bbox 308 2055 428 2094; x_wconf 87' lang='lat' dir='ltr'>feram</span> <span class='ocrx_word' id='word_1_102' title='bbox 448 2057 461 2093; x_wconf 89' lang='lat'>?</span> <span class='ocrx_word' id='word_1_103' title='bbox 492 2071 570 2109; x_wconf 90' lang='lat' dir='ltr'>quo</span> <span class='ocrx_word' id='word_1_104' title='bbox 591 2071 654 2095; x_wconf 88' lang='lat' dir='ltr'>me</span> <span class='ocrx_word' id='word_1_105' title='bbox 673 2069 817 2096; x_wconf 88' lang='lat' dir='ltr'>vertam</span> <span class='ocrx_word' id='word_1_106' title='bbox 838 2059 850 2095; x_wconf 90' lang='lat'>?</span> <span class='ocrx_word' id='word_1_107' title='bbox 883 2059 945 2096; x_wconf 92' lang='lat' dir='ltr'>Ad</span> <span class='ocrx_word' id='word_1_108' title='bbox 966 2072 1101 2097; x_wconf 85' lang='lat' dir='ltr'>omnes</span> <span class='ocrx_word' id='word_1_109' title='bbox 1121 2059 1227 2097; x_wconf 88' lang='lat' dir='ltr'>enim</span> <span class='ocrx_word' id='word_1_110' title='bbox 1249 2073 1355 2097; x_wconf 86' lang='lat' dir='ltr'>meos</span> <span class='ocrx_word' id='word_1_111' title='bbox 1387 2059 1571 2112; x_wconf 84' lang='lat' dir='ltr'>impetus,</span> <span class='ocrx_word' id='word_1_112' title='bbox 1603 2060 1706 2112; x_wconf 77' lang='lat' dir='ltr'>quasi</span> 
     </span>
     <span class='ocr_line' id='line_1_19' title="bbox 310 2124 1705 2178; baseline 0.004 -18"><span class='ocrx_word' id='word_1_113' title='bbox 310 2136 444 2161; x_wconf 87' lang='lat' dir='ltr'>murus</span> <span class='ocrx_word' id='word_1_114' title='bbox 466 2124 639 2176; x_wconf 86' lang='lat' dir='ltr'>quidam,</span> <span class='ocrx_word' id='word_1_115' title='bbox 676 2125 768 2162; x_wconf 90' lang='lat' dir='ltr'>boni</span> <span class='ocrx_word' id='word_1_116' title='bbox 805 2138 945 2162; x_wconf 89' lang='lat' dir='ltr'>nomen</span> <span class='ocrx_word' id='word_1_117' title='bbox 978 2125 1218 2177; x_wconf 89' lang='lat' dir='ltr'>imperatoris</span> <span class='ocrx_word' id='word_1_118' title='bbox 1252 2126 1476 2178; x_wconf 89' lang='lat' dir='ltr'>opponitur.</span> <span class='ocrx_word' id='word_1_119' title='bbox 1508 2126 1615 2165; x_wconf 93' lang='lat' dir='ltr'>Novi</span> <span class='ocrx_word' id='word_1_120' title='bbox 1645 2127 1705 2165; x_wconf 93' lang='lat' dir='ltr'>lo-</span> 
     </span>
     <span class='ocr_line' id='line_1_20' title="bbox 308 2190 1705 2245; baseline 0.002 -18"><span class='ocrx_word' id='word_1_121' title='bbox 308 2202 429 2234; x_wconf 79' lang='lat' dir='ltr'>cum3</span> <span class='ocrx_word' id='word_1_122' title='bbox 460 2190 585 2235; x_wconf 88' lang='lat' dir='ltr'>video,</span> <span class='ocrx_word' id='word_1_123' title='bbox 622 2190 689 2228; x_wconf 88' lang='lat' dir='ltr'>ubi</span> <span class='ocrx_word' id='word_1_124' title='bbox 725 2190 759 2228; x_wconf 90' lang='lat' dir='ltr'>se</span> <span class='ocrx_word' id='word_1_125' title='bbox 786 2192 994 2242; x_wconf 67' lang='lat' dir='ltr'>jactaturus</span> <span class='ocrx_word' id='word_1_126' title='bbox 1026 2192 1071 2229; x_wconf 88' lang='lat' dir='ltr'>fit</span> <span class='ocrx_word' id='word_1_127' title='bbox 1105 2192 1349 2230; x_wconf 87' lang='lat' dir='ltr'>Hortenfius.</span> <span class='ocrx_word' id='word_1_128' title='bbox 1393 2192 1491 2230; x_wconf 89' lang='lat' dir='ltr'>Belli</span> <span class='ocrx_word' id='word_1_129' title='bbox 1521 2193 1705 2245; x_wconf 82' lang='lat' dir='ltr'>pericula,</span> 
     </span>
     <span class='ocr_line' id='line_1_21' title="bbox 307 2257 1702 2312; baseline 0.001 -18"><span class='ocrx_word' id='word_1_130' title='bbox 307 2265 482 2309; x_wconf 88' lang='lat' dir='ltr'>tempora</span> <span class='ocrx_word' id='word_1_131' title='bbox 516 2257 748 2309; x_wconf 83' lang='lat' dir='ltr'>reipublicae,</span> <span class='ocrx_word' id='word_1_132' title='bbox 795 2258 1075 2310; x_wconf 87' lang='lat' dir='ltr'>imperatorum</span> <span class='ocrx_word' id='word_1_133' title='bbox 1109 2259 1313 2312; x_wconf 86' lang='lat' dir='ltr'>penuriam</span> <span class='ocrx_word' id='word_1_134' title='bbox 1347 2259 1702 2297; x_wconf 82' lang='lat' dir='ltr'>commemorabit:</span> 
     </span>
     <span class='ocr_line' id='line_1_22' title="bbox 309 2323 1706 2378; baseline 0.001 -18"><span class='ocrx_word' id='word_1_135' title='bbox 309 2330 394 2360; x_wconf 88' lang='lat' dir='ltr'>tum</span> <span class='ocrx_word' id='word_1_136' title='bbox 417 2323 683 2375; x_wconf 88' lang='lat' dir='ltr'>deprecabitur</span> <span class='ocrx_word' id='word_1_137' title='bbox 702 2337 721 2361; x_wconf 87' lang='lat' dir='ltr'>a</span> <span class='ocrx_word' id='word_1_138' title='bbox 741 2324 865 2369; x_wconf 89' lang='lat' dir='ltr'>vobis,</span> <span class='ocrx_word' id='word_1_139' title='bbox 897 2333 983 2362; x_wconf 88' lang='lat' dir='ltr'>tum</span> <span class='ocrx_word' id='word_1_140' title='bbox 1003 2325 1119 2362; x_wconf 90' lang='lat' dir='ltr'>etiam</span> <span class='ocrx_word' id='word_1_141' title='bbox 1140 2339 1210 2378; x_wconf 87' lang='lat' dir='ltr'>pro</span> <span class='ocrx_word' id='word_1_142' title='bbox 1227 2325 1292 2363; x_wconf 87' lang='lat' dir='ltr'>suo</span> <span class='ocrx_word' id='word_1_143' title='bbox 1306 2326 1392 2377; x_wconf 87' lang='lat' dir='ltr'>jure</span> <span class='ocrx_word' id='word_1_144' title='bbox 1413 2324 1633 2368; x_wconf 88' lang='lat' dir='ltr'>contendet,</span> <span class='ocrx_word' id='word_1_145' title='bbox 1657 2337 1706 2361; x_wconf 87' lang='lat' dir='ltr'>ne</span> 
     </span>
     <span class='ocr_line' id='line_1_23' title="bbox 310 2390 1702 2445; baseline 0 -19"><span class='ocrx_word' id='word_1_146' title='bbox 310 2390 525 2441; x_wconf 86' lang='lat' dir='ltr'>patiamini,</span> <span class='ocrx_word' id='word_1_147' title='bbox 556 2390 672 2429; x_wconf 86' lang='lat' dir='ltr'>talem</span> <span class='ocrx_word' id='word_1_148' title='bbox 694 2391 967 2444; x_wconf 87' lang='lat' dir='ltr'>imperatorem</span> <span class='ocrx_word' id='word_1_149' title='bbox 985 2391 1131 2445; x_wconf 89' lang='lat' dir='ltr'>populo</span> <span class='ocrx_word' id='word_1_150' title='bbox 1152 2393 1332 2430; x_wconf 81' lang='lat' dir='ltr'>Romano</span> <span class='ocrx_word' id='word_1_151' title='bbox 1358 2391 1574 2428; x_wconf 87' lang='lat' dir='ltr'>Siculorum</span> <span class='ocrx_word' id='word_1_152' title='bbox 1597 2390 1702 2427; x_wconf 84' lang='lat' dir='ltr'>testi—</span> 
     </span>
    </p>
   </div>
   <div class='ocr_carea' id='block_1_10' title="bbox 310 2455 1704 2561">
    <p class='ocr_par' dir='ltr' id='par_1_11' title="bbox 310 2455 1704 2561">
     <span class='ocr_line' id='line_1_24' title="bbox 310 2455 1704 2511; baseline 0.001 -20"><span class='ocrx_word' id='word_1_153' title='bbox 310 2455 452 2492; x_wconf 84' lang='lat' dir='ltr'>moniis</span> <span class='ocrx_word' id='word_1_154' title='bbox 473 2456 593 2507; x_wconf 84' lang='lat' dir='ltr'>eripi;</span> <span class='ocrx_word' id='word_1_155' title='bbox 626 2471 719 2497; x_wconf 88' lang='lat' dir='ltr'>neve</span> <span class='ocrx_word' id='word_1_156' title='bbox 738 2458 862 2498; x_wconf 86' lang='lat' dir='ltr'>obteri</span> <span class='ocrx_word' id='word_1_157' title='bbox 883 2458 1037 2498; x_wconf 87' lang='lat' dir='ltr'>laudem</span> <span class='ocrx_word' id='word_1_158' title='bbox 1057 2458 1343 2511; x_wconf 81' lang='lat' dir='ltr'>imperatoriam</span> <span class='ocrx_word' id='word_1_159' title='bbox 1365 2456 1595 2495; x_wconf 77' lang='lat' dir='ltr'>criminibus</span> <span class='ocrx_word' id='word_1_160' title='bbox 1617 2470 1704 2494; x_wconf 77' lang='lat' dir='ltr'>ava-</span> 
     </span>
     <span class='ocr_line' id='line_1_25' title="bbox 313 2520 567 2561; baseline 0.016 -4"><span class='ocrx_word' id='word_1_161' title='bbox 313 2520 407 2558; x_wconf 80' lang='lat' dir='ltr'>ritiae</span> <span class='ocrx_word' id='word_1_162' title='bbox 428 2521 567 2561; x_wconf 83' lang='lat' dir='ltr'>velitis.</span> 
     </span>
    </p>
   </div>
  </div>
 </body>
</html>
