2201 2792
695 177 831 216 PRo
891 175 953 213 M.
1014 174 1369 213 FONTEIO.
1656 177 1735 229 485

339 278 444 323 teste,
460 277 632 330 judicare
652 275 946 318 arbitrabantur,
969 273 1063 325 quid
1080 271 1230 316 fictum,
1249 272 1344 324 quid
1364 285 1384 309 a
1403 269 1558 309 fortuna
1573 285 1615 309 ac
1634 282 1736 310 tem-

339 357 431 397 pore
449 343 624 386 allatum,
646 340 741 393 quid
770 341 892 394 pretio
913 348 1154 392 corruptum,
1177 338 1273 390 quid
1293 337 1355 390 spe
1386 346 1451 375 aut
1472 346 1578 374 metu
1601 337 1735 388 depra-

339 420 486 455 vatum,
509 409 605 462 quid
635 422 655 446 a
674 408 884 460 cupiditate
905 406 1032 458 aliqua
1051 414 1116 443 aut
1137 404 1355 443 inimicitiis
1376 402 1609 456 profectum,
1628 403 1735 440 vide-

339 486 456 515 retur.
480 477 578 527 Qae
599 476 623 514 fi
639 475 761 528 judex
781 488 857 512 non
879 473 1130 526 amplectetur
1149 471 1282 510 omnia
1301 470 1484 515 confilio;
1508 483 1586 507 non
1606 469 1737 507 animo

338 557 382 582 ac
403 551 534 582 mente
553 541 867 594 circumspiciet3
899 540 940 583 fi,
970 547 1014 576 ut
1044 539 1216 591 quidque
1236 551 1283 576 ex
1303 537 1372 574 illo
1399 537 1486 575 loco
1506 536 1669 580 dicetur,
1691 548 1738 573 ex

339 609 496 647 oraculo
515 609 644 661 aliquo
664 607 741 645 dici
763 605 1008 644 arbitrabitur
1024 621 1036 648 3
1067 601 1241 656 profecto
1259 602 1344 640 satis
1365 603 1450 646 erit,
1473 602 1511 639 id
1532 601 1637 654 quod
1657 601 1737 638 dixi

340 684 460 718 antea,
482 687 560 711 non
581 672 738 710 surdum
767 671 944 723 judicem
974 667 1067 707 huic
1088 668 1241 706 muneri
1272 676 1387 719 atque
1417 667 1547 705 officio
1573 666 1734 718 praeeffe.

339 739 457 778 Nihil
476 739 562 784 erit,
584 737 839 791 quamobrem
861 736 926 773 ille
947 735 1073 773 nescio
1093 735 1180 786 quis
1201 733 1344 786 sapiens
1365 732 1500 777 homo,
1528 745 1571 770 ac
1592 733 1737 770 multa-

340 820 429 844 rum
450 819 577 844 rerum
594 805 753 857 peritus,
775 803 821 840 ad
842 815 898 840 res
914 801 1139 854 judicandas
1160 801 1387 852 requiratur,

395 872 510 910 VIII.
543 873 608 909 An
638 883 726 908 vero
757 869 815 907 illi
846 866 993 920 equites
1015 867 1199 911 Romani,
1222 879 1318 918 quos
1353 878 1422 902 nos
1456 863 1640 908 vidimus,
1669 864 1738 916 qui

339 951 463 991 nuper
496 937 537 974 in
564 935 759 989 republica
784 933 1018 986 judiciisque
1053 932 1235 971 maximis
1262 931 1487 974 floruerunt,
1519 929 1738 967 habuerunt

340 1013 491 1042 tantum
518 1003 652 1047 animi,
686 1010 836 1039 tanturn
870 1001 1031 1044 roboris,
1067 1009 1112 1037 ut
1132 999 1195 1037 M.
1220 998 1359 1037 Scauro
1390 996 1473 1034 testi
1505 1009 1583 1034 non
1603 995 1736 1034 crede-

341 1079 449 1108 rent:
481 1082 547 1107 vos
568 1068 782 1120 Volgarum
815 1076 929 1118 atque
948 1065 1210 1117 Allobrogum
1232 1063 1459 1101 testimoniis
1489 1075 1567 1100 non
1587 1062 1738 1100 credere

340 1135 486 1173 timetis
506 1135 518 1171 ?
551 1135 588 1172 Si
610 1133 772 1172 inimico
793 1132 875 1170 testi
896 1131 999 1170 credi
1020 1144 1098 1169 non
1117 1130 1303 1183 oportuit,
1331 1128 1528 1166 inimicior
1548 1127 1739 1165 Marcello

341 1202 507 1245 Craffus,
529 1209 595 1238 aut
615 1199 798 1238 Fimbriae
820 1199 995 1242 Scaurus,
1017 1211 1065 1235 ex
1085 1196 1266 1234 civilibus
1286 1195 1419 1233 studiis
1451 1203 1565 1246 atque
1583 1193 1736 1231 obtrec-

341 1267 485 1306 tatione
506 1265 729 1309 domestica,
763 1278 879 1316 quam
906 1263 999 1301 huic
1032 1263 1170 1300 Galli?
1202 1275 1385 1314 quorum,
1413 1261 1482 1312 qui
1515 1260 1664 1312 optima
1697 1260 1738 1298 in

341 1332 451 1371 causa
469 1331 570 1377 sunt,
591 1331 755 1383 equites,
787 1328 1046 1373 frumentum,
1068 1327 1289 1380 pecuniam,
1311 1325 1427 1364 semel
1447 1334 1560 1377 atque
1580 1325 1735 1369 iterum,

340 1411 384 1436 ac
404 1398 536 1451 saepius
557 1395 787 1441 invitissimi,
809 1395 896 1433 dare
915 1394 1038 1433 coacti
1058 1393 1168 1432 sunt:
1200 1392 1340 1436 caeteri‚
1363 1391 1507 1444 partim
1533 1403 1580 1428 ex
1600 1391 1737 1428 veteri-

340 1465 413 1502 bus
445 1463 557 1502 bellis
590 1476 682 1516 agro
715 1462 884 1506 multati,
918 1460 1075 1513 partim,
1111 1460 1157 1497 ab
1178 1458 1254 1497 hoc
1274 1457 1370 1511 ipso,
1398 1457 1501 1496 bello
1521 1456 1685 1509 superati
1702 1465 1740 1494 et

339 1529 516 1583 oppreffi.
621 1523 626 1526 ”

397 1595 449 1640 Si,
471 1595 540 1649 qui
561 1594 612 1632 ob
632 1592 790 1645 aliquod
821 1591 1135 1630 emolumentum
1155 1589 1266 1627 suum
1298 1586 1477 1642 cupidius
1508 1586 1656 1639 aliquid
1677 1586 1738 1624 di·

341 1673 426 1699 cere
446 1660 639 1704 videntur,
672 1659 718 1696 iis
739 1657 843 1696 credi
864 1670 941 1695 non
962 1656 1142 1694 convenit
1160 1670 1169 1693 ε
1202 1655 1315 1693 credo
1346 1653 1737 1706 majusemolumen-

341 1736 428 1764 tum
449 1724 699 1778 Caepionibus
734 1732 771 1761 et
803 1722 977 1761 Metellis
1009 1721 1247 1774 propofitum
1274 1719 1383 1758 fuiffe
1413 1732 1460 1757 ex
1481 1718 1739 1770 QPompeii

341 1792 599 1836 damnatione,
632 1803 725 1828 cum
753 1789 966 1827 studiorum
987 1787 1142 1825 suorum
1173 1787 1466 1824 obtrectatorem
1494 1783 1736 1828 sustulissent,

340 1872 458 1912 quam
478 1859 625 1896 cunftae
647 1855 785 1895 Galliae
805 1868 852 1893 ex
874 1855 937 1893 M.
958 1853 1115 1892 Fonteii
1134 1853 1377 1897 calamitate3
1410 1852 1447 1888 in
1470 1863 1544 1902 qua
1565 1850 1631 1887 illa
1646 1864 1738 1902 pro·

341 1924 468 1962 vincia
487 1936 606 1976 prope
626 1923 731 1960 suam
754 1921 1060 1964 immunitatem,
1082 1932 1123 1957 ac
1144 1919 1376 1962 libertatem,
1399 1916 1557 1969 positam
1587 1915 1658 1953 effe
1678 1929 1738 1953 ar-

342 1990 518 2028 bitratur.
543 1992 620 2033 An,
641 1989 664 2026 s1
687 1987 866 2026 homines
884 1987 985 2039 ipsos
1006 1985 1168 2038 spectare
1190 1983 1385 2028 convenit,
1403 1982 1442 2020 id
1463 1981 1567 2033 quod
1587 1982 1627 2018 in
1649 1981 1740 2019 teste

341 2056 515 2110 profecto
536 2056 657 2093 valere
678 2055 894 2107 plurimum
915 2054 1041 2098 debet,
1074 2066 1151 2090 non
1173 2051 1291 2090 modo
1311 2063 1401 2088 cum
1420 2049 1581 2087 summis
1603 2049 1739 2086 civita-

342 2123 390 2160 tis
414 2121 544 2160 nostrae
564 2121 668 2164 viris,
690 2120 750 2157 sed
771 2133 862 2157 cum
885 2118 1023 2156 infimo
1042 2118 1124 2155 cive
1145 2118 1339 2160 Romano,
1357 2114 1560 2167 quisquam
1581 2114 1737 2166 amplis-

343 2189 459 2226 fimus
482 2186 619 2224 Galliae
639 2184 917 2238 comparandus
937 2184 1017 2221 est?
1056 2183 1133 2220 Scit
1156 2181 1462 2224 Induciomarus,
1485 2180 1579 2231 quid
1599 2179 1643 2216 sit
1664 2178 1737 2216 tes-

343 2253 554 2292 timonium
574 2252 724 2290 dicere?
748 2259 925 2288 movetur
939 2263 985 2287 eo
1005 2250 1156 2294 timore,
1176 2261 1253 2301 quo
1275 2247 1444 2285 nostrum
1464 2244 1737 2295 unusquisque,

345 2332 435 2358 cum
456 2319 496 2356 in
516 2332 606 2356 eum
626 2318 759 2356 locum
781 2317 987 2369 productus
1007 2315 1058 2353 est
1078 2316 1090 2352 ?

401 2385 472 2422 IX.
505 2383 794 2427 Recordamini,
817 2382 987 2433 Judices,
1015 2389 1251 2433 quantopere
1282 2378 1448 2415 laborare
1469 2374 1629 2418 soleatis,
1659 2387 1737 2411 non

347 2450 464 2488 modo
496 2449 591 2501 quid
625 2449 760 2487 dicatis
793 2461 862 2499 pro
894 2447 1113 2486 testimonio
1130 2474 1140 2489 ‚
1175 2444 1235 2482 sed
1270 2443 1400 2485 ctiam,
1437 2441 1577 2492 quibus
1613 2440 1736 2477 verbis
