2201 2792
535 172 614 212 304
959 157 1049 196 IN
1124 157 1504 196 VERREM

531 259 833 313 fugiendamque
864 257 1022 296 vestram
1043 257 1266 296 satietatem.
1300 258 1393 296 Non
1424 256 1596 296 versabor
1625 257 1666 295 in
1687 270 1765 296 uno
1791 269 1929 310 genere

530 327 692 372 diutius,
737 335 775 364 et
805 326 858 363 ita
889 334 1021 362 caetera
1054 324 1099 362 de
1132 324 1301 362 oratione
1335 337 1420 361 mea
1451 323 1602 369 tollam,
1648 333 1691 362 ut
1725 333 1853 362 tamen
1887 323 1929 362 in

531 393 640 431 causa
658 393 888 444 relinquam.
920 389 1097 427 Audietis
1118 389 1478 441 Agrigentinorum,
1498 388 1792 428 fortifiimorum
1823 389 1928 427 viro-

530 473 633 504 rum,
665 457 1134 510 diligentiffimorumque,
1164 455 1448 507 querimonias:
1485 456 1735 508 cognoscetis,
1757 455 1928 507 Judices,

531 525 822 564 Entellinorum
843 523 986 560 summi
1014 522 1168 567 laboris,
1200 521 1438 573 summaeque
1467 521 1671 567 industriae,
1699 522 1872 561 dolorem
1891 531 1929 560 et

530 592 713 644 injurias:
748 589 1067 634 Heracliensium,
1090 588 1329 633 Gelensium,
1363 588 1651 626 Solentinorum
1680 589 1929 627 incommoda

530 657 800 711 proferentur:
845 655 1124 699 Catinenfium,
1155 654 1541 706 locupletissimorum
1571 653 1796 700 hominum,
1826 654 1927 692 ami-

530 723 849 773 ciffimorumque
881 733 988 773 agros
1029 728 1181 758 vexatos
1217 720 1264 757 ab
1295 720 1470 772 Apronio
1503 719 1766 772 cognoscetis:
1813 721 1927 771 Tyn-

531 790 770 832 daritanam,
815 787 1090 825 nobiliffimam
1126 786 1352 832 civitatem,
1385 785 1767 839 Cephaloeditanam,
1804 786 1927 824 Alen-

532 857 671 900 tinam,
704 851 1022 906 Apoll‘oniensem
1044 882 1055 897 ,
1087 853 1292 904 Engynam
1315 882 1325 897 ,
1367 853 1590 905 Capitinam
1612 881 1622 897 ‚
1660 852 1822 905 perditas
1858 851 1929 890 effe

529 921 600 960 hac
621 921 824 973 iniquitate
851 920 1101 957 decumarum
1133 919 1380 970 intelligetis:
1412 919 1692 970 Murgentinis,
1724 918 1926 963 Afforinis,

530 987 715 1031 Elorinis,
746 985 1002 1028 Emenfibus,
1045 984 1208 1028 Letinis,
1253 984 1351 1021 nihil
1384 984 1546 1022 omnino
1579 983 1783 1021 relictum:
1817 983 1927 1022 Cita-

529 1054 648 1098 rinos,
680 1051 911 1095 Acherinos,
957 1064 1159 1102 parvarum
1194 1050 1397 1088 civitatum
1426 1048 1620 1094 homines,
1662 1049 1824 1087 omnino
1858 1049 1927 1088 ab-

522 1120 644 1171 jectos
678 1117 749 1156 effe
779 1131 821 1155 ac
858 1117 1050 1170 perditos;
1088 1130 1223 1154 omnes
1255 1116 1421 1168 denique
1455 1130 1562 1169 agros
1596 1116 1828 1154 decumanos
1862 1129 1929 1168 per

526 1185 738 1223 triennium
773 1183 916 1236 populo
938 1183 1117 1220 Romano
1136 1196 1182 1220 ex
1209 1192 1314 1234 parte
1333 1182 1508 1226 decuma,
1540 1183 1589 1220 C.
1610 1182 1719 1219 Verri
1741 1195 1787 1220 ex
1818 1182 1927 1220 omni

528 1252 679 1302 reliquo
699 1249 900 1302 vectigales
932 1247 1069 1292 fuiffe;
1101 1257 1138 1285 et
1165 1248 1354 1300 plerisque
1388 1247 1595 1285 aratoribus
1632 1246 1731 1285 nihil
1765 1248 1927 1285 omnino

528 1316 775 1370 superfuiffe:
808 1316 834 1353 fi
856 1316 919 1353 cui
939 1314 1033 1366 quid
1064 1323 1129 1352 aut
1149 1314 1359 1359 remiffum,
1391 1323 1455 1351 aut
1476 1314 1652 1352 relictum
1674 1314 1731 1359 fit,
1759 1314 1799 1351 id
1819 1313 1928 1352 fuiffe

528 1393 696 1428 tantum,
727 1391 916 1434 quantum
950 1394 997 1419 ex
1017 1394 1075 1426 e0,
1112 1395 1190 1434 quo
1225 1381 1330 1419 istius
1360 1381 1513 1419 aVaritia
1546 1389 1726 1419 contenta
1745 1379 1834 1425 fuit,
1865 1394 1927 1419 re-

528 1449 721 1489 dundarit.

583 1515 732 1553 XLIV.
764 1515 942 1552 Duarum
963 1512 1062 1550 mihi
1083 1512 1285 1550 civitatum
1306 1512 1472 1565 reliquos
1503 1511 1578 1551 feci
1598 1525 1720 1565 agros,
1753 1512 1925 1563 Judices,

527 1581 606 1619 fere
625 1581 794 1633 optimos
814 1592 856 1617 ac
877 1579 1145 1623 nobiliffimos,
1167 1578 1407 1623 AEtnensem‚
1430 1587 1470 1616 etv
1487 1579 1739 1617 Leontinum.
1767 1579 1927 1617 Horum

526 1660 705 1700 agrorum
743 1659 814 1698 ego
848 1644 976 1683 miffos
1014 1643 1152 1682 faciam
1192 1644 1354 1696 quaestus
1385 1644 1571 1682 triennii:
1622 1658 1746 1682 unum
1780 1657 1926 1683 annum

526 1715 681 1767 eligam,
703 1727 781 1765 quo
800 1711 952 1749 facilius
981 1711 1034 1756 id,
1056 1711 1159 1763 quod
1179 1711 1341 1756 institui,
1374 1711 1562 1763 explicare
1582 1711 1734 1764 poflim.
1767 1712 1927 1750 Sumam

527 1794 673 1828 annum
694 1779 865 1823 tertium,
898 1778 1002 1830 quod
1021 1786 1058 1815 et
1079 1777 1354 1815 recentissimus
1375 1777 1441 1822 est,
1472 1787 1510 1815 et
1541 1778 1586 1816 ab
1618 1777 1687 1815 isto
1716 1777 1769 1815 ita
1800 1777 1925 1815 admi-

527 1846 718 1890 nistratus,
750 1853 807 1889 ut,
829 1857 919 1881 cum
941 1843 977 1880 se
996 1854 1096 1880 certe
1117 1842 1354 1880 deceffurum
1384 1842 1541 1887 videret,
1573 1857 1650 1881 non
1671 1843 1868 1887 laboraret,
1899 1842 1926 1881 fi

527 1921 712 1949 aratorem
735 1909 890 1947 nullum
910 1909 949 1945 in
972 1908 1100 1945 Sicilia
1114 1909 1277 1945 omnino
1296 1907 1389 1945 esset«
1404 1908 1616 1946 relicturus.
1646 1908 1741 1961 Agri
1757 1908 1925 1946 AEtnen-

527 1977 587 2021 fis,
609 1986 644 2014 et
666 1974 849 2012 Leontini
870 1974 1049 2011 decumas
1071 1987 1241 2025 agemus.
1278 1973 1491 2018 Attendite,
1514 1973 1684 2024 JudiCes,
1705 1973 1922 2026 diligenter.

527 2042 625 2094 Agri
645 2041 731 2078 sunt
752 2039 919 2084 feraces,
952 2053 1071 2076 annus
1092 2039 1224 2076 tertius
1242 2057 1253 2083 3
1286 2039 1519 2076 decumanus
1541 2039 1752 2091 Apronius.

583 2109 645 2146 De
665 2106 911 2144 AE-tnensibus
944 2119 1129 2158 perpauca
1159 2105 1301 2143 dicam.
1335 2105 1528 2143 Dixerunt
1561 2106 1666 2143 enim
1701 2105 1768 2158 ipfi
1800 2106 1925 2158 priore

527 2174 673 2212 aetione
707 2173 875 2225 publice.
936 2172 1132 2210 Memoria
1167 2172 1317 2216 tenetis,
1355 2172 1646 2211 Artemidorum
1683 2172 1922 2216 AEtnensem,

527 2239 728 2292 legationis
763 2239 845 2290 ejus
881 2238 1116 2289 principem,
1161 2238 1315 2289 publice
1351 2239 1500 2283 dicere,
1531 2239 1752 2291 Apronium
1789 2237 1925 2275 veniffe

528 2308 687 2344 Aitnam
715 2319 807 2343 cum
839 2304 1042 2349 Veneriis,
1080 2303 1221 2341 vocasse
1252 2305 1298 2342 ad
1328 2304 1363 2341 se
1390 2305 1679 2356 magistratum5
1713 2303 1921 2356 imperasse,-

529 2382 569 2410 ut
591 2373 629 2409 in
643 2371 728 2409 foro
748 2371 815 2408 fibi
838 2370 965 2408 medio
981 2370 1067 2407 leui
1086 2370 1337 2408 sternerentur
1354 2388 1366 2414 3
1389 2369 1563 2422 quotidie
1582 2369 1737 2407 solitum
1753 2368 1825 2407 effe
1845 2382 1923 2407 non

528 2438 645 2476 modo
667 2438 704 2475 in
725 2437 898 2490 publico,
931 2436 990 2474 scd
1019 2437 1134 2474 etiam
1167 2435 1213 2473 de
1233 2435 1405 2488 publico,
1441 2436 1633 2473 convivari
1655 2450 1663 2473 :
1696 2449 1787 2473 cum
1809 2435 1848 2473 in
1869 2436 1922 2473 eiS

526 2504 712 2542 conviviis
733 2502 961 2556 symphonia
980 2511 1143 2548 caneret,
1176 2501 1432 2555 maximisque
1451 2501 1602 2555 poculis
1635 2501 1921 2547 ministraretur,
