2201 2792
270 115 303 139 11

493 98 941 139 ORATIONUM
990 97 1548 135 CHRONOLOGIA.

312 182 523 256 ὓηιόολὲρηο
592 179 901 212 CONSULES
943 178 1083 211 ROM
1217 176 1667 210 ORATIONES.

349 247 357 255 ι
398 248 405 256 .
459 235 524 254 leel·-

327 300 398 343 684
456 302 499 346 33
553 297 598 343 ,Q
617 297 807 340 Horteffius.
1151 295 1221 329 Pro
1239 295 1294 329 M.
1314 272 1724 339 FONTEIO-di-xig—Tt

554 346 599 392 Q
617 346 757 380 Caecilius
774 346 918 380 Metellus
935 345 1088 380 Creticus.
1200 355 1265 390 pro
1281 345 1328 378 A.
1347 344 1590 379 CAECINA.

327 427 397 472 685
456 439 501 475 39
555 403 1127 473 {uz—T*—
1150 403 1275 411 “-

554 475 590 510 T.
608 474 745 510 Caecilius
759 474 914 508 Metellus.

327 553 398 591 686
456 569 504 601 40
555 557 590 589 C.
609 554 796 599 Calpurnius
813 554 896 599 Pifh.

558 605 603 638 M
607 605 627 637 ’.
645 604 763 637 Acilius
784 603 922 637 Glabrio.

328 684 397 730 687
457 696 500 728 41
557 685 610 718 M.
626 684 774 717 AEmilius
790 681 933 727 lapidus.
1155 683 1284 717 Praetor
1297 681 1482 716 CICERO
1496 682 1628 728 Legem
1642 682 1722 716 Ma-

557 732 598 766 L.
618 731 771 766 Volcatius
787 730 909 765 Tullus.
1201 730 1318 764 niliam
1340 729 1457 764 suasit:
1491 729 1580 764 dixit
1602 738 1636 764 et
1658 741 1722 776 pro

1199 779 1246 812 A.
1262 777 1531 813 CLUENTIO
1549 778 1720 813 AVITO.

329 859 398 894 688
458 873 504 904 42
558 860 598 893 L.
618 859 762 894 Aurelius
777 860 881 893 Cotta.

559 909 599 942 L.
619 907 765 942 Manlius
783 907 971 953 Torquatus.

331 988 400 1034 689
460 1001 504 1034 43
559 990 597 1023 L.
617 987 727 1032 Julius
746 987 860 1031 Caesar.
1149 965 1276 972 —

558 1038 594 1071 C.
612 1038 758 1070 Marcius
776 1035 919 1080 Figulus.

331 1114 403 1162 690
459 1129 508 1160 44
563 1118 611 1151 M.
640 1116 836 1150 TULIUS
863 1093 1130 1148 elffii-³5.—
1151 1115 1309 1160 Agrariae
1327 1125 1403 1148 tres.

559 1165 593 1200 C.
613 1166 768 1200 Antonius
790 1162 907 1208 Nepos.
1151 1163 1222 1216 Prq
1245 1163 1285 1216 C.
1305 1162 1538 1204 RABIRIO,
1566 1162 1721 1208 perduel-

1154 1210 1531 1300 ΙηιὲἓιῗῖῗΪΝΑΜ,
1559 1267 1720 1306 quatuor.

1152 1308 1220 1341 Pro
1245 1307 1291 1341 L.
1312 1307 1552 1342 MURENA.

333 1389 399 1436 691
461 1402 508 1436 45
565 1391 606 1424 D.
625 1392 739 1435 Junius
759 1391 890 1422 Silanus.
1003 1364 1130 1372 *-
1153 1388 1220 1422 Pro
1247 1388 1286 1422 P.
1307 1388 1456 1422 CORN.
1476 1388 1582 1434 Sylla.

562 1438 601 1472 L.
621 1439 763 1472 Licinius
780 1439 931 1471 Murena.

335 1515 403 1564 692
462 1519 509 1562 46
563 1520 615 1552 M.
634 1518 756 1562 Pupius
774 1518 855 1562 Piso.
1009 1495 1130 1501 ’-
1152 1517 1220 1550 Pro
1247 1516 1459 1550 ARCHIA
1486 1517 1601 1552 Poeta.

561 1569 614 1601 M.
634 1566 780 1600 Valerius
798 1564 941 1611 Nleffala.

335 1643 404 1692 693
462 1657 509 1691 47
563 1646 606 1692 Q
627 1646 766 1681 Caeeilius
786 1646 926 1680 Metellus
943 1645 1040 1680 Celer.

563 1696 601 1729 L.
618 1696 649 1729 A
665 1697 781 1729 ramus.

335 1773 407 1820 694
465 1776 508 1817 48
562 1776 596 1809 c.
616 1776 721 1821 Julius
742 1775 857 1820 caesar.
1039 1753 1134 1759 —
1157 1775 1222 1808 Ρη)
1249 1774 1293 1807 L.
1316 1773 1527 1807 FLACCO.

562 1826 616 1858 M.
635 1823 827 1868 Calpurnius
844 1821 984 1857 Bibulus.

336 1901 406 1947 695
464 1914 509 1948 49
565 1905 604 1937 A.
624 1904 785 1937 Gabinius.

563 1952 604 1985 L.
624 1952 808 1996 Calpurnius
827 1950 898 1995 Piso
916 1950 1098 1995 Caesoninus.

337 2029 406 2077 696
466 2041 512 2076 50
565 2032 604 2066 Ρ.
623 2033 713 2066 Corn.
735 2031 886 2065 Lentulus
904 2031 1052 2076 Spinther.
1155 2031 1208 2064 De
1225 2030 1352 2063 Redito
1373 2029 1443 2070 sim,
1469 2040 1502 2064 et
1529 2031 1560 2064 in
1586 2032 1724 2073 Senatu,

562 2081 606 2125 ,(29
627 2080 768 2114 Caecilius
788 2078 939 2113 Metellus
958 2078 1064 2123 Nepos
1203 2088 1235 2112 ct
1253 2078 1293 2111 ad
1314 2078 1480 2124 Quirites,

1158 2127 1224 2160 Pro
1243 2127 1359 2160 Domo
1378 2126 1446 2167 sua,
1474 2126 1515 2160 ad
1535 2127 1694 2161 Pontific.

334 2192 402 2238 697
466 2204 505 2236 5¹
545 2177 617 2233 ¹Cn.
636 2197 794 2231 Cornelius
811 2194 960 2229 Lentulus
980 2194 1118 2229 „Warccl-
1157 2182 1717 2241 W

609 2246 701 2279 linus.
1158 2242 1222 2275 Pro
1251 2242 1287 2275 P.
1315 2242 1521 2277 SEXTIO.

562 2295 602 2329 L.
618 2294 766 2328 Marcius
784 2292 955 2336 Philippus.
1158 2290 1195 2323 In
1225 2290 1289 2323 VA
1296 2291 1351 2324 '1'1
1362 2291 1393 2324 N
1406 2292 1417 2324 1
1428 2291 1463 2325 U
1475 2292 1530 2325 M.

1155 2336 1212 2367 Pro
1236 2336 1273 2367 L.
1291 2337 1535 2370 CORNELIO
1560 2337 1726 2370 BALBO.

1155 2381 1206 2413 De
1225 2380 1414 2414 Provinciis
1432 2381 1691 2417 Consularibus.

1154 2429 1221 2463 Pro
1247 2429 1302 2464 M.
1322 2429 1399 2464 CAE
1409 2429 1505 2465 LIO.
