2201 2792
631 237 920 277 ACTIO
991 235 1299 274 PRIMA.
1598 251 1669 290 143

262 339 454 392 populum
482 339 724 383 Romanurn,
755 351 849 376 cum
879 337 920 375 in
949 336 1117 382 avaritia,
1149 335 1299 380 scelere,
1331 333 1496 386 perjurio
1519 346 1584 372 vos
1616 335 1672 372 sui

263 405 404 444 fimiles
425 404 495 443 effe
514 405 732 444 arbitretur.
790 430 793 431 ν

318 473 410 511 XV.
443 472 522 511 Cui
552 472 654 518 loco,
685 485 751 525 per
772 472 877 510 Deos
910 470 1165 514 immortales,
1188 469 1359 521 Judices,
1395 467 1598 512 consulite,
1631 480 1672 504 ac

262 539 473 591 providete.
519 540 683 584 Moneo,
715 538 961 592 praedicoque
991 537 1046 582 id,
1079 536 1182 588 quod
1204 536 1396 588 intelligo,
1426 544 1579 587 tempus
1599 547 1672 586 op-

262 605 580 657 portuniffimum
601 605 708 643 vobis
729 604 806 643 hoc
828 604 1012 642 divinitus
1034 603 1170 641 datum
1190 602 1275 648 effe,
1309 612 1352 640 ut
1378 602 1482 646 odio,
1516 601 1673 644 invidia,

263 670 437 715 infamia,
461 671 699 724 turpitudine
720 680 849 709 totum
869 670 1048 708 ordinem
1068 669 1254 707 liberetis.
1302 669 1425 707 Nulla
1455 669 1495 705 in
1516 668 1674 720 judiciis

265 735 452 782 severitas,
485 738 594 776 nulla
626 737 776 789 religio,
807 736 915 774 nulla
934 736 1102 788 denique
1129 737 1214 788 jam
1235 735 1502 773 existimantur
1522 733 1674 785 effeju-

265 802 389 842 dicia:
412 805 542 857 itaque
562 818 583 842 a
596 804 743 857 populo
758 804 939 841 Romano
955 803 1261 847 contemnimur,
1276 802 1533 855 despicimur3
1557 800 1676 853 gravi,

267 868 523 923 diuturnaque
537 871 621 923 jam
640 870 844 924 flagramus
865 869 1038 908 infamia.
1062 870 1204 922 Neque
1223 869 1331 908 enim
1352 869 1471 907 ullam
1492 868 1606 906 aliam
1626 868 1677 905 ob

268 935 419 973 causam
450 937 616 988 populus
648 937 851 975 Romanus
883 936 1129 974 tribunitiam
1160 935 1385 988 potestatem
1416 945 1523 974 tanto
1555 934 1680 973 studio

271 1001 495 1052 requifivit3
527 1014 646 1053 quam
666 1015 759 1038 cum
778 1001 970 1053 poscebat,
1003 1002 1120 1040 verbo
1152 1001 1261 1039 illam
1294 1002 1445 1054 poscere
1465 1002 1677 1047 videbatur,

271 1079 311 1103 re
331 1067 417 1104 vera
431 1067 578 1118 judicia
596 1066 788 1120 poscebat.
826 1067 969 1119 Neque
989 1066 1064 1105 hoc
1086 1067 1367 1117 QCatulum,
1398 1068 1601 1107 hominem
1622 1069 1679 1107 sa-

269 1131 550 1183 pientiffimum
570 1142 685 1184 atque
704 1132 983 1184 ampliffimum
1015 1131 1131 1184 fugit,
1163 1133 1245 1184 qui,
1270 1134 1344 1171 Cn.
1370 1134 1570 1187 PompeiO,
1598 1136 1680 1174 viro

269 1195 474 1234 fortiffimo
506 1206 545 1234 et
578 1197 796 1242 clariffimo,
828 1198 875 1234 de
906 1198 1109 1235 tribunitia
1143 1199 1326 1250 potestate
1352 1199 1550 1245 referente,
1587 1215 1681 1240 cum

271 1261 361 1300 esset
381 1262 608 1301 sententiam
629 1272 797 1316 rogatus,
833 1261 909 1300 hoc
932 1263 1047 1301 initio
1078 1262 1131 1300 est
1150 1263 1303 1302 summa
1336 1277 1428 1302 cum
1458 1267 1682 1305 auetoritate

269 1328 358 1368 usus
375 1349 387 1375 3
419 1331 557 1369 Patres
576 1331 789 1383 cotffcriptos
795 1329 937 1382 judicia
955 1331 1044 1369 male
1072 1340 1108 1368 et
1127 1331 1309 1384 flagitiost’
1328 1332 1450 1370 tueri:
1482 1333 1576 1385 quod
1581 1335 1624 1386 st
1645 1335 1682 1373 ilz

255 1394 376 1435 ⁴rebus
382 1396 588 1448 judicandis
599 1397 728 1448 populi
742 1396 899 1435 Romani
914 1396 1382 1451 exstimationistztiffacere
1397 1399 1592 1451 υοίιιξβὲηί,
1614 1416 1683 1439 noaz

270 1470 458 1514 tantopere
476 1462 628 1500 homines
643 1461 755 1514 suff
788 1462 1017 1500 tribunitiam
1042 1462 1250 1514 potssateitz
1283 1463 1550 1515 defideraturos.
1602 1467 1684 1520 Ipse

270 1527 439 1581 denique
460 1529 536 1567 Cn.
554 1529 777 1581 Pompeius,
792 1542 884 1567 cum
905 1526 1080 1581 primum
1099 1530 1329 1568 concionem
1351 1529 1396 1568 ad
1417 1531 1555 1570 urbem
1573 1534 1686 1573 Con-

271 1594 327 1632 sul
348 1595 564 1647 designatus
584 1594 736 1640 habuit,
766 1595 834 1633 ubi
857 1595 915 1647 (id
936 1595 1041 1648 quod
1061 1596 1232 1634 maxime
1253 1598 1444 1650 expectari
1463 1598 1681 1652 videbatur)

271 1659 451 1705 ostendit,
485 1660 521 1698 se
541 1660 786 1700 tribunitiam
806 1661 1033 1712 potestatem
1054 1660 1335 1705 restituturum,
1363 1661 1486 1700 factus
1508 1663 1560 1701 est
1579 1665 1619 1702 in
1639 1679 1686 1703 eo

274 1726 467 1780 strepitus,
498 1736 536 1765 et
555 1736 660 1780 grata
680 1727 880 1766 concionis
900 1726 1222 1765 admurmuratio.
1247 1727 1355 1765 Idem
1376 1728 1415 1765 in
1437 1729 1569 1767 eadem
1586 1744 1683 1769 con-

273 1792 386 1831 cione
416 1807 508 1832 cum
543 1792 707 1837 dixisset,
740 1794 940 1846 Populatas
959 1795 1176 1846 vexatasque
1206 1793 1265 1846 ‘ff’
1288 1794 1524 1845 provinciam
1543 1795 1685 1847 judicia

273 1868 393 1898 autem
413 1860 539 1913 turpia
557 1868 593 1898 et
599 1860 786 1913 flagitiostz
789 1859 906 1911 fleri,
930 1860 964 1897 ei
979 1859 1082 1912 reist
1093 1858 1300 1911 providere,
1317 1874 1360 1898 ac
1377 1861 1549 1913 consulere
1569 1864 1657 1901 velle
1670 1883 1681 1909 ς

274 1935 360 1963 tum
381 1939 471 1964 ver-o
491 1939 570 1964 non
590 1924 762 1978 strepitu,
792 1925 854 1963 sed
876 1925 1050 1963 maximo
1069 1924 1250 1970 clamore,
1274 1924 1378 1964 suam
1399 1927 1566 1979 populus
1599 1930 1684 1967 Ro-

274 2005 411 2031 manus
431 1992 658 2046 significavit
681 1992 937 2030 voluntatem.

302 2058 415 2096 XVI.
438 2059 560 2096 Nunc
581 2066 712 2096 autem
732 2057 911 2096 homines
933 2058 971 2095 in
994 2057 1155 2110 speculis
1177 2056 1289 2103 sunt3
1312 2058 1526 2105 observant,
1545 2075 1684 2113 quem·

275 2123 487 2162 admodum
507 2123 579 2161 sese
599 2123 862 2176 unusquisque
883 2123 1048 2161 vestrum
1069 2132 1175 2176 gerat
1206 2124 1246 2161 in
1268 2125 1465 2163 retinenda
1486 2127 1684 2180 religione,

276 2188 615 2242 conservandisque
640 2188 806 2242 legibus.
841 2189 1000 2234 Vident,
1033 2188 1159 2228 adhuc
1179 2190 1263 2242 post
1283 2190 1410 2244 legem
1441 2193 1685 2230 tribunitiam

276 2268 401 2294 unum
422 2254 633 2294 senatorem
654 2256 713 2293 vel
736 2255 1002 2294 tenuiffimum
1022 2255 1093 2294 effe
1125 2255 1377 2296 damnatum:
1411 2259 1516 2310 quod
1537 2257 1685 2296 tametfi

277 2333 356 2359 non
376 2320 676 2374 reprehendunt,
699 2331 828 2360 tamen
852 2335 1085 2375 magnopere
1106 2323 1212 2375 quod
1234 2323 1404 2367 laudent,
1427 2337 1505 2360 non
1526 2322 1684 2361 habent.

280 2387 405 2425 Nulla
432 2387 486 2426 est
504 2389 612 2426 enim
644 2388 740 2433 laus,
772 2380 835 2426 ibi
859 2388 930 2426 effe
951 2389 1163 2441 integrum,
1199 2389 1268 2427 ubi
1289 2402 1404 2426 nemo
1425 2388 1490 2433 est,
1523 2388 1591 2441 qui
1623 2398 1688 2428 aut

281 2452 406 2504 poffit,
428 2462 493 2491 aut
512 2463 673 2492 conetur
693 2468 953 2508 corrumpere.
988 2455 1078 2492 Hoc
1099 2455 1152 2491 est
1166 2454 1377 2504 judicium,
1401 2454 1440 2490 in
1457 2468 1535 2506 quo
1555 2469 1620 2493 vos
1642 2456 1688 2492 de

282 2530 359 2561 reo,
390 2519 555 2570 populus
578 2521 779 2558 Romanus
806 2521 854 2558 de
884 2520 993 2559 vobis
1018 2520 1225 2571 judicabit.
1273 2520 1318 2557 In
1338 2518 1414 2558 hoc
1433 2519 1594 2560 homine
1613 2521 1687 2559 sta-

281 2592 424 2628 tuetur,
458 2584 632 2636 possitne,
661 2585 896 2624 senatoribus
923 2585 1204 2637 judicantibus,
1241 2584 1362 2624 homo
1383 2587 1687 2632 nocentiffimus,

366 2650 438 2689 To
456 2661 507 2688 M.
540 2649 612 2688 IV.
1349 2653 1387 2690 T
