2201 2792
512 220 590 260 354
939 206 1029 246 IN
1097 206 1477 248 VERREM

564 304 759 357 Magnum
780 304 910 343 videor
929 304 1081 344 dicere:
1114 304 1298 343 attendite
1328 305 1460 350 etiam,
1492 302 1822 357 quemadmodum
1842 302 1904 341 di-

509 380 725 415 cam3'no'n
746 371 851 409 enim
874 371 992 414 verbi,
1015 383 1139 422 neque
1163 371 1337 408 criminis
1357 371 1521 424 augendi
1541 370 1649 409 causa
1667 369 1905 422 compleEtor

509 439 653 476 omnia.
691 439 794 475 Cum
816 437 917 481 dico,
939 436 1039 474 nihil
1060 437 1174 474 istum
1195 437 1531 488 ejusmodi·rerum
1550 437 1591 475 in
1611 445 1691 476 tota
1709 436 1906 489 provincia

509 503 711 555 reliquisse,
742 503 880 541 Latine
900 516 962 540 me
982 502 1129 547 scitote,
1161 515 1237 540 non
1258 502 1487 540 accusatorie
1517 503 1639 555 loqui.
1670 503 1802 541 Etiam
1821 502 1906 554 pla-

510 570 620 608 nius:
654 569 754 608 nihil
785 570 825 607 in
846 569 989 606 aedibus
1010 569 1267 620 cujusquam,
1284 582 1331 607 ne
1352 569 1391 606 in
1412 569 1565 622 oppidis
1586 568 1744 621 quidem
1762 587 1773 613 3
1806 566 1905 605 nihil

510 636 550 672 in
572 636 665 673 locis
687 635 977 679 communibus,
1009 648 1056 672 ne
1077 635 1116 672 in
1138 633 1234 671 fanis
1255 634 1442 685 quidem;
1474 633 1574 672 nihil
1594 634 1695 686 apud
1715 633 1905 676 Siculum,

510 701 609 739 nihil
644 702 745 755 apud
778 701 903 738 civem
939 701 1192 744 Romanum3
1236 700 1402 752 denique
1433 699 1531 737 nihil
1562 700 1693 745 istum,
1726 699 1833 752 quod
1861 698 1907 736 ad

510 769 658 813 oculos,
680 768 934 818 animumque
954 766 1147 811 acciderit,
1179 765 1474 819 neque'privati,
1505 780 1628 818 neque
1648 766 1811 819 publici,
1837 778 1906 803 ne-

510 849 584 887 que
606 834 769 888 profani,
792 847 917 886 neque
948 833 1054 877 sacri,
1087 842 1165 871 tota
1185 833 1225 870 in
1258 833 1385 870 Sicilia
1405 832 1608 885 reliquisse.
1654 832 1768 870 Unde
1788 832 1908 884 igitur

509 902 638 953 potius
671 901 872 953 incipiam,
904 913 1022 952 quam
1042 901 1088 938 ab
1109 913 1151 937 ea
1178 900 1346 943 civitate,
1378 913 1462 950 quae
1482 899 1554 937 tibi
1589 912 1663 937 una
1692 899 1732 937 in
1763 912 1906 943 amore,

510 976 625 1019 atque
658 968 698 1004 in
732 966 879 1004 deliciis
910 965 987 1003 fuit
1006 966 1017 1002 ?
1049 975 1113 1002 aut
1146 979 1192 1003 ex
1227 979 1305 1017 quo
1335 966 1464 1017 potius
1501 978 1677 1009 numero,
1709 978 1827 1017 quam
1860 977 1907 1001 ex

511 1033 598 1085 ipsis
620 1032 877 1070 laudatoribus
903 1031 977 1069 tuis
997 1030 1009 1066 ?
1046 1030 1215 1068 Facilius
1246 1030 1352 1067 enim
1373 1029 1633 1082 perspicietur,
1655 1030 1778 1082 qualis
1806 1030 1907 1081 apud

510 1113 572 1137 eos
594 1098 725 1144 fueris,
746 1098 814 1150 qui
836 1107 872 1135 te
891 1097 1069 1141 oderunt,
1091 1097 1159 1149 qui
1179 1096 1370 1140 accusant,
1391 1097 1459 1148 qui
1479 1096 1782 1149 persequuntur;
1815 1110 1908 1134 cum

511 1166 611 1218 apud
632 1174 716 1203 tuos
738 1164 996 1202 Mamertinos
1025 1163 1217 1201 inveniare
1243 1162 1523 1216 improbiflima
1553 1163 1698 1201 ratione
1718 1162 1790 1200 effe
1809 1176 1907 1216 prae-

512 1232 635 1270 datus.
686 1245 691 1246 ⁷

566 1298 620 1335 ΙΙ.
654 1298 701 1335 C.
726 1297 851 1334 Heius
883 1295 935 1333 est
956 1295 1216 1333 Mamertinus
1240 1294 1391 1346 (omnes
1411 1294 1486 1333 hoc
1513 1293 1614 1332 mihi
1630 1293 1746 1332 ‘facile
1766 1307 1906 1333 conce-

511 1364 616 1409 dent,
638 1364 705 1416 qui
727 1362 940 1400 Messanam
961 1360 1208 1413 accesserunt)
1241 1361 1424 1398 omnibus
1446 1361 1557 1399 rebus
1587 1361 1628 1399 in
1658 1361 1724 1398 ill‘a
1753 1362 1908 1399 civitate

510 1429 780 1467 ornatisfimus.
813 1429 944 1480 Hujus
979 1427 1117 1465 domus
1150 1427 1202 1465 est
1233 1427 1290 1465 vel
1320 1427 1469 1480 optima
1489 1426 1682 1472 Mefl‘anae,
1716 1427 1908 1465 notiffima

511 1496 669 1547 quidem
690 1504 804 1538 certe,
827 1503 864 1531 et
885 1493 1017 1531 nostris
1038 1493 1266 1531 hominibus
1287 1493 1528 1545 apertiffima,
1551 1494 1796 1545 maximeque
1816 1493 1906 1531 hos-

511 1562 652 1615 pitalis.
692 1562 749 1599 Ea
776 1561 913 1599 domus
945 1569 1031 1597 ante
1051 1560 1260 1597 adventum
1281 1559 1386 1597 istius
1406 1559 1456 1597 fic
1476 1568 1607 1597 ornata
1626 1558 1716 1604 fuit,
1753 1569 1795 1598 ut
1820 1560 1907 1597 urbi

510 1642 668 1680 quoque
687 1626 774 1665 esset
794 1635 1021 1664 ornamento
1039 1641 1048 1663 ε
1073 1639 1161 1663 nam
1182 1625 1261 1678 ipsa
1277 1624 1461 1671 Messana,
1483 1639 1567 1678 quae
1588 1626 1672 1670 fitu,
1695 1627 1905 1671 moenibus,

509 1704 701 1747 portuque
734 1701 865 1730 ornata
895 1692 953 1737 fit,
983 1691 1030 1729 ab
1064 1691 1123 1729 his
1145 1692 1271 1736 rebus,
1305 1691 1447 1744 quibus
1480 1691 1546 1729 iste
1576 1691 1795 1737 delectatur,
1823 1692 1908 1731 sane

510 1773 640 1809 meua,
662 1769 775 1811 atque
796 1758 898 1796 nuda
916 1757 982 1795 est.

565 1828 658 1864 Erat
678 1825 778 1878 apud
799 1824 948 1862 Heium
969 1823 1171 1861 sacrarium
1192 1836 1331 1875 magna
1361 1836 1453 1861 cum
1479 1823 1666 1875 dignitate
1686 1823 1727 1860 in
1748 1822 1907 1868 aedibus,

510 1907 530 1929 a
549 1892 759 1944 majoribus
780 1889 977 1932 traditum,
1010 1889 1309 1940 perantiquum:
1342 1888 1382 1925 in
1415 1901 1493 1940 quo
1524 1888 1627 1940 figna
1647 1887 1909 1940 pulcherrima

510 1968 685 2010 quatuor,
704 1957 856 1994 summo
871 1954 1046 1998 artificio,
1062 1953 1212 1992 summa
1228 1954 1453 1998 nobilitate;
1473 1968 1556 2007 quae
1570 1967 1646 1991 non
1665 1954 1780 1992 modo
1792 1954 1908 1993 istum

510 2025 727 2067 hominem,
749 2020 1005 2073 ingeniosum,
1023 2030 1136 2072 atque
1155 2020 1455 2072 intelligentem,
1476 2033 1608 2058 verum
1630 2021 1745 2058 etiam
1767 2035 1908 2073 quem-

510 2092 566 2129 vis
587 2090 775 2132 nostrum,
797 2100 893 2138 quos
914 2087 981 2124 iste
1003 2087 1137 2124 idiotas
1169 2086 1349 2139 appellat,
1376 2086 1559 2124 delectare
1579 2086 1750 2139 possent:
1784 2101 1909 2126 unum

511 2156 732 2210 Cupidinis,
754 2166 1027 2197 marmoreum,
1047 2153 1247 2190 Praxitelis
1265 2168 1273 2190 ε
1297 2153 1504 2204 (nimirum
1523 2153 1642 2190 didici
1660 2153 1791 2198 etiam,
1811 2154 1906 2191 dum

511 2224 550 2260 in
573 2221 688 2259 istum
709 2219 877 2270 inquiro,
915 2217 1107 2255 artificum
1127 2218 1303 2269 nomina)
1326 2217 1444 2262 idem,
1473 2219 1622 2270 opinor,
1650 2217 1787 2256 artifex
1807 2218 1906 2269 ejus·

511 2290 600 2327 dem
622 2286 728 2325 modi
742 2284 980 2336 Cupidinem
1001 2282 1093 2320 fecit
1113 2283 1242 2328 illum,
1260 2284 1328 2335 qui
1347 2284 1400 2321 est
1412 2283 1607 2335 Thespiis,
1622 2292 1778 2335 propter
1791 2297 1908 2334 quem

511 2353 690 2406 Thespiae
711 2351 905 2390 visuntur:
939 2363 1027 2386 nam
1061 2349 1132 2386 alia
1151 2348 1296 2386 visendi
1326 2349 1436 2386 causa
1455 2349 1560 2386 nulla
1590 2348 1656 2386 est.
1689 2349 1821 2400 Itaque
1841 2349 1907 2387 ille

511 2421 559 2458 L.
584 2417 822 2461 Mummius,
845 2429 936 2453 cum
958 2413 1138 2466 Thespiis
1159 2427 1214 2458 ea,
1243 2427 1328 2465 quae
1358 2414 1404 2451 ad
1424 2414 1544 2451 aedem
1574 2413 1784 2452 Felicitatis
1806 2414 1905 2460 sunt,

511 2494 718 2535 caeteraque
738 2480 894 2535 profana
914 2494 960 2518 ex
980 2479 1048 2517 illo
1068 2478 1211 2532 oppido
1224 2479 1327 2531 signa
1347 2478 1510 2523 tolleret,
1525 2478 1629 2518 hunc
1646 2492 1906 2518 marmoreum

512 2550 763 2603 Cupidinem,
787 2547 889 2601 quod
911 2556 987 2585 erat
1008 2546 1260 2592 consecratus,
1282 2559 1358 2584 non
1379 2545 1522 2598 attigit.
