2201 2792
443 196 497 237 74
960 186 1318 225 ORATIO

443 284 516 322 tibi
550 283 773 337 potestatem
801 283 953 330 faciam,
984 284 1043 323 vel
1076 284 1206 329 etiam,
1237 286 1264 323 fi
1295 285 1391 338 quid
1420 285 1540 332 voles,
1570 285 1842 338 interrogandi.

484 351 695 401 Qomodo
724 351 895 389 occidit?
927 351 1004 404 ipse
1029 351 1221 403 percussit,
1252 364 1300 389 an
1320 352 1403 389 aliis
1423 352 1683 390 occidendum
1703 351 1809 390 dedit
1827 352 1841 389 ?

442 417 480 455 Si
501 416 628 469 ipsum
648 417 789 469 arguis,
811 418 949 455 Romae
969 431 1047 455 non
1066 416 1156 455 fuit.
1190 417 1227 455 Si
1248 431 1314 470 per
1332 417 1425 456 alios
1444 416 1570 456 feciffe
1589 418 1711 463 dicis3
1733 431 1841 470 quae-

441 497 497 528 ro,
529 483 711 529 servosne,
741 497 789 521 an
815 483 986 521 liberos?
1031 497 1128 535 quos
1160 483 1370 522 homines?
1412 484 1636 522 indidemne
1667 484 1841 528 Ameria,

440 563 487 588 an
507 549 620 588 hosce
639 563 686 588 ex
707 550 800 588 urbe
820 550 995 588 ficarios?
1028 550 1066 588 Si
1085 549 1245 588 Ameria
1260 569 1270 595 ς
1292 551 1361 603 qui
1382 550 1469 588 sunt
1489 549 1559 588 hi?
1581 564 1650 588 cur
1670 563 1748 588 non
1767 563 1842 588 no-

440 616 666 654 minantur?
698 616 736 654 Si
768 615 920 660 Romfi3
951 616 1052 653 unde
1080 629 1142 654 eos
1168 625 1324 654 noverat
1356 616 1534 662 Roscius,
1570 616 1640 668 qui
1670 616 1842 653 Romam

441 681 576 720 multis
597 681 705 720 annis
726 695 805 720 non
823 683 941 727 venit,
965 695 1089 735 neque
1110 695 1283 735 unquam
1299 683 1386 735 plus
1407 682 1536 721 triduo
1554 681 1658 720 fuit?
1691 681 1759 719 ubi
1777 694 1841 719 eos

439 749 650 787 convenit?
680 748 845 801 quicum
875 749 1028 787 locutus
1058 749 1140 787 est?
1183 749 1382 802 quomodo
1415 749 1624 803 persuasit?
1665 748 1841 787 Pretium

439 815 575 853 dedit?
605 815 670 853 cui
701 815 806 852 dedit
824 816 837 852 ?
868 829 935 868 per
953 829 1071 868 quem
1092 816 1197 854 dedit
1218 818 1229 853 ?
1262 817 1378 861 unde,
1409 826 1474 854 aut
1493 825 1684 868 quantum
1705 813 1839 852 dedit?

439 880 584 918 Nonne
603 879 663 918 his
684 880 848 933 vestigiis
880 882 926 918 ad
946 891 1061 934 caput
1080 882 1262 920 maleficii
1293 883 1481 934 perveniri
1502 882 1622 920 solet?
1655 882 1707 918 Et
1727 879 1840 917 simul

438 946 511 983 tibi
545 947 585 984 in
621 955 793 984 mentem
824 947 966 991 veniat,
997 946 1128 992 facito,
1159 948 1493 999 quemadmodum
1525 948 1645 985 vitam
1680 945 1841 996 hujusce

437 1012 654 1064 depinxeris
672 1027 681 1050 :
716 1011 823 1050 hunc
849 1011 1053 1050 hominem
1072 1012 1200 1050 ferum
1227 1022 1340 1063 atque
1359 1012 1544 1064 agrestem
1564 1011 1673 1050 fuiffe
1691 1026 1700 1049 ε
1736 1024 1840 1048 nun-

437 1090 556 1129 quam
575 1091 668 1116 cum
688 1076 849 1116 homine
869 1077 1037 1130 quodam
1058 1077 1300 1116 collocutum
1318 1077 1401 1123 effe,
1416 1091 1617 1130 nunquam
1634 1078 1675 1115 in
1695 1076 1841 1129 oppido

437 1143 652 1182 constitiffe.

492 1210 582 1259 Qa
610 1209 651 1246 in
672 1221 711 1246 re
729 1216 910 1260 praetereo
939 1206 1052 1251 illud,
1083 1208 1188 1258 quod
1215 1205 1315 1244 mihi
1341 1208 1515 1245 maximo
1545 1216 1772 1259 argumento
1792 1207 1839 1244 ad

435 1274 551 1326 hujus
572 1274 834 1311 innocentiam
855 1281 1003 1326 poterat
1023 1272 1108 1317 effe,
1131 1273 1172 1310 in
1192 1273 1341 1311 rusticis
1363 1273 1551 1318 moribus,
1577 1273 1616 1310 in
1638 1273 1741 1311 vistu
1761 1273 1838 1310 ari-

435 1340 499 1384 do,
521 1340 561 1378 in
581 1339 652 1377 hac
672 1338 826 1376 horrida
845 1338 1069 1391 incultaque
1088 1338 1179 1383 vita,
1201 1339 1414 1377 istiusmodi
1435 1338 1628 1377 maleficia.
1638 1338 1747 1391 gigni
1761 1351 1839 1376 non

436 1406 565 1444 solere.
597 1406 655 1443 Ut
675 1418 753 1443 non
773 1418 934 1443 omnem
952 1403 1120 1457 frugem,
1138 1418 1261 1457 neque
1280 1405 1454 1443 arborem
1476 1406 1515 1442 in
1536 1405 1645 1443 omni
1666 1417 1756 1457 agro
1776 1417 1837 1442 re-

434 1473 555 1524 perire
575 1471 712 1524 poffis;
735 1471 785 1509 fic
805 1485 883 1509 non
903 1484 1019 1509 omne
1033 1469 1183 1509 facinus
1203 1471 1244 1509 in
1263 1471 1373 1510 omni
1389 1471 1465 1509 vita
1480 1470 1658 1509 nascitur.
1681 1471 1727 1508 In
1744 1470 1839 1508 urbe

435 1536 602 1574 luxuries
623 1544 771 1573 creatur
788 1550 797 1573 :
829 1548 877 1574 ex
905 1536 1056 1574 luxuria
1076 1536 1209 1574 existat
1228 1536 1382 1575 avaritia
1407 1535 1551 1574 necesse
1571 1535 1623 1573 est
1641 1549 1650 1573 :
1682 1548 1729 1573 ex
1748 1548 1836 1572 ava-

434 1602 518 1640 ritia
537 1611 715 1654 erumpat
734 1600 888 1639 audacia
903 1615 911 1640 :
933 1601 1023 1639 inde
1041 1602 1174 1639 omnia
1193 1601 1329 1640 scelera
1344 1615 1385 1640 ac
1401 1601 1590 1640 maleficia
1605 1602 1835 1654 gignuntur.

432 1668 525 1705 Vita
543 1677 673 1706 autem
703 1667 785 1705 haec
816 1667 966 1712 rustica,
997 1681 1115 1719 quam
1146 1677 1188 1715 tu
1212 1668 1394 1720 agrestem
1426 1681 1551 1712 vocas,
1584 1666 1836 1720 parsimoniae,

434 1734 657 1786 dihgenfiae,
673 1733 830 1786 justitiae
851 1732 1028 1785 magistra
1047 1733 1112 1771 est.
1148 1733 1294 1772 Verum
1314 1732 1396 1772 haec
1418 1733 1524 1772 miffa
1543 1732 1657 1772 facio.

487 1800 681 1839 XXVIII.
714 1799 817 1837 Illud
837 1813 992 1851 quaer03
1022 1800 1053 1837 is
1073 1798 1209 1845 homo,
1231 1801 1315 1852 qui,
1337 1809 1380 1839 ut
1401 1809 1482 1838 tute
1501 1800 1612 1844 dicis,
1634 1811 1835 1850 nunquam

433 1868 531 1905 inter
551 1866 729 1904 homines
750 1865 880 1909 fuerit,
902 1879 969 1917 per
989 1879 1084 1916 quos
1104 1865 1283 1903 homines
1305 1865 1380 1904 hoc
1400 1875 1552 1904 tantum
1573 1864 1736 1908 facinus,
1754 1873 1834 1902 tam

432 1932 647 1976 occultum,
664 1929 794 1968 absens
810 1929 1032 1982 praesertim,
1050 1930 1238 1969 conficere
1261 1931 1428 1983 potuerit
1444 1932 1456 1968 ?
1480 1931 1611 1969 Multa
1626 1931 1713 1968 sunt
1729 1929 1832 1974 falsa,

432 1999 605 2050 Judices,
622 2011 708 2049 quae
729 2005 858 2035 tamen
880 1996 986 2049 argui
1007 1996 1206 2049 suspiciose
1227 1997 1391 2050 poffunt.
1425 1998 1469 2035 In
1491 1996 1550 2035 his
1573 1998 1683 2035 rebus
1705 1997 1730 2035 s1
1753 1996 1832 2034 sus-

434 2065 535 2117 picio
555 2072 700 2116 reperta
716 2063 801 2107 erit,
823 2062 979 2115 culpam
1000 2063 1113 2101 ineffe
1132 2064 1357 2102 concedam.
1401 2065 1538 2102 Romae
1559 2064 1645 2102 Sex.
1668 2062 1832 2101 Roscius

432 2131 636 2175 occiditur,
667 2143 759 2167 cum
780 2130 819 2167 in
841 2142 930 2181 agro
951 2130 1138 2167 Amerino
1157 2130 1245 2168 effet
1268 2129 1385 2168 filius.
1417 2131 1579 2175 Literas,
1601 2130 1729 2174 credo,
1750 2129 1830 2167 mi-

433 2198 476 2235 sit
510 2195 625 2233 alicui
656 2195 800 2239 ficario,
837 2195 905 2246 qui
937 2197 1074 2234 Romae
1097 2204 1251 2234 noverat
1271 2197 1482 2234 neminem.
1529 2194 1730 2233 Arceffivit
1757 2194 1830 2231 ali-

432 2275 550 2314 quem
568 2276 577 2298 :
623 2270 659 2298 at
692 2260 844 2312 quando
863 2260 875 2296 ?
922 2260 1122 2298 Nuntium
1154 2261 1255 2298 misit
1274 2276 1282 2298 ε
1323 2275 1439 2312 quem
1456 2262 1468 2297 ?
1499 2269 1563 2297 aut
1597 2260 1642 2296 ad
1677 2272 1795 2310 quem
1814 2259 1828 2295 ?

434 2329 573 2372 Pretio,
595 2327 727 2380 gratia,
759 2326 834 2379 spe,
866 2326 1053 2378 promiffis
1075 2327 1229 2364 induxit
1251 2326 1451 2378 aliquem?
1484 2324 1598 2363 Nihil
1619 2324 1762 2363 horum
1783 2339 1831 2363 ne

433 2393 602 2444 confingi
623 2392 783 2444 quidem
803 2392 948 2445 potest;
970 2400 1008 2429 et
1029 2401 1157 2429 tamen
1177 2391 1284 2429 causa
1303 2392 1349 2429 de
1365 2391 1568 2444 parricidio
1588 2391 1744 2428 dicitur.

487 2459 702 2510 Reliquum
722 2458 788 2503 est,
810 2467 853 2496 ut
873 2472 938 2511 per
958 2457 1080 2496 servos
1101 2458 1140 2495 id
1160 2457 1364 2496 admiserit.
1412 2459 1449 2495 O
1471 2457 1541 2496 Dii
1561 2457 1798 2495 immortales
1817 2456 1826 2494 ἒ

431 2538 512 2564 rem
533 2524 707 2563 miseram
729 2534 766 2563 et
797 2525 1070 2566 calamitosam.
1118 2524 1237 2577 Qod
1271 2525 1310 2562 in
1343 2524 1409 2563 tali
1439 2525 1601 2563 crimine
1631 2523 1830 2563 innocenti
