2201 2792
534 168 614 206 294
962 150 1509 210 IN,VERREM

533 255 706 293 senatum
742 253 853 291 suum
889 251 1202 289 renuntiaverunt
1222 266 1231 289 z
1274 264 1443 303 quorum
1479 250 1735 296 renuntiatio,
1782 250 1932 303 legibus

533 323 705 365 illorum,
737 320 855 358 literis
890 318 1058 370 publicis
1089 317 1267 355 mandata
1286 317 1361 355 est:
1394 331 1562 369 quorum
1594 318 1723 370 legati,
1754 316 1933 356 homines

534 387 775 431 nobilissimi,
807 386 945 423 Romae
966 383 1066 428 sunt,
1097 383 1166 434 qui
1191 382 1266 421 hoc
1286 383 1389 421 idem
1410 398 1480 436 pro
1501 384 1719 422 testimonio
1739 384 1932 422 dixerunt.

534 453 768 507 Cognoscite
789 449 1087 503 Agyrinenfium
1118 449 1292 501 publicas
1312 449 1438 487 literas
1460 469 1472 494 3
1504 450 1641 488 deinde
1667 450 1934 488 testimonium

534 521 739 576 publicum
761 517 940 556 civitatis.
974 516 1110 554 Recita
1128 515 1254 553 literas
1277 516 1464 568 publicas.
1487 517 1681 554 L1TERAE
1707 529 1933 554 PUBLmAE.

534 589 670 627 Recita
714 585 979 624 testimonium
1016 582 1237 634 publicum.
1294 584 1641 621 TESTIMONIUM
1676 595 1932 621 PUBLICUM.

535 651 866 694 Animadvertistis
902 651 941 687 in
972 649 1048 687 hoc
1081 648 1313 693 testimonio,
1336 649 1507 700 Judices,
1541 648 1841 702 Apollodorum,
1872 648 1936 686 cui

535 724 701 773 Pyragro
733 730 953 770 cognomen
983 715 1049 760 est,
1095 715 1313 768 principem
1347 715 1422 753 suae
1449 716 1628 760 civitatis,
1660 716 1937 767 lacrymantem

535 789 672 831 testari,
704 800 746 824 ac
767 786 904 828 dicere,
936 796 1135 835 nunquam
1170 782 1252 835 post
1279 782 1415 835 populi
1435 783 1606 821 Romani
1633 796 1775 821 nomen
1806 782 1853 820 ab
1875 782 1935 819 Si-

534 855 632 892 culis
653 853 844 894 auditum,
867 860 904 887 et
924 849 1142 901 cognitum,
1174 848 1430 901 Agyrinenses
1452 859 1584 888 contra
1604 863 1843 901 quemquam
1873 849 1934 885 in-

533 921 675 959 fimum
696 919 819 956 civem
844 919 1071 955 Romanum
1089 914 1233 959 dixiffe,
1252 925 1317 952 aut
1336 914 1461 952 feciffe
1482 915 1683 967 quippiam
1700 933 1712 959 3
1744 915 1813 966 qui
1833 927 1937 952 nunc

534 996 667 1025 contra
694 986 902 1023 Praetorem
921 981 1055 1035 populi
1078 981 1248 1018 Romani
1270 982 1419 1033 magnis
1447 981 1612 1033 injuriis,
1635 991 1672 1018 et
1693 994 1835 1033 magno
1865 981 1937 1018 do-

534 1054 613 1091 lore
634 1051 788 1105 publice
805 1048 1070 1086 testimonium
1084 1046 1209 1084 dicere
1225 1055 1466 1100 cogerentur.
1490 1048 1572 1084 Uni
1588 1045 1822 1091 mehercule,
1845 1045 1938 1084 huic

534 1119 694 1162 civitati,
715 1118 866 1160 Verres,
896 1114 1072 1152 obfistere
1093 1122 1157 1150 tua
1177 1113 1393 1152 defenfione
1413 1127 1490 1151 non
1511 1122 1618 1166 potes
1637 1130 1646 1153 :
1678 1122 1782 1152 tanta
1807 1115 1939 1152 aueto-

536 1188 624 1224 ritas
646 1185 698 1222 est
732 1184 772 1221 in
793 1195 929 1219 eorum
963 1179 1173 1219 hominum
1195 1180 1389 1225 fidelitate,
1421 1189 1548 1218 tantus
1584 1180 1693 1220 dolor
1717 1180 1757 1217 in
1784 1180 1936 1231 injuria,

535 1260 639 1290 tanta
659 1249 794 1301 religio
813 1248 855 1284 in
875 1246 1109 1284 testimonio.
1139 1245 1288 1283 Verum
1309 1260 1387 1284 non
1415 1259 1488 1283 una
1507 1255 1545 1283 te
1566 1255 1732 1290 tantum,
1765 1245 1826 1284 sed
1848 1245 1938 1283 uni-

535 1316 644 1355 versae
665 1314 855 1354 similibus
876 1311 1024 1350 afflictae
1045 1311 1320 1357 incommodis,
1350 1311 1622 1364 legationibuS,
1643 1325 1685 1350 ac
1707 1311 1937 1351 testimoniis

534 1382 704 1437 publicis
726 1379 1008 1433 persequentur.

590 1448 764 1487 XXXII.
796 1445 957 1483 Etenim
978 1444 1159 1496 deinceps
1181 1443 1393 1489 videamus,
1425 1443 1665 1482 Herbitensis
1686 1443 1834 1488 civitas,
1861 1441 1937 1480 ho-

536 1514 650 1558 nesta,
672 1522 709 1550 et
729 1521 837 1550 antea
856 1509 1019 1563 copiosa,
1042 1508 1376 1561 quemadmodum
1397 1509 1553 1562 spoliata
1573 1510 1620 1548 ab
1639 1509 1722 1554 isto,
1744 1522 1786 1546 ac
1807 1517 1940 1546 vexata

535 1581 592 1619 sit.
626 1581 681 1618 At
702 1591 870 1630 quorum
891 1575 1097 1614 hominum
1117 1576 1129 1612 ?
1161 1574 1405 1613 summorum
1437 1585 1642 1621 aratorum,
1665 1574 1938 1614 remotiffimo-

535 1660 623 1684 rum
655 1644 793 1688 aforo,
824 1643 996 1695 judiciis,
1028 1651 1065 1679 et
1085 1641 1372 1686 controversiis,
1405 1642 1546 1693 quibus
1583 1655 1746 1695 parcere,
1778 1649 1817 1678 et
1842 1650 1938 1684 con-

536 1714 668 1757 sulere,
691 1711 812 1749 homo
834 1709 1100 1762 impuriffime‚
1122 1717 1159 1745 et
1180 1708 1286 1760 quod
1305 1721 1425 1761 genus
1446 1707 1656 1747 hominum
1678 1707 1941 1746 studiofiffime

535 1779 750 1832 conservare
771 1776 948 1814 debuisti.
982 1776 1115 1813 Primo
1135 1788 1234 1813 anno
1255 1775 1455 1813 venierunt
1475 1776 1556 1827 ejus
1577 1775 1655 1827 agri
1675 1774 1847 1812 decumae
1869 1773 1938 1811 tri-

536 1846 605 1882 tici
626 1841 871 1882 medimnum
894 1854 1026 1878 xv111.
1059 1840 1230 1884 Atidius,
1253 1840 1358 1878 istius
1380 1841 1475 1878 item
1497 1841 1669 1879 minister
1688 1840 1728 1878 in
1749 1839 1937 1883 decumis,

535 1925 628 1948 cum
662 1908 823 1952 emiffet,
854 1917 892 1944 et
923 1905 1088 1958 praefecti
1111 1908 1266 1943 nomine
1297 1920 1388 1943 cum
1422 1905 1577 1944 veniffet
1608 1906 1816 1944 Herbitam
1846 1918 1940 1943 cum

536 1975 728 2017 Veneriis,
751 1972 933 2024 locusque
953 1972 985 2008 ei
1007 1972 1177 2024 publice,
1200 1986 1278 2024 quo
1306 1972 1569 2016 diverteretur,
1591 1972 1700 2009 datus
1721 1971 1838 2016 effet5
1870 1984 1939 2009 co-

537 2051 682 2094 guntur
705 2037 953 2077 Herbitenses
975 2039 1009 2074 ei
1030 2038 1128 2075 lucri
1149 2038 1234 2075 dare
1256 2039 1374 2075 tritici
1397 2037 1642 2076 medimnum
1665 2051 1822 2075 xxxvn
1846 2037 1939 2076 mi]-

536 2107 601 2150 lia,
632 2119 723 2143 cum
756 2104 927 2141 decumae
960 2103 1144 2141 vcniffent
1179 2104 1298 2141 tritici
1333 2100 1580 2141 medimnum
1609 2117 1723 2141 xv111
1748 2103 1937 2141 millibus.

536 2175 669 2224 Atque
703 2171 777 2208 hoc
811 2179 961 2207 tantum
984 2170 1157 2207 triticum
1179 2171 1276 2207 lucri
1303 2182 1495 2222 coguntur
1526 2171 1611 2208 dare
1647 2170 1816 2222 publice,
1848 2182 1939 2206 cum

532 2240 613 2290 jam
636 2237 814 2290 privatim
837 2244 995 2272 aratores
1016 2249 1062 2272 ex
1084 2236 1195 2286 agris,
1219 2236 1382 2288 spoliati,
1410 2247 1524 2288 atque
1555 2235 1734 2286 exagitati
1754 2235 1939 2272 decuma-

539 2317 676 2342 norum
699 2302 860 2353 injuriis,
883 2299 1145 2352 profugill'cnt.
1368 2304 1376 2308 “

594 2372 711 2407 Anno
744 2367 907 2405 secundo
941 2380 1032 2404 cum
1064 2365 1210 2404 emiffct
1243 2367 1438 2418 Apronius
1479 2366 1657 2403 decumas
1700 2365 1818 2403 tritici
1855 2379 1940 2402 me-

538 2434 717 2473 dimnum
755 2448 839 2471 xxv
864 2433 1052 2477 millibus,
1085 2443 1121 2470 et
1146 2432 1223 2485 ipse
1257 2433 1465 2470 Herbitam
1500 2446 1592 2470 cum
1622 2432 1689 2470 illa
1716 2432 1941 2484 proedonum

538 2502 662 2554 copia,
680 2514 874 2552 manuque
897 2499 1073 2545 veniffet3
1107 2500 1273 2553 populus
1295 2499 1451 2552 publice
1471 2501 1623 2538 coactus
1644 2499 1695 2538 est
1715 2500 1749 2537 ci
1769 2498 1942 2538 conferre
