2201 2792
688 91 1035 130 ACTIONIS
1077 92 1130 129 ΙΙ.
1192 92 1399 130 LIBER
1436 92 1488 131 V.
1697 105 1774 145 475

442 193 589 231 LXIX.
623 192 709 244 Ego
728 192 806 229 mei
831 192 913 243 jam
946 191 1135 229 rationem
1155 191 1274 229 officii
1304 191 1458 229 confido
1491 191 1562 229 effe
1595 193 1778 230 omnibus

385 258 633 311 iniquiffimis
656 257 750 295 meis
785 257 1030 310 persolutam.
1078 257 1184 295 Nam
1206 256 1322 294 istum
1349 258 1478 310 paucis
1509 256 1613 295 horis
1645 259 1779 310 prima¹

385 325 558 369 adtionis,
580 324 760 361 omnium
782 323 1007 362 mortalium
1029 323 1237 368 sententiis,
1257 323 1525 361 condemnavi.
1565 324 1779 375 Reliquum

379 389 577 440 judicium
599 402 674 426 non
690 389 772 440 jam
793 389 839 426 de
860 402 945 427 mea
964 389 1052 434 fide,
1070 403 1154 441 quae
1174 388 1364 442 perspecta
1383 389 1448 434 est,
1464 401 1589 441 neque
1609 388 1655 426 de
1675 388 1780 426 istius

384 455 476 500 vita,
499 469 584 507 quae
604 455 780 493 damnata
799 455 865 500 est,
887 455 949 493 sed
970 455 1016 493 de
1031 455 1245 507 judicibus,
1267 464 1319 500 et,
1336 469 1420 493 vere
1441 464 1483 494 ut
1503 455 1644 499 dicam,
1663 455 1708 492 de
1729 464 1779 497 te,

385 519 564 559 futurum
586 521 651 559 est.
676 522 729 559 At
746 535 824 573 quo
845 530 1018 574 tempore
1039 520 1215 559 futurum
1236 521 1311 559 est?
1334 535 1425 560 nam
1446 522 1485 559 id
1501 521 1670 559 maxime
1689 534 1780 573 pro-

385 587 596 625 videndum
618 587 694 631 est;
716 588 859 625 etenim
877 600 968 624 cum
989 587 1173 625 omnibus
1193 589 1234 624 in
1255 587 1382 632 rebus,
1404 597 1490 625 tum
1511 589 1550 625 in
1572 587 1780 639 republica,

386 653 587 705 permagni
607 653 802 690 momenti
823 652 875 689 est
896 652 991 690 ratio
1011 662 1126 704 atque
1146 652 1348 690 inclinatio
1368 663 1591 706 temporum
1611 669 1619 691 :
1643 666 1784 705 nempe

383 731 443 763 eo,
465 731 557 756 cum
578 717 745 771 populus
767 719 968 756 Romanus
1000 718 1104 757 aliud
1125 732 1245 771 genus
1266 717 1490 764 hominum,
1527 728 1641 772 atque
1662 720 1781 757 alium

386 783 578 828 ordinem,
610 783 657 820 ad
688 796 743 820 res
760 783 984 834 judicandas
1006 784 1166 835 requirit
1184 803 1194 828 3
1228 798 1367 836 nempe
1387 798 1430 822 ea
1449 785 1531 836 lege
1562 785 1608 822 de
1622 785 1780 836 judiciis

381 850 657 901 judicibusque
678 850 786 887 novis
807 849 1064 902 promulgata,
1087 864 1204 902 quam
1226 864 1305 888 non
1324 851 1354 888 is
1376 851 1650 903 promulgavit,
1673 853 1781 902 cujus

388 916 548 954 nomine
568 915 820 968 proscriptam
841 915 993 961 videtis,
1016 915 1078 953 sed
1098 915 1163 954 hic
1185 929 1283 954 reus.
1307 917 1402 961 Hic,
1425 917 1600 968 inquam,
1622 917 1685 954 sua
1706 918 1781 970 spe,

386 990 502 1034 atque
521 981 717 1034 opinione,
748 995 866 1033 quam
897 982 943 1019 de
969 981 1077 1020 vobis
1099 981 1227 1027 habet,
1261 982 1387 1035 legem
1407 982 1516 1021 illam
1542 982 1782 1022 scribendam

386 1048 788 1100 promulgandamque
808 1049 967 1086 curavit.

443 1116 592 1167 Itaque,
614 1128 707 1152 cum
727 1115 855 1166 primo
875 1128 982 1167 agere
1003 1116 1210 1167 coepimus,
1233 1115 1295 1153 lex
1316 1129 1393 1154 non
1414 1125 1491 1154 erat
1510 1116 1779 1169 promulgata:

388 1194 481 1219 cum
500 1181 580 1225 iste,
602 1180 720 1218 vestra
741 1180 934 1218 severitate
955 1191 1167 1233 permotus,
1188 1182 1311 1219 multa
1332 1182 1435 1234 signa
1454 1182 1619 1226 dederat,
1642 1196 1782 1234 quam-

388 1248 523 1284 obrem
555 1234 796 1299 responsurus
818 1260 895 1284 non
916 1247 1120 1291 videretur,
1157 1248 1304 1285 mentio
1336 1248 1382 1285 de
1413 1249 1496 1300 lege
1517 1248 1622 1285 nulla
1651 1248 1779 1287 fiebat.

390 1313 642 1365 Posteaquam
677 1312 745 1350 iste
776 1313 948 1357 recreari,
985 1322 1022 1350 et
1048 1313 1282 1357 confirmari,
1318 1313 1418 1351 visus
1452 1314 1532 1358 est,
1565 1314 1626 1352 lex
1655 1314 1782 1353 statim

388 1379 633 1432 promulgata
650 1378 716 1416 est.
750 1378 826 1416 Cui
848 1378 922 1432 legi
948 1392 1041 1417 cum
1062 1379 1179 1417 vestra
1199 1379 1364 1431 dignitas
1384 1378 1631 1418 vehementer
1649 1380 1783 1419 adver-

387 1444 500 1491 setur,
521 1445 626 1484 istius
648 1445 728 1497 spes
748 1444 851 1490 falsa,
884 1454 922 1483 et
942 1445 1099 1497 insignis
1121 1445 1376 1498 impudentia,
1400 1446 1570 1485 maxime
1600 1445 1781 1500 suffraga-

387 1520 463 1550 tur.
500 1511 582 1549 Hic
604 1511 628 1548 fi
651 1510 746 1562 quid
767 1510 839 1547 erit
859 1510 1108 1548 commissum
1130 1524 1150 1547 a
1170 1524 1366 1562 quoquam
1395 1511 1576 1556 vestrum,
1599 1512 1703 1563 quod
1721 1526 1782 1550 re-

386 1576 671 1630 prehendatur3
703 1585 768 1614 aut
802 1576 968 1629 populus
990 1578 1192 1614 Romanus
1221 1577 1415 1628 judicabit
1449 1577 1495 1615 de
1530 1591 1574 1616 eo
1603 1577 1780 1625 homine,

388 1657 506 1696 quem
522 1645 604 1696 jam
625 1643 903 1695 anteajudiciis
925 1644 1133 1695 indignum
1156 1644 1303 1695 putavit
1321 1662 1332 1688 3
1364 1653 1428 1681 aut
1449 1644 1490 1688 ii,
1513 1646 1595 1696 qui,
1627 1655 1782 1697 propter

387 1709 638 1748 offenfionem
654 1710 909 1761 judiciorum,
945 1710 990 1747 de
1011 1710 1202 1747 veteribus
1229 1709 1428 1761 judicibus
1462 1710 1544 1762 lege
1566 1724 1661 1748 nova
1692 1713 1780 1749 novi

383 1776 533 1829 judices
554 1785 666 1814 erunt
687 1776 900 1814 constituti.

442 1843 572 1881 LXX.
605 1841 713 1880 Mihi
734 1856 860 1894 porro,
884 1853 926 1880 ut
954 1856 1024 1894 ego
1044 1855 1121 1879 non
1143 1842 1282 1885 dicam,
1316 1842 1402 1894 quis
1423 1842 1603 1879 omnium
1633 1853 1779 1881 morta-

388 1910 487 1948 lium
509 1923 586 1947 non
607 1909 806 1961 intelligit,
839 1922 956 1961 quam
977 1910 1091 1960 longe
1109 1908 1283 1961 progredi
1307 1909 1348 1946 fit
1370 1907 1511 1946 neceffe
1530 1911 1542 1945 ?
1579 1910 1712 1947 Potero
1731 1910 1779 1947 fi-

362 1968 478 2020 llere,
502 1975 699 2019 Hortenfi,
730 1984 863 2027 potero
884 1975 1130 2019 diffimulare,
1165 1988 1257 2012 cum
1280 1982 1430 2012 tantum
1461 1973 1674 2026 respublica
1693 1975 1779 2012 vul-

389 2053 460 2078 nus
481 2040 683 2091 acceperit,
706 2050 749 2077 ut
769 2040 944 2092 expilata?
966 2039 1184 2091 provinciae,
1206 2040 1332 2076 vexati
1353 2039 1457 2082 socii,
1488 2039 1557 2076 Dii
1578 2040 1778 2077 immorta-

388 2105 442 2143 les
463 2105 626 2157 spoliati,
649 2105 749 2142 cives
772 2106 940 2142 Romani
963 2105 1135 2148 cruciati,
1158 2115 1196 2143 et
1215 2105 1338 2141 necati
1359 2105 1533 2156 impune,
1564 2118 1626 2142 me
1642 2107 1777 2149 affore,

388 2170 459 2209 effe
478 2170 706 2208 videantur?
739 2172 877 2209 Potero
911 2170 985 2208 hoc
1007 2184 1078 2223 ego
1099 2184 1194 2209 onus
1217 2180 1368 2208 tantum
1395 2180 1459 2208 aut
1482 2171 1518 2207 in
1542 2170 1615 2208 hoc
1631 2171 1780 2222 judicio

390 2238 592 2290 deponere,
614 2247 678 2275 aut
698 2237 844 2275 diutius
876 2238 1013 2275 tacitus
1036 2237 1246 2275 sustinere?
1279 2250 1355 2274 non
1386 2237 1561 2289 agitanda
1589 2250 1642 2272 res
1674 2237 1743 2273 crit
1765 2238 1777 2273 ἓ·

388 2305 527 2343 nonin
558 2304 735 2342 medium
758 2304 1011 2357 proferenda?
1045 2317 1118 2342 non
1152 2304 1288 2357 populi
1308 2304 1477 2341 Romani
1511 2302 1602 2339 fides
1635 2303 1778 2353 implo-

390 2370 505 2409 randa
521 2371 533 2407 ?
555 2383 633 2410 non
647 2384 796 2416 omnes,
814 2372 881 2424 qui
900 2380 1006 2411 tanto
1022 2371 1056 2410 se
1074 2370 1210 2410 scelere
1223 2370 1507 2413 obstrinxcrint,
1527 2377 1566 2406 ut
1582 2377 1645 2407 aut
1663 2368 1776 2406 tidem

1313 2438 1347 2472 O
1369 2450 1393 2472 o
1414 2450 1435 2472 ο
1459 2448 1479 2473 2
