2201 2792
587 149 933 191 ACTIONIS
975 149 1029 188 11.
1089 149 1297 188 LIBER
1329 150 1403 189 ΙΙΙ.
1612 164 1688 204 347

285 251 464 306 exempla
481 251 523 291 in
545 251 673 291 Sicilia
692 251 812 296 cellae,
830 251 856 289 fi
875 249 952 289 hoc
972 249 1119 288 crimen
1141 263 1220 288 non
1239 249 1359 288 modo
1374 247 1555 288 Marcelli
1573 248 1687 294 facto,

286 318 350 358 sed
367 333 415 358 ne
434 318 574 372 Lepidi
593 318 755 371 quidem
777 327 884 371 potes
905 315 1107 355 defendere
1126 317 1138 353 ?

334 387 400 424 An
419 399 484 424 me
503 385 550 424 ad
570 385 634 423 M.
657 385 823 424 Antonii
843 383 1133 422 aestimationem
1148 381 1350 427 frumenti,
1371 381 1689 432 exactionemque

286 452 459 504 pecuniae
480 461 723 491 revocaturus
744 465 781 489 es
801 452 814 488 ?
847 452 917 495 Ita,
940 450 1084 503 inquit,
1106 449 1152 487 ad
1174 450 1237 488 M.
1261 448 1427 487 Antonii
1445 463 1453 487 :
1485 446 1562 486 hoc
1583 448 1689 485 enim

286 516 389 556 mihi
408 518 643 571 fignificaffe,
676 527 714 556 et
733 516 902 556 annuiffe
923 517 1020 555 visus
1041 516 1106 555 est.
1144 517 1206 554 Ex
1223 514 1454 554 omnibusne
1475 514 1595 567 igitur
1616 527 1688 566 po-

223 610 234 615 «
285 583 371 636 puli
405 585 575 625 Romani
618 584 863 628 Praetoribus,
903 581 1217 626 Proconsulibus,
1263 581 1580 634 Imperatoribus‚
1624 579 1688 618 M.

287 652 509 690 AntonIum
530 650 715 703 delegisti,
747 659 784 688 et
805 651 885 702 ejus
908 663 1031 688 unum
1050 647 1381 702 improbiffimum
1402 646 1563 692 fastum,
1586 646 1691 698 quod

287 717 507 756 imitarere?
539 718 593 758 Et
613 716 679 755 hic
700 726 833 755 utrum
865 715 965 755 mihi
986 716 1146 754 difficile
1166 715 1218 754 est
1238 715 1378 760 dicere,
1410 728 1457 752 an
1478 713 1538 752 his
1559 713 1690 752 existi-

288 797 406 829 mare,
437 785 490 823 ita
510 784 545 823 se
578 785 620 822 in
649 784 718 822 illo
739 783 894 822 infinito
923 783 1088 835 imperio
1124 783 1187 821 M.
1212 782 1433 821 Antonium
1457 780 1613 833 geffiffe,
1649 788 1691 818 ut

287 850 416 888 multo
446 850 506 889 isti
526 850 773 903 perniciofius
796 850 839 888 sit
859 849 998 894 dicere,
1032 848 1067 886 se
1096 849 1137 887 in
1169 862 1206 886 re
1227 847 1508 900 improbiffima
1536 845 1691 885 voluifl‘e

289 917 511 955 Antonium
531 917 689 961 imitari,
719 930 853 968 quam,
875 916 900 953 fi
921 915 1046 968 poffit,
1068 914 1271 953 defendere
1291 913 1390 952 nihil
1411 914 1452 952 in
1473 914 1549 951 vita
1568 912 1604 950 se
1624 913 1689 951 M.

289 983 455 1020 Antonii
476 983 598 1021 fimile
618 981 759 1020 feciffe.
792 982 985 1020 Homines
1007 982 1047 1019 in
1063 981 1223 1033 judiciis
1245 981 1289 1018 ad
1311 980 1459 1018 crimen
1479 978 1688 1017 defenden-

288 1048 400 1093 dum,
422 1063 515 1093 non,
538 1048 631 1101 quid
652 1047 784 1086 fecerit
804 1047 1009 1100 quispiam,
1043 1046 1210 1100 proferre
1232 1046 1366 1090 solent,
1399 1045 1460 1084 sed
1485 1045 1580 1098 quid
1601 1059 1690 1097 pro-

290 1115 401 1154 barit.
430 1116 667 1160 Antonium,
701 1129 793 1153 cum
829 1115 953 1154 multa
983 1123 1116 1153 contra
1150 1113 1340 1152 sociorum
1361 1112 1535 1156 salutem,
1567 1112 1692 1151 multa

289 1191 422 1221 contra
442 1182 653 1222 utilitatem
674 1182 959 1234 provinciarum
980 1190 1018 1220 et
1037 1180 1192 1225 faceret,
1213 1190 1251 1218 et
1271 1181 1471 1233 cogitaret,
1492 1181 1532 1218 in
1553 1179 1691 1219 mediis

289 1249 369 1300 ejus
390 1249 540 1301 injuriis
561 1257 600 1286 et
619 1248 900 1301 cupiditatibus
922 1261 1024 1286 mors
1045 1247 1239 1300 oppresslt.
1265 1248 1331 1286 Tu
1352 1245 1466 1291 mihi,
1489 1246 1591 1298 quafi
1611 1247 1692 1298 ejus

289 1315 423 1354 omnia
436 1314 535 1354 facta
550 1324 666 1367 atque
680 1314 837 1354 confilia
849 1313 996 1353 senatus
1009 1313 1224 1367 populique
1237 1313 1407 1351 Romani
1418 1312 1567 1365 judices
1581 1325 1693 1351 corn-

291 1381 502 1433 probarint,
526 1382 578 1420 ita
598 1382 661 1419 M.
684 1381 850 1419 Antonii
870 1381 1049 1433 exemplo
1070 1380 1176 1418 istius
1197 1379 1395 1418 audaciam
1415 1378 1601 1417 defendis.

346 1448 477 1487 XCII.
510 1450 565 1487 At
599 1448 702 1486 idern
734 1447 827 1486 fecit
859 1447 1051 1486 Sacerdos.
1104 1447 1324 1485 Hominem
1356 1447 1621 1490 innocentem,
1656 1454 1695 1484 et

292 1512 444 1552 summa
462 1514 664 1567 prudentia
691 1514 896 1565 praeditum
926 1513 1101 1550 nominas
1120 1527 1129 1551 :
1162 1511 1225 1550 sed
1245 1521 1330 1550 tum
1350 1512 1455 1550 idem
1476 1510 1603 1550 feciffe
1623 1512 1696 1551 erit

291 1579 579 1625 existimandus,
607 1579 633 1618 fi
653 1580 788 1618 eodem
809 1579 966 1617 confilio
986 1577 1132 1616 fecerit.
1165 1578 1271 1616 Nam
1292 1591 1412 1630 genus
1434 1578 1694 1616 aestimationis

292 1645 420 1698 ipsum
440 1660 460 1684 a
480 1660 544 1684 me
565 1660 766 1698 nunquam
787 1645 840 1683 est
861 1644 1132 1698 reprehensum
1152 1660 1160 1682 :
1192 1644 1254 1683 sed
1274 1645 1355 1696 ejus
1376 1645 1548 1697 aequitas,
1569 1654 1695 1683 arato-

294 1726 381 1750 rum
402 1713 612 1750 commodo
633 1722 670 1750 et
702 1712 896 1750 voluntate
916 1712 1178 1764 perpenditur.
1210 1710 1304 1749 Non
1325 1711 1448 1763 potest
1466 1709 1695 1764 reprehendi

292 1779 358 1816 illa
377 1779 588 1824 aestimatio,
619 1792 704 1831 quae
733 1778 869 1816 aratori
898 1791 974 1816 non
1007 1778 1124 1816 modo
1150 1777 1401 1815 incommoda
1426 1791 1503 1815 non
1535 1776 1602 1821 est,
1633 1776 1696 1815 sed

293 1846 410 1884 etiam
429 1856 533 1899 grata
552 1846 618 1884 est.
651 1846 843 1890 Sacerdos,
867 1854 909 1882 ut
931 1846 968 1882 in
991 1845 1230 1897 provinciam
1253 1844 1370 1888 venit,
1392 1843 1634 1882 frumentum
1655 1843 1697 1881 in

295 1913 433 1952 cellam
453 1913 670 1966 imperavit.
704 1914 809 1951 Cum
837 1911 939 1956 estet,
973 1921 1059 1950 ante
1080 1925 1241 1956 novum,
1264 1911 1383 1949 tritici
1404 1911 1557 1949 modius
1578 1910 1695 1948 dena-

295 1979 359 2017 riis
380 1979 553 2032 quinque
569 1997 580 2024 3
603 1979 822 2031 petiverunt
841 1978 888 2016 ab
907 1991 953 2016 eo
973 1978 1159 2023 civitates,
1182 1987 1225 2016 ut
1243 1976 1457 2017 aestimaret.
1490 1976 1697 2015 Remiffior

295 2045 491 2097 aliquanto
509 2046 589 2096 ejus
610 2044 686 2083 fuit
706 2045 919 2089 aestimatio,
943 2057 1060 2096 quam
1080 2057 1253 2082 annonae.
1285 2043 1391 2081 Nam
1413 2043 1613 2081 aestimavit
1629 2042 1696 2081 de-

295 2113 410 2150 nariis
435 2125 506 2150 111.
544 2111 678 2156 Vides,
699 2112 861 2150 eandem
882 2111 1188 2156 aestimationem,
1211 2120 1365 2164 propter
1385 2111 1570 2164 temporis
1592 2109 1696 2148 diffi-

297 2179 576 2224 militudinem,
609 2179 648 2216 in
676 2178 745 2216 illo
776 2178 898 2216 laudis
919 2177 1070 2216 causam
1090 2177 1256 2223 habere,
1289 2178 1329 2215 in
1350 2187 1401 2223 te,
1421 2177 1595 2215 criminis
1615 2191 1624 2214 :
1656 2176 1697 2213 in

296 2246 379 2292 illo,
402 2247 577 2285 beneficii
595 2266 606 2291 ;
639 2247 678 2284 in
701 2256 751 2291 te,
773 2246 921 2298 injuriae
940 2245 954 2281 ?

343 2314 494 2352 Eodem
511 2323 684 2367 tempore
705 2313 900 2351 Antonius
924 2326 979 2351 111
1003 2313 1165 2351 denariis
1188 2312 1400 2356 aestimavit‚
1422 2310 1504 2363 post
1525 2308 1695 2352 messem,

299 2379 449 2427 summa
478 2380 518 2418 in
553 2380 714 2425 vilitate,
747 2394 839 2418 cum
869 2389 1029 2418 aratores
1057 2379 1300 2417 frumentum
1332 2377 1418 2414 dare
1437 2375 1552 2428 gratis
1574 2374 1696 2412 male-

299 2445 391 2483 bant
402 2463 414 2491 ς
437 2455 475 2483 et
495 2446 631 2492 aiebat,
649 2446 684 2485 se
700 2446 886 2485 tantidem
904 2437 1109 2489 'aestimaffa
1129 2444 1262 2497 quanti
1285 2441 1549 2480 Sacerdotem:
1572 2453 1698 2492 neque

1241 2508 1276 2545 X
1300 2521 1324 2545 x
1359 2520 1379 2545 2
