2201 2792
742 120 876 159 PRO
936 121 987 158 A.
1049 120 1362 160 cAECINA.
1667 137 1747 178 497

354 235 401 260 ne
414 222 659 273 summojure
673 220 797 273 egiffe,
809 233 926 272 quam
940 233 987 257 ne
1001 221 1222 272 certumjus
1241 233 1318 257 non
1335 219 1552 264 obtinuisse,
1563 220 1748 258 videatur.

410 289 474 327 M.
497 288 700 327 Fulcinius
731 286 821 332 fuit,
844 288 1158 340 Recuperatores,
1185 300 1205 324 e
1226 286 1443 338 municipio
1463 286 1747 337 Tarquiniensi,

357 355 426 407 qui
445 364 483 392 et
504 355 612 392 domi
632 353 704 392 suae
723 367 815 392 cum
836 353 971 406 primis
1000 352 1179 391 honestus
1200 352 1437 390 existimatus
1459 352 1524 396 est,
1555 360 1592 388 et
1614 352 1751 389 Romae

358 421 609 473 argentariam
640 434 718 458 non
742 420 958 472 ignobilem
978 418 1084 457 fecit.
1117 419 1153 457 Is
1174 417 1312 456 habuit
1332 418 1372 456 in
1393 418 1642 456 matrimonio
1664 419 1751 455 Cae-

358 486 542 531 senniam,
564 487 700 524 eodem
721 500 740 523 e
762 485 991 539 municipio,
1024 485 1177 523 summo
1198 484 1284 523 loco
1304 493 1447 529 natam,
1480 493 1517 522 et
1537 482 1752 536 probatissi-

360 566 467 590 mam
487 552 706 597 foeminam,
738 552 833 590 ficut
860 561 897 589 et
916 552 1024 589 vivus
1045 551 1179 589 multis
1212 550 1290 602 ipse
1315 550 1427 588 rebus
1448 549 1625 594 ostendit,
1656 557 1693 586 et
1713 549 1753 586 in

359 628 484 657 morte
501 619 563 656 sua
584 618 808 657 testamento
828 616 1046 654 declaravit.
1070 616 1179 653 Huic
1198 615 1402 653 Caesenniae
1419 615 1587 653 fundum
1604 615 1645 652 in
1665 628 1755 666 agro

359 683 631 736 Tarquiniensi
664 682 840 721 vendidit
873 682 1114 734 temporibus
1145 680 1223 718 illis
1258 681 1502 719 difficillimis
1538 680 1751 718 solutionis.

362 751 468 788 Cum
489 759 659 788 uteretur
679 749 767 786 dote
788 748 916 786 uxoris
938 756 1162 791 numerata;
1195 760 1273 798 quo
1294 747 1450 784 mulieri
1469 746 1558 784 esset
1585 760 1641 785 res
1663 760 1754 784 cau-

359 816 448 861 tior,
482 816 641 860 curavit,
673 824 716 852 ut
746 815 787 852 in
807 827 852 852 eo
882 813 1005 851 fundo
1025 813 1092 851 dos
1124 812 1390 851 collocaretur.
1422 812 1636 864 Aliquanto
1658 812 1754 864 post,

355 883 440 934 jam
459 882 666 934 argentaria
685 879 872 925 dissoluta,
889 879 1090 918 Fulcinius
1111 878 1205 916 huic
1226 877 1348 916 fundo
1369 879 1498 917 uxoris
1520 879 1758 917 continentia

363 948 540 1000 quaedam
560 947 712 1001 praedia,
744 956 859 998 atque
879 945 1068 997 adjundta,
1092 954 1297 982 mercatur.
1330 945 1503 982 Moritur
1524 944 1726 982 Fulcinius
1745 959 1754 982 :

367 1016 511 1067 (multa
530 1015 650 1059 enim,
673 1027 758 1066 quae
778 1013 866 1050 sunt
886 1013 926 1050 in
948 1025 999 1056 re,
1025 1010 1115 1064 quia
1135 1020 1282 1049 remota
1301 1010 1389 1048 sunt
1408 1025 1429 1048 a
1448 1011 1568 1055 causa,
1601 1020 1756 1063 praeter-

365 1083 540 1134 mittam)
564 1081 790 1120 testamento
820 1079 913 1118 facit
943 1078 1138 1123 heredem,
1171 1091 1289 1130 quem
1319 1076 1485 1116 habebat
1505 1091 1524 1115 e
1546 1078 1755 1122 Caesennia,

365 1149 495 1187 filiurn
511 1163 520 1187 z
544 1145 830 1186 usumfructum
845 1145 1025 1184 omnium
1039 1145 1232 1183 bonorum
1246 1143 1403 1182 suorum
1422 1143 1625 1182 Caesenniae
1642 1143 1754 1196 legat,

366 1225 410 1254 ut
430 1215 619 1254 frueretur
639 1227 715 1252 una
733 1227 826 1252 curn
846 1213 941 1251 filio.

412 1282 585 1334 Magnus
605 1279 728 1318 honos
749 1280 820 1317 viri
834 1277 1032 1330 jucundus
1053 1277 1209 1315 mulieri
1229 1276 1369 1322 fuisset,
1394 1277 1421 1314 fi
1441 1277 1668 1315 diuturnum
1689 1276 1759 1314 effe

366 1347 531 1388 licuiffet
549 1362 558 1385 :
590 1346 780 1385 frueretur
810 1346 916 1383 enim
947 1345 1058 1383 bonis
1080 1358 1172 1382 cum
1194 1357 1252 1388 eo,
1281 1357 1399 1395 quem
1419 1343 1494 1381 suis
1516 1344 1626 1381 bonis
1648 1342 1759 1380 here-

367 1415 456 1453 dem
477 1413 548 1451 effe
568 1412 761 1465 cupiebat,
794 1420 831 1450 et
861 1425 908 1449 ex
929 1425 1006 1463 quo
1033 1410 1254 1460 maximum
1270 1408 1441 1447 fructum
1473 1408 1551 1462 ipsa
1570 1408 1757 1461 capiebat.

369 1481 440 1519 Sed
460 1479 566 1518 hunc
586 1478 759 1516 fructum
790 1486 939 1515 mature
958 1475 1113 1514 fortuna
1132 1475 1289 1513 ademit.
1322 1475 1429 1512 Nam
1461 1475 1566 1512 brevi
1587 1483 1761 1526 tempore

368 1548 432 1586 M.
456 1545 658 1585 Fulcinius
685 1543 899 1581 adolescens
931 1551 1106 1580 mortuus
1137 1541 1215 1579 est:
1247 1539 1426 1578 heredem
1448 1541 1491 1579 P.
1516 1540 1760 1579 Caesennium

368 1613 488 1651 fecit:
519 1611 628 1650 uxori
649 1609 790 1663 grande
810 1609 959 1661 pondus
985 1608 1146 1660 argenti,
1178 1607 1368 1658 matrique
1397 1616 1544 1658 partem
1566 1607 1760 1644 bonorum

371 1675 572 1726 majorem,
592 1671 746 1724 legavit.
780 1672 915 1722 Itaque
935 1670 974 1707 in
996 1677 1142 1721 partem
1164 1668 1343 1706 mulieres
1365 1677 1505 1705 vocata:
1527 1668 1626 1705 sunt.

416 1741 467 1779 V.
492 1741 597 1778 Cum
617 1738 705 1776 effet
725 1737 805 1776 haec
827 1737 950 1775 audiio
970 1735 1195 1774 hereditaria
1214 1734 1444 1778 constituta3
1478 1735 1661 1772 [Ebutius
1678 1734 1758 1779 iste,

370 1808 439 1861 qui
467 1806 621 1859 jamdiu
641 1804 845 1844 Caesenniae
865 1803 1051 1842 viduitate
1067 1815 1109 1839 ac
1130 1801 1335 1839 solitudine
1356 1800 1530 1845 aleretur,
1559 1814 1601 1838 ac
1622 1800 1659 1837 se
1679 1802 1760 1852 ejus

370 1875 410 1912 in
430 1872 732 1911 familiaritatem
748 1868 963 1908 infinuaffet
982 1868 1054 1906 hac
1072 1868 1227 1912 ratione,
1247 1876 1290 1904 ut
1309 1880 1401 1904 cum
1416 1866 1545 1918 aliquo
1566 1866 1631 1904 suo
1649 1879 1761 1904 com-

370 1939 513 1992 pendio
533 1938 687 1991 negotia
706 1936 895 1980 mulieris,
917 1935 942 1973 fi
964 1948 1039 1987 qua
1057 1934 1286 1977 acciderent,
1303 1931 1661 1984 controverfiasque,
1684 1932 1762 1970 sus-

372 2006 539 2057 ciperet;
572 2003 785 2041 versabatur
804 2015 958 2054 quoque
978 2014 1023 2038 eo
1045 2009 1216 2053 tempore
1237 2000 1276 2036 in
1303 1997 1363 2036 his
1384 1997 1595 2036 rationibus
1616 1998 1762 2035 auctio-

374 2071 446 2116 nis,
469 2079 507 2108 et
529 2069 744 2123 partitionis
764 2083 772 2106 :
805 2077 919 2120 atque
940 2067 1054 2105 etiam
1076 2065 1111 2103 se
1138 2065 1215 2118 ipse
1235 2064 1436 2109 inferebat,
1458 2073 1496 2102 et
1515 2063 1761 2107 intrudebat5

373 2147 411 2175 et
430 2138 470 2175 in
491 2150 576 2174 eam
596 2135 820 2188 opinionem
843 2133 1080 2172 Caesenniam
1111 2131 1335 2175 adducebat,
1363 2139 1405 2168 ut
1427 2130 1567 2168 mulier
1587 2130 1765 2181 imperita

376 2203 475 2242 nihil
497 2211 646 2256 putaret
666 2202 727 2254 agi
748 2200 886 2238 callide
909 2199 1021 2252 poffe,
1045 2198 1112 2236 ubi
1134 2211 1209 2235 non
1230 2197 1365 2235 adeffet
1386 2197 1582 2234 AEbutius.

433 2271 565 2321 Qarn
586 2267 784 2321 personam
802 2267 884 2318 jam
905 2279 950 2304 ex
972 2264 1194 2318 quotidiana
1213 2263 1442 2315 cognoscitis
1464 2263 1551 2305 vita,
1585 2262 1764 2310 Recupe-

378 2344 531 2380 ratoreS,
564 2335 774 2373 mulierum
806 2332 1049 2375 assentatoris,
1081 2331 1289 2382 cognitoris
1315 2329 1529 2371 viduarum,
1563 2325 1764 2363 defensoris
1800 2337 1802 2339 ·

379 2402 548 2440 nimium
568 2401 738 2453 litigiosi,
769 2400 913 2440 conciti
944 2399 989 2438 ad
1010 2399 1147 2442 rixam,
1180 2396 1300 2447 inepti
1329 2408 1370 2430 ac
1398 2393 1501 2430 stulti
1524 2394 1621 2430 inter
1652 2392 1762 2434 viros,

464 2468 529 2505 To
542 2479 592 2505 M.
616 2467 687 2505 IV.
1351 2461 1386 2496 R
1409 2473 1424 2495 r
1446 2472 1462 2495 r
