2201 2792
636 158 979 199 ACTIONIS
1021 157 1074 196 ΙΙ.
1135 158 1445 197 LIBERIV.
1653 170 1728 208 393

339 273 415 298 non
437 258 751 312 procrastinatur:
784 272 874 296 nam
893 271 986 296 cum
1008 256 1072 294 iste
1095 256 1273 294 Catinam
1294 254 1486 307 profectus
1508 253 1609 297 effet,
1638 252 1731 290 servi

338 325 535 377 cujusdam
557 339 699 372 nomen
720 323 902 370 defertur.
941 324 976 361 Is
998 321 1217 361 accusatur:
1239 320 1319 358 fieti
1341 319 1449 358 testes
1470 320 1508 356 in
1530 333 1618 356 eum
1636 318 1731 355 dan-

339 400 428 429 tur:
462 405 541 437 tem
563 393 723 429 cunstus
738 390 890 429 ,senatus
915 388 1179 434 Catinensium
1201 386 1350 439 legibus
1365 385 1527 438 judicat.
1553 383 1732 421 Sacerdo-

339 466 395 495 tes
416 466 628 504 vocantur:
650 471 697 495 ex
716 456 776 494 his
798 456 981 509 quaeritur
1003 454 1143 493 secreto
1162 454 1202 491 in
1224 453 1342 496 curia,
1375 451 1469 504 quid
1496 449 1733 494 efl'essfactum

339 523 638 568 arbitrarentur;
659 521 991 576 quemadmodum
1013 520 1164 572 fignum
1185 518 1256 556 effe
1275 517 1462 555 ablatum.
1486 514 1735 568 Respondent

340 588 430 634 illae,
453 589 629 634 Praetoris
661 589 700 626 in
721 602 766 626 eo
786 588 873 625 loco
907 587 1028 624 servos
1055 585 1126 622 effe
1147 584 1257 622 visos.
1291 584 1383 627 Res,
1419 596 1504 634 quae
1537 580 1626 619 esset
1653 581 1736 632 jam

343 665 453 693 antea
472 668 550 693 non
570 653 740 699 obscura,
776 652 1015 691 sacerdotum
1037 650 1257 689 testimonio
1287 648 1484 701 perspicua
1506 647 1576 685 effe
1602 647 1734 698 coepit.

343 722 427 759 Itur
455 722 496 758 in
527 720 759 759 confilium:
792 719 915 758 servus
947 718 1013 756 ille
1033 719 1216 756 innocens
1247 715 1430 754 omnibus
1451 713 1647 752 sententiis
1668 712 1736 750 ab-

341 787 514 833 solvitur,
547 801 625 840 quo
648 786 800 832 facilius
822 799 887 824 vos
917 784 1024 823 hunc
1054 784 1237 823 omnibus
1268 782 1464 821 sententiis
1485 781 1739 819 condemnare

343 854 510 907 poffetiS.

389 920 499 971 Qid
519 919 624 957 enim
645 918 824 971 postulas,
842 918 1007 955 Verres?
1030 916 1124 969 quid
1142 915 1291 968 speras?
1314 913 1408 966 quid
1429 912 1568 965 spectas
1586 911 1598 948 ?
1621 924 1740 963 quem

347 986 421 1024 tibi
441 996 505 1024 aut
526 987 716 1029 Deorum,
738 994 804 1023 aut
822 983 1032 1023 hominum
1054 982 1201 1021 auxilio
1219 990 1327 1034 putas
1349 979 1528 1018 futurum
1546 978 1558 1014 ?
1584 990 1678 1015 eone
1699 986 1741 1014 tu

348 1052 470 1091 servos
497 1052 543 1099 ad
573 1051 816 1105 spoliandum
845 1050 981 1089 fanum
1014 1049 1227 1088 immittere
1261 1047 1370 1085 ausus
1401 1059 1455 1090 es,
1487 1058 1565 1097 quo
1601 1045 1741 1088 liberos

340 1119 464 1164 ¹adire,
485 1133 533 1157 ne
553 1119 686 1157 orandi
707 1118 866 1170 quidem
887 1117 1007 1162 causa,
1040 1116 1093 1154 fas
1121 1124 1198 1153 erat
1217 1115 1229 1151 ?
1261 1113 1368 1152 hisne
1392 1113 1506 1150 rebus
1526 1124 1661 1149 manus
1683 1109 1741 1147 af-

349 1184 447 1222 ferre
467 1198 543 1222 non
564 1183 757 1228 dubitasti,
775 1197 795 1220 a
813 1183 954 1235 quibus
975 1183 1091 1220 etiam
1107 1180 1240 1219 oculos
1259 1178 1440 1217 cohibere
1455 1187 1491 1215 te
1509 1176 1743 1228 religionum

351 1252 432 1301 jura
451 1251 640 1302 cogebant
658 1250 670 1286 ?
703 1248 873 1287 Tametsi
894 1261 941 1286 ne
961 1248 1083 1287 oculis
1105 1247 1265 1298 quidem
1286 1254 1418 1296 captus
1452 1244 1491 1280 in
1514 1241 1612 1280 hanc
1638 1241 1743 1279 frau-

352 1318 442 1356 dem
464 1326 542 1355 tam
563 1315 794 1360 sceleratam,
825 1328 868 1352 ac
889 1323 969 1352 tam
991 1312 1173 1351 nefariam
1194 1310 1391 1349 decidisti:
1424 1322 1513 1347 nam
1539 1308 1578 1345 id
1598 1321 1745 1345 concu-

327 1383 455 1436 -pisti,
477 1383 581 1436 quod
602 1395 804 1434 nunquam
825 1381 996 1426 videras;
1029 1380 1082 1424 id,
1105 1379 1279 1431 inquam,
1302 1375 1494 1420 adamasti,
1517 1374 1621 1426 quod
1641 1383 1748 1411 antea

345 1463 432 1498 'non
463 1449 669 1501 aspexeras.
716 1447 952 1493 Αυῑίὺῃετυ
986 1455 1131 1484 tantam
1163 1442 1417 1496 cupiditatem
1447 1438 1671 1492 concepisti,
1706 1447 1750 1476 ut

354 1529 440 1554 eam
460 1529 538 1553 non
558 1523 700 1558 metus,
734 1527 811 1551 non
833 1512 982 1564 religio,
1014 1525 1092 1549 non
1124 1511 1299 1548 Deorum
1333 1508 1404 1553 vis,
1439 1520 1517 1544 non
1538 1505 1750 1550 hominum

347 1581 586 1620 existimatio
606 1580 832 1618 contineret.
865 1580 919 1616 At
939 1592 987 1616 ex
1007 1578 1088 1616 viro
1107 1576 1210 1614 bono
1230 1574 1414 1619 audieras,
1434 1572 1561 1617 credo,
1589 1580 1626 1609 et
1646 1571 1751 1609 bono

356 1649 521 1686 auctore.
567 1646 650 1697 Q‘i
668 1645 709 1683 id
729 1644 862 1698 potest,
893 1645 961 1696 qui
983 1657 1029 1691 ne
1049 1656 1097 1681 ex
1116 1642 1197 1680 viro
1218 1640 1379 1693 quidem
1399 1639 1527 1677 audire
1546 1636 1715 1690 potueris
1735 1635 1749 1673 ?

358 1713 511 1752 Audisti
531 1712 650 1765 igitur
669 1725 716 1749 ex
737 1711 897 1749 muliere
915 1725 923 1748 :
955 1709 1142 1762 quoniam
1163 1707 1202 1745 id
1224 1707 1294 1745 viri
1315 1719 1440 1757 neque
1460 1703 1604 1748 vidisse,
1625 1715 1752 1754 neque

359 1780 460 1819 noffe
490 1787 680 1832 poterant.
725 1777 894 1829 Qalem
930 1790 1042 1829 porro
1074 1775 1180 1813 illam
1216 1771 1420 1811 foeminam
1449 1769 1558 1809 fuiffe
1592 1769 1751 1821 putatis,

358 1847 543 1899 Judices?
575 1844 693 1898 quam
728 1844 925 1898 pudicam,
961 1857 1047 1895 quae
1077 1855 1170 1880 cum
1198 1841 1317 1878 Verre
1350 1836 1602 1890 loqueretur?
1634 1833 1755 1888 quam

360 1913 590 1967 religiosam,
608 1926 692 1965 quae
712 1911 859 1958 sacrarii
882 1909 1068 1963 spoliandi
1089 1907 1301 1947 ostenderet
1321 1905 1509 1943 rationem
1526 1904 1539 1940 ,Ρ
1560 1904 1615 1941 At
1634 1902 1755 1940 mini-

353 1993 428 2029 ‚me
443 1979 602 2023 mirum,
617 1992 703 2030 quae
714 1978 813 2016 sacra
832 1990 897 2030 per
913 1976 1107 2014 summam
1123 1972 1389 2012 castimoniam
1404 1970 1591 2013 virorum,
1605 1981 1647 2006 ac
1664 1980 1755 2008 mu-

363 2045 503 2083 lierum
519 2043 626 2088 fiant,
641 2042 775 2081 eadem
796 2056 863 2095 per
882 2041 987 2089 istius
1008 2041 1197 2093 stuprum,
1218 2051 1260 2079 ac
1277 2037 1469 2090 flagitium
1490 2034 1561 2073 effe
1577 2033 1728 2071 violata.

397 2111 547 2149 XLVI.
579 2109 688 2159 Qid
707 2109 825 2160 ergo?
850 2107 932 2153 ¹hoc
952 2108 1078 2146 solum
1099 2105 1294 2146 auditione
1313 2111 1488 2157 expetere
1509 2101 1641 2153 coepit,
1663 2111 1756 2137 cum

366 2176 404 2214 id
426 2176 504 2229 ipse
534 2189 611 2214 non
633 2174 778 2213 vidiffet
797 2174 809 2211 ?
842 2175 972 2214 Immo
992 2186 1078 2211 vero
1099 2172 1170 2211 alia
1189 2170 1389 2225 complura
1407 2183 1415 2206 ε
1447 2182 1494 2206 ex
1526 2166 1665 2219 quibus
1686 2163 1758 2201 eli-

365 2257 456 2296 gam
477 2240 743 2294 spoliationem
774 2239 1013 2284 nobiliffimi,
1047 2248 1164 2291 atque
1193 2235 1445 2288 antiquiffimi
1467 2233 1573 2276 fani3
1606 2231 1651 2269 de
1685 2241 1761 2280 qua

358 2310 494 2362 ⁴priore
513 2308 661 2346 afflone
688 2306 797 2353 testes
827 2307 952 2349 dicere
983 2305 1151 2357 audistis.
1200 2304 1319 2347 Nunc
1340 2301 1471 2338 eadem
1504 2299 1582 2340 illa,
1621 2294 1759 2347 quaeso,

359 2375 513 2421 audite,
534 2384 571 2412 et
592 2374 812 2426 diligenter,
835 2372 928 2412 ficut
949 2372 1073 2412 adhuc
1093 2370 1248 2413 fecistis,
1271 2367 1468 2406 attendite.

429 2441 556 2480 Insula
573 2441 627 2479 est
646 2441 801 2485 Melita,
824 2441 995 2492 judices,
1026 2439 1111 2477 satis
1143 2438 1226 2479 lato,
1253 2436 1298 2474 ab
1320 2432 1447 2471 Sicilia
1466 2430 1576 2476 mari,
1609 2427 1760 2482 pericu-

457 2508 522 2544 To
536 2506 681 2554 M.,1V⁷.
1332 2500 1369 2539 D
1392 2498 1415 2536 d
1437 2497 1459 2536 d
