2201 2792
526 177 607 212 424
960 162 1048 200 IN
1122 162 1505 201 VERREM

525 264 833 307 conveniebaut5
865 275 1030 314 quarum
1062 261 1288 299 incredibile
1308 261 1374 306 est,
1405 270 1550 314 quanta
1573 261 1788 300 multitudo
1808 260 1924 299 fuerit

526 332 742 383 Syracusis:
776 329 853 367 huc
887 327 1066 366 homines
1098 328 1207 379 digni
1238 327 1345 365 istius
1377 328 1560 372 amicitia,
1596 328 1705 380 digni
1734 328 1812 365 vita
1842 328 1923 371 illa,

525 397 786 448 conviviisque
807 395 1025 432 veniebant.
1058 395 1164 431 Inter
1184 393 1374 445 ejusmodi
1394 394 1508 438 viros,
1530 407 1572 431 ac
1594 395 1790 438 mulieres,
1813 393 1924 432 adul-

528 474 561 503 ta
594 474 701 503 {etate
734 463 837 501 filius
874 461 1114 498 versabatur:
1154 469 1197 498 ut
1230 474 1337 505 eum,
1368 461 1512 498 etiamsi
1546 470 1680 499 natura
1712 475 1732 499 a
1760 461 1926 514 parentis

524 531 779 570 similitudine
810 528 1014 580 abriperet,
1050 526 1287 565 consuetudo
1321 536 1477 571 tamen,
1519 541 1562 565 ac
1593 527 1794 580 disciplina
1827 527 1927 580 patri

526 598 691 637 similem
713 596 783 634 esse
805 603 972 647 cogeret.
1006 595 1100 632 Huc
1121 594 1257 632 Tertia
1287 594 1354 631 illa
1385 594 1567 646 perducta
1586 608 1654 647 per
1684 593 1835 639 dolum,
1867 604 1925 632 at-

525 679 601 716 que
623 664 772 702 iusidias
801 661 848 699 ab
881 660 1040 699 Rhodio
1071 660 1247 705 tibicine,
1279 660 1468 698 maximas
1495 660 1535 697 in
1557 660 1663 698 istius
1684 660 1812 698 castris
1832 659 1925 698 effe-

525 730 613 768 cill'e
637 729 762 768 turbas
784 727 940 770 dicitur,
972 740 1065 764 cum
1088 726 1248 778 indigne
1268 735 1460 778 pateretur
1492 739 1588 764 uxor
1610 726 1833 764 Cleomenis
1856 727 1925 778 Sy-

528 795 709 839 racusani,
742 792 884 831 nobilis
907 792 1061 836 mulier,
1092 792 1266 844 itemque
1285 791 1540 837 AEschrionis‚
1570 791 1731 829 honesto
1752 792 1838 830 loco
1858 806 1925 829 na-

528 873 577 907 ta,
602 862 639 899 in
661 869 898 899 conventum
920 859 1032 897 suum
1054 859 1169 896 minii
1201 858 1333 896 Isidori
1354 857 1475 895 filiam
1508 857 1660 896 veniffe.
1694 857 1766 895 Iste
1796 867 1926 896 autem

528 927 714 972 Annibal,
737 927 806 978 qui
827 927 866 963 in
887 925 960 962 suis
981 925 1108 963 castris
1131 925 1271 963 virtute
1290 933 1441 977 putaret
1460 933 1648 977 oportere,
1678 938 1754 962 non
1775 938 1927 976 genere,

526 995 674 1039 certari,
698 995 746 1031 sic
767 992 865 1030 hauc
885 992 1061 1030 Tertiam
1082 991 1232 1036 dilexit,
1256 1001 1298 1029 ut
1317 1005 1402 1029 eam
1423 991 1553 1029 secum
1575 1005 1621 1030 ex
1642 992 1840 1045 provincia
1859 993 1927 1030 de-

528 1071 706 1116 portaret.

583 1130 697 1167 XIII.
731 1129 790 1165 Ac
812 1140 876 1179 pei·
898 1139 960 1163 eos
981 1125 1076 1170 dies,
1109 1124 1201 1164 cum
1222 1125 1289 1163 iste
1316 1139 1408 1163 cum
1432 1124 1549 1177 pallio
1569 1138 1775 1178 purpureo,
1799 1125 1928 1163 talari-

527 1211 602 1248 que
624 1196 754 1233 tunica
775 1193 980 1231 versaretur
1002 1194 1039 1230 in
1061 1192 1248 1230 conviviis
1271 1192 1542 1236 muliebribus,
1570 1205 1647 1230 non
1676 1191 1929 1230 offendeban-

528 1276 590 1302 tur
611 1263 788 1301 homines
823 1263 860 1298 in
883 1275 954 1305 eo;
989 1274 1114 1313 neque
1136 1261 1292 1298 moleste
1327 1259 1515 1304 ferebant,
1546 1259 1665 1297 abefl‘e
1687 1273 1706 1296 a
1736 1259 1821 1298 foro
1841 1273 1928 1298 ma-

527 1331 742 1383 gistratum,
765 1342 841 1365 non
868 1328 930 1378 jus
951 1327 1043 1371 dici,
1077 1341 1153 1364 non
1181 1327 1329 1378 judicia
1349 1326 1458 1370 fieri;
1491 1326 1626 1363 lucum
1658 1325 1772 1364 illum
1805 1326 1928 1364 litoris

527 1410 746 1450 percrepare
769 1405 895 1433 totum
929 1395 1140 1432 mulierum
1161 1394 1335 1438 vocibus,
1367 1403 1562 1446 cantuque
1589 1392 1855 1446 symphoniae3
1887 1394 1928 1431 in

527 1464 611 1502 soro
632 1463 826 1501 silentium
849 1461 920 1498 efl'e
940 1460 1140 1498 summum
1162 1460 1375 1504 causarum,
1412 1470 1527 1512 atque
1555 1460 1681 1511 juris:
1714 1473 1792 1497 non
1827 1459 1927 1498 fere-

527 1530 619 1568 bant
640 1528 818 1566 homines
851 1526 1022 1564 moleste.
1056 1525 1151 1564 Non
1172 1525 1279 1563 enim
1308 1526 1373 1578 jus
1404 1524 1525 1563 abeffe
1545 1524 1744 1563 videbatur
1777 1539 1797 1563 a
1827 1524 1926 1569 foro,

527 1609 652 1649 neque
666 1594 815 1648 judicia
831 1612 842 1638 ς
876 1593 937 1631 sed
958 1593 1029 1638 vis,
1061 1602 1099 1630 et
1119 1592 1338 1637 crudelitas,
1373 1601 1412 1631 et
1431 1592 1625 1630 bonorum
1645 1592 1792 1637 acerba,
1813 1600 1929 1644 atque

526 1663 686 1716 indigna
705 1661 883 1714 direptio.

585 1731 708 1769 Hunc
730 1735 770 1766 tu
804 1728 922 1780 igitur
942 1716 1212 1779 imperatorem
1244 1725 1316 1764 effe
1342 1725 1530 1771 defendis,
1564 1725 1779 1765 Hortensi?
1811 1724 1928 1778 liujus

527 1797 642 1841 furta,
665 1795 827 1848 rapinas,
850 1794 1120 1847 cupiditatem,
1140 1793 1424 1839 crudelitatem,
1447 1793 1678 1846 superbiam,
1701 1792 1837 1837 scelus,
1858 1806 1928 1830 au-

528 1864 692 1908 daciam,
715 1875 843 1900 rerum
865 1860 1054 1913 gestarum
1087 1860 1370 1912 magnitudine,
1403 1869 1518 1911 atque
1540 1859 1779 1912 imperatoris
1801 1859 1928 1897 laudi-

528 1931 600 1969 bus
622 1939 748 1982 tegere
769 1927 944 1966 conaris?
975 1927 1056 1964 Hic
1077 1925 1222 1963 scilicet
1242 1926 1294 1963 est
1314 1927 1586 1971 metuendum,
1620 1940 1680 1970 ne,
1712 1926 1757 1964 ad
1778 1926 1930 1967 exitum

529 1994 758 2034 defensionis
779 2003 867 2037 tuae,
891 2001 998 2030 vetus
1021 1992 1086 2029 illa
1107 1992 1329 2030 Antoniana
1349 1991 1500 2029 dicendi
1522 1992 1632 2037 ratio,
1661 2002 1776 2044 atque
1795 1995 1929 2031 aueto-

530 2064 618 2101 ritas
640 2060 853 2114 proferatur
869 2078 881 2104 ς
914 2073 960 2097 ne
981 2059 1170 2096 excitetur
1187 2059 1339 2102 Verres,
1361 2073 1408 2097 ne
1429 2059 1642 2097 denudetur
1660 2073 1680 2097 a
1700 2061 1863 2112 pectore,
1883 2073 1931 2097 ne

529 2129 726 2167 cicatrices
748 2126 914 2179 populus
935 2127 1137 2164 Romanus
1159 2125 1327 2179 aspiciat,
1349 2139 1396 2163 ex
1418 2126 1630 2164 mulierum
1651 2125 1796 2170 morsu,
1817 2125 1929 2164 vesti-

529 2195 591 2248 gia
611 2193 798 2236 libidinis,
821 2201 935 2243 atque
955 2192 1151 2242 nequitiae.

577 2261 646 2299 Dii
667 2260 823 2302 faciant,
845 2272 885 2295 ut
906 2258 957 2295 rei
980 2258 1172 2301 militaris,
1196 2267 1237 2294 ut
1255 2257 1346 2295 belli
1369 2258 1608 2296 mentionem
1626 2255 1747 2294 facere
1764 2257 1897 2294 audeas
1918 2272 1927 2295 ε

529 2326 810 2381 cognoscentur
830 2325 935 2362 enim
957 2324 1089 2361 omnia
1123 2323 1229 2361 istius
1264 2337 1334 2361 aera
1354 2324 1420 2362 illa
1440 2333 1577 2367 vetera,
1611 2332 1665 2367 ut,
1699 2336 1776 2360 non
1805 2323 1929 2361 solum

531 2396 572 2433 in
594 2394 773 2446 imperio,
795 2406 929 2430 verum
950 2391 1066 2429 etiam
1087 2391 1127 2428 in
1149 2389 1346 2442 stipendiis
1374 2390 1497 2442 qualis
1529 2389 1660 2434 fuerit,
1689 2390 1927 2443 intelligatis.

533 2459 797 2499 Renovabitur
819 2459 943 2511 prima
964 2457 1029 2496 illa
1051 2456 1207 2501 militia,
1237 2469 1329 2494 cum
1350 2457 1415 2494 iste
1435 2470 1456 2493 e
1482 2455 1566 2494 foro
1585 2456 1740 2500 abduci,
1772 2469 1864 2501 non,
1889 2466 1931 2495 ut

532 2525 609 2580 ipse
631 2526 823 2579 praedicat,
852 2524 1011 2579 perduci
1033 2523 1186 2563 solebat.
1227 2522 1417 2562 Aleatoris
1440 2522 1655 2561 Placentini
1685 2522 1800 2561 castra
1820 2536 1931 2562 corn-
