2201 2792
621 179 968 220 ACTIONIS
1001 181 1054 219 ΙΙ.
1114 182 1325 220 LIBER
1369 186 1419 221 II.
1648 200 1723 241 203

318 278 508 332 applicuit
525 291 535 315 ε
566 276 693 328 prima
718 277 914 323 omnium,
951 278 991 316 id
1026 279 1132 331 quod
1163 290 1439 319 ornamentum
1473 282 1629 335 imperii
1658 286 1724 329 est,

316 344 514 396 provincia
533 342 586 380 est
605 343 817 395 appellata:
839 345 966 396 prima
984 345 1118 383 docuit
1138 346 1300 398 majores
1317 347 1476 393 nostrOS,
1495 361 1612 399 quam
1629 365 1725 402 prae-

317 409 465 447 clarum
487 407 578 446 effet
598 409 738 447 exteris
757 409 940 461 gentibus
965 410 1175 463 imperare:
1208 411 1285 450 sola
1304 410 1381 450 fuit
1401 412 1443 450 ea
1462 412 1538 451 fide
1559 414 1725 453 benevo-

316 474 512 527 lentiaque
531 488 619 527 erga
638 475 831 528 populum
852 477 1096 523 Romanum,
1114 486 1157 516 ut
1177 478 1350 517 civitates
1371 479 1452 532 ejus
1474 479 1619 525 insulae,
1643 495 1727 533 quae

316 540 432 580 semel
452 542 494 580 in
527 541 741 580 amicitiam
775 542 941 582 nostram
976 543 1173 590 venissent,
1204 558 1406 597 nunquam
1435 546 1563 599 postea
1583 547 1725 586 defice‹

316 617 428 653 rent;
459 608 650 661 pleraeque
669 617 813 653 autem,
835 618 873 648 et
893 610 1064 649 maxime
1082 610 1260 657 illustres,
1283 611 1324 649 in
1344 613 1514 651 amicitia
1540 623 1727 667 perpetuo

316 683 530 714 manerent.
561 675 697 727 Itaque
726 675 939 729 majoribus
959 677 1095 716 nostris
1116 678 1155 716 in
1176 678 1353 717 Africam
1373 692 1420 718 ex
1439 678 1512 718 hac
1532 681 1728 733 provincia

315 740 454 792 gradus
485 740 641 794 imperii
658 739 781 780 factus
812 741 892 780 est:
924 756 1051 795 neque
1070 743 1178 782 enim
1213 753 1294 783 tarn
1313 744 1427 783 facile
1447 759 1539 798 opes
1561 745 1725 785 Cartha-

316 806 417 858 ginis
439 815 551 846 tantae
571 806 835 853 concidissent,
868 808 937 847 nifi
967 809 1068 847 illud
1087 818 1125 848 et
1144 810 1198 848 rei
1217 809 1480 850 frumentariae
1499 811 1725 857 subsidium,

316 881 354 911 et
373 873 662 926 receptaculum
681 873 858 913 claffibus
875 874 1011 913 nostris
1030 884 1190 928 pateret.
1392 865 1398 867 „

370 939 426 976 ΙΙ.
459 939 589 990 Qare
607 939 654 978 P.
676 938 900 985 Africanus,
933 939 1168 994 Carthagine
1186 942 1324 987 deleta,
1357 942 1577 982 Siculorum
1599 944 1725 989 urbes,

316 1002 447 1057 fignis,
468 1005 812 1057 monumentisque
841 1006 1115 1059 pulcherrimis
1136 1010 1333 1048 exornavit
1347 1027 1360 1055 3
1390 1019 1434 1048 ut
1454 1023 1549 1063 quos
1570 1011 1728 1050 victoria

318 1071 457 1124 populi
476 1071 649 1110 Romani
668 1072 841 1111 maxime
861 1073 978 1112 laetari
997 1074 1264 1120 arbitrabatur,
1286 1077 1389 1128 apud
1407 1090 1470 1115 eos
1488 1091 1727 1117 monumen-

319 1144 358 1175 ta
377 1138 543 1176 vietoriae
561 1137 732 1190 plurima
749 1138 970 1178 collocaret.
1014 1141 1198 1193 Denique
1223 1141 1291 1180 ille
1314 1142 1392 1194 ipse
1411 1143 1476 1182 M.
1499 1144 1726 1191 Marcellus,

317 1203 428 1256 cujus
449 1204 491 1241 in
507 1203 637 1241 Sicilia
654 1203 839 1242 virtutem
854 1203 995 1249 hostes,
1013 1206 1315 1245 misericordiam
1335 1209 1440 1254 vieti,
1461 1206 1728 1250 fidem'caeteri

319 1268 441 1308 Siculi
462 1269 750 1322 perspexerunt,
785 1283 864 1308 non
885 1269 1011 1308 solum
1032 1270 1141 1309 sociis
1167 1273 1208 1309 in
1228 1286 1273 1310 eo
1293 1273 1397 1312 bello
1416 1275 1626 1322 consuluit,
1660 1291 1727 1315 ve-

319 1348 408 1374 rum
427 1335 546 1374 etiam
564 1335 747 1388 superatis
766 1334 941 1375 hostibus
960 1337 1201 1390 temperavit.
1234 1339 1386 1378 Urbem
1406 1339 1727 1393 pulcherrimam,

252 1408 255 1411 ’
319 1401 530 1453 Syracusas,
566 1415 652 1454 quae
685 1415 779 1441 cum
799 1416 918 1442 manu
942 1403 1198 1443 munitiffima
1216 1404 1320 1451 effet,
1356 1414 1444 1445 tum
1474 1406 1553 1446 loci
1581 1417 1728 1455 natura,

319 1475 418 1505 terra
435 1480 479 1505 ac
499 1468 597 1506 mari
617 1467 878 1514 claudebatur,
896 1467 989 1508 cum
1007 1470 1047 1508 vi
1061 1470 1299 1524 consilioque
1319 1472 1486 1525 cepiffet,
1507 1487 1586 1512 non
1604 1475 1730 1514 solum

318 1534 561 1572 incolumem
583 1534 705 1587 passus
726 1535 779 1573 est
798 1535 883 1580 effe,
904 1535 967 1574 sed
986 1537 1040 1574 ita
1059 1537 1217 1590 reliquit
1235 1547 1425 1584 ornatam,
1454 1548 1497 1578 ut
1515 1540 1605 1579 effet
1624 1541 1730 1580 idem

321 1609 626 1639 monumentum
657 1601 838 1646 vidioriae,
874 1602 1191 1648 mansuetudinis,
1222 1604 1470 1644 continentiae
1486 1623 1498 1650 3
1529 1620 1623 1645 cum
1654 1606 1729 1646 ho-

322 1665 447 1702 mines
468 1665 654 1710 viderent,
685 1675 724 1703 et
755 1667 851 1718 quid
881 1667 1142 1718 expugnasset,
1173 1678 1212 1706 et
1246 1669 1390 1720 quibus
1423 1671 1660 1723 pepercisset,
1692 1682 1731 1711 et

322 1745 407 1783 quae
428 1730 651 1783 reliquisset.
674 1732 851 1770 Tantum
871 1732 937 1770 ille
956 1731 1146 1772 honorem
1167 1734 1305 1772 Siciliae
1321 1734 1545 1774 habendum
1564 1739 1728 1790 putavit,

324 1806 366 1836 ut
399 1810 447 1835 ne
466 1796 638 1836 hostium
659 1797 820 1850 quidem
842 1798 980 1838 urbem
999 1813 1046 1838 ex
1066 1800 1258 1839 sociorum
1290 1800 1411 1839 insula
1435 1801 1648 1842 tollendam
1669 1818 1729 1843 ar-

321 1864 540 1902 bitraretur.

378 1930 515 1982 Itaque
547 1928 595 1967 ad
624 1941 758 1967 omnes
790 1942 847 1968 res
883 1930 1012 1969 Sicilia
1032 1931 1230 1983 provincia
1248 1931 1395 1985 semper
1423 1935 1475 1970 uli
1497 1934 1641 1979 sumuS,
1673 1944 1730 1980 ut,

323 1995 530 2048 quidquid
548 2008 596 2034 ex
627 1994 699 2034 sese
719 1995 838 2048 poffet
858 1996 1004 2042 efferre,
1035 1997 1075 2035 id
1106 2010 1185 2035 non
1216 1998 1317 2050 apud
1348 2012 1411 2037 eos
1432 1999 1547 2045 nasci,
1579 2000 1639 2039 sed
1660 2001 1731 2040 do-

325 2060 383 2098 mi
403 2061 536 2099 nostrae
555 2060 773 2106 conditum,
806 2071 1043 2114 putaremus.
1076 2064 1245 2116 Qando
1264 2064 1331 2102 illa
1349 2064 1607 2112 frumentum,
1630 2068 1733 2120 quod

326 2126 494 2172 deberet,
526 2140 605 2166 non
634 2127 681 2165 ad
700 2128 804 2166 diem
826 2129 962 2167 dedit?
994 2130 1149 2182 quando
1169 2131 1222 2176 id,
1253 2132 1358 2184 quod
1389 2146 1486 2186 opus
1520 2133 1593 2172 effe
1620 2143 1731 2187 puta-

326 2202 396 2238 ret,
428 2207 506 2231 non
527 2193 630 2232 ultro
649 2194 826 2246 pollicita
855 2195 935 2233 est?
968 2197 1122 2248 quando
1153 2197 1207 2243 id,
1238 2199 1344 2251 quod
1378 2200 1641 2253 imperaretur,
1672 2214 1730 2238 rc-

326 2259 470 2298 cusavit
489 2260 502 2296 ?
533 2261 668 2313 Itaque
689 2261 756 2299 ille
777 2262 840 2300 M.
864 2263 962 2301 Cato
984 2264 1139 2317 Sapiens
1160 2266 1297 2304 cellam
1321 2269 1513 2319 penariam
1546 2267 1732 2318 reipubli-

326 2338 380 2364 cae
401 2325 547 2371 nostrae,
579 2327 772 2366 nutricem
793 2328 917 2380 plebis
945 2329 1145 2375 Romanae,
1180 2332 1351 2369 Siciliam
1374 2332 1601 2369 nominavit.
1648 2331 1733 2370 Nos

327 2404 416 2430 vero
436 2392 583 2445 experti
604 2393 750 2439 sumus,
783 2395 919 2433 Italico
949 2396 1123 2435 maximo
1143 2397 1455 2447 difficillimoque
1488 2396 1605 2443 bello,
1638 2397 1734 2436 Sici-

331 2456 423 2496 liam
445 2458 556 2497 nobis
577 2473 655 2498 non
687 2474 756 2513 pro
776 2462 928 2514 penaria
957 2462 1067 2507 cella,
1099 2462 1160 2499 sed
1191 2476 1259 2513 pro
1293 2462 1420 2498 :erario
1440 2462 1508 2500 illo
1542 2464 1734 2515 majorum

332 2531 470 2569 vetere,
500 2538 543 2564 ac
577 2525 716 2566 referto
748 2527 884 2567 fuiffe:
917 2542 1006 2567 nam
1044 2529 1118 2566 sine
1149 2528 1230 2565 ullo
1250 2528 1407 2579 sumptu
1428 2528 1575 2585 ¹nostro,
1606 2531 1735 2575 coriis,

1306 2594 1434 2633 Ccz
