2201 2792
520 223 598 260 492
1018 211 1419 250 ORATIO

519 323 618 361 quw,
643 324 707 363 per
724 310 830 349 hunc
852 310 929 364 ipsa
948 325 1069 364 nuper
1089 312 1284 350 obfidione
1301 312 1470 351 hostium
1487 312 1658 357 liberata,
1689 325 1793 350 nunc
1813 311 1912 364 ejus—

520 377 609 414 dem
631 377 789 415 miseriis
811 392 852 415 ac
873 378 1053 430 periculis
1070 387 1352 432 commovetur.
1368 379 1563 431 Denique,
1582 388 1626 417 ut
1642 387 1794 432 oportet
1809 378 1913 417 bello

519 443 688 487 Gallico,
719 453 760 481 ut
781 445 972 495 majorum
992 444 1080 495 jura
1100 444 1299 496 moresque
1319 445 1583 497 praescribunt,
1605 458 1719 483 nemo
1738 445 1791 483 est
1817 444 1913 483 civis

516 509 733 554 Romanus,
752 510 819 560 qui
840 509 909 547 s1bi
931 509 1008 546 ulla
1022 509 1264 548 excusatione
1285 510 1473 548 utendum
1494 519 1628 563 putet:
1651 524 1785 548 omnes
1806 510 1911 548 illius

516 575 722 625 provinciae
743 575 954 627 publicani,
975 575 1164 627 agricolae,
1186 577 1369 628 pecuarii,
1391 577 1516 615 caeteri
1542 577 1810 629 negotiatore8‚
1833 588 1911 613 uno

516 641 646 678 animo
667 642 730 679 M.
749 642 974 687 Fonteium,
996 651 1110 693 atque
1130 655 1205 679 una
1224 655 1331 687 voce,
1352 642 1578 681 defendunt.

570 708 704 746 XVII.
751 708 869 759 Qod
890 708 916 745 fi
938 717 1059 746 tantas
1079 708 1312 747 auxiliorum
1334 709 1552 747 nostrorum
1572 709 1701 762 copias
1723 708 1909 747 Inducio-

514 786 641 810 marus
661 773 740 825 ipse
771 774 996 825 despexerit,
1029 774 1108 812 dux
1128 774 1406 827 Allobrogum,
1437 784 1741 827 caeterorumque
1767 774 1907 813 Gallo-

513 851 601 875 rum
618 857 629 883 5
662 852 758 876 num
778 839 895 876 etiam
916 839 963 876 de
982 839 1114 877 matris
1135 838 1241 878 hunc
1260 840 1483 892 complexu,
1503 840 1712 878 leffiffimae
1740 840 1908 878 miserri-

513 917 663 956 maeque
682 903 868 949 foeminae,
900 905 1008 943 vobis
1042 905 1353 958 inspectantibus‚
1385 906 1522 944 avellet
1552 917 1666 959 atque
1686 904 1906 944 abstrahet?

512 970 717 1021 praesertim
738 984 830 1008 cum
855 971 963 1023 virgo
984 971 1144 1009 Vestalis
1170 984 1217 1009 ex
1237 972 1352 1009 altera
1371 981 1475 1024 parte
1500 985 1728 1024 germanum
1749 970 1907 1009 fratrem

511 1036 716 1088 complexa
735 1045 874 1080 teneat,
898 1037 1147 1089 vestramque,
1169 1037 1340 1088 Judices,
1363 1051 1405 1075 ac
1426 1038 1561 1090 populi
1582 1038 1766 1082 Romani,
1788 1037 1906 1075 fidem

510 1101 692 1154 imploret
710 1118 718 1140 :
742 1116 826 1154 quae
847 1116 914 1155 pro
937 1103 1043 1141 vobis
1064 1103 1270 1155 liberisque
1294 1104 1419 1142 vestris
1442 1114 1499 1142 tot
1519 1117 1636 1142 annos
1657 1105 1696 1142 in
1717 1104 1806 1142 Diis
1825 1104 1904 1141 im-

511 1169 741 1206 mortalibus
761 1168 954 1221 placandis
986 1179 1170 1222 occupata
1198 1170 1264 1215 est,
1294 1179 1336 1208 ut
1363 1184 1405 1208 ea
1433 1184 1552 1215 nunc,
1579 1185 1648 1223 pro
1679 1170 1797 1208 salute
1827 1169 1904 1215 sua,

508 1233 709 1287 fratrisque
740 1234 810 1279 sui,
843 1235 991 1273 animos
1023 1236 1162 1273 vestros
1189 1237 1340 1288 placare
1370 1237 1495 1289 poffit.
1529 1237 1606 1274 Cui
1634 1236 1778 1275 miserae
1798 1235 1904 1288 quod

507 1306 739 1358 praefidium,
758 1307 861 1357 quod
882 1306 1076 1350 solatium,
1099 1307 1292 1359 reliquum
1313 1307 1378 1352 est,
1400 1306 1476 1345 hoc
1497 1307 1657 1346 amisso?
1677 1321 1767 1345 nam
1788 1316 1902 1345 caete-

508 1386 556 1410 rae
576 1371 747 1409 foeminae
763 1373 919 1424 gignere
939 1372 1025 1424 ipsa:
1042 1373 1109 1410 fibi
1123 1373 1302 1425 praesidia,
1318 1383 1355 1410 et
1375 1372 1513 1411 habere
1529 1374 1637 1411 domi
1657 1372 1901 1411 fortunarum

506 1439 686 1476 omnium
707 1437 855 1479 socium
876 1439 1197 1491 participemque,
1215 1439 1367 1492 poffunt
1385 1454 1393 1477 :
1427 1438 1521 1478 huic
1543 1453 1629 1478 vero
1644 1439 1785 1492 virgini
1806 1441 1902 1492 quid

506 1503 573 1548 est,
595 1514 729 1556 praeter
758 1503 930 1548 fratrem,
963 1504 1067 1556 quod
1097 1513 1162 1542 aut
1186 1505 1409 1556 jucundum
1429 1513 1494 1542 aut
1513 1519 1645 1543 carum
1666 1505 1737 1543 effe
1756 1505 1868 1557 poffit
1887 1507 1899 1543 ?

506 1570 643 1608 Nolite
663 1570 756 1622 pati,
779 1569 948 1620 Judices,
982 1584 1058 1608 aras
1081 1571 1256 1608 Deorum
1276 1571 1574 1616 immortalium,
1598 1571 1795 1623 Vestaeque
1815 1585 1901 1609 ma-

506 1636 588 1680 tris,
610 1635 843 1687 quotidianis
864 1636 1023 1687 virginis
1044 1636 1384 1674 lamentationibus
1415 1636 1461 1674 de
1481 1637 1601 1675 vestro
1615 1637 1766 1689 judicio
1787 1650 1899 1675 com-

505 1703 664 1739 moveri.
698 1702 920 1754 Prospicite,
952 1716 998 1739 ne
1020 1703 1085 1740 ille
1106 1703 1402 1755 ignisaeternuS,
1431 1703 1628 1741 n06³mrnis
1651 1704 1820 1741 Fonteiae
1842 1703 1898 1741 la-

504 1768 660 1806 boribus
682 1767 900 1821 vigiliisque
920 1768 1098 1814 servatus,
1120 1768 1321 1807 sacerdotis
1342 1769 1469 1807 vestrae
1498 1770 1676 1821 lacrymis
1706 1769 1897 1807 extinctus

502 1834 573 1872 effe
593 1834 753 1873 dicatur.
786 1834 934 1872 Tendit
954 1835 999 1872 ad
1021 1849 1085 1872 vos
1106 1835 1213 1887 virgo
1234 1835 1394 1873 Vestalis
1416 1849 1551 1874 manus
1573 1835 1760 1888 supplices
1778 1853 1789 1880 ς
1818 1835 1896 1873 eas-

503 1899 606 1944 dem,
642 1913 734 1952 quas
756 1913 825 1952 pro
846 1900 953 1937 vobis
976 1901 1063 1937 Diis
1097 1900 1382 1938 immortalibus
1404 1901 1556 1938 tendere
1575 1901 1771 1938 consuevit
1788 1915 1806 1938 z.
1830 1913 1895 1937 ca-

501 1976 598 2010 vete,
633 1980 679 2003 ne
700 1965 972 2018 periculosum,
1009 1966 1292 2018 superbumque
1314 1966 1371 2011 fit,
1407 1968 1488 2018 ejus
1509 1980 1574 2005 vos
1595 1967 1894 2006 obsecrationem

502 2032 712 2084 repudiare,
745 2032 854 2082 cujus
875 2045 1004 2084 preces
1027 2032 1050 2069 si
1074 2032 1142 2069 Dii
1163 2032 1460 2084 aspernarentur,
1493 2032 1574 2071 haec
1597 2033 1693 2071 salva
1713 2032 1784 2070 effe
1815 2046 1894 2071 non

501 2098 660 2150 possent.

556 2163 753 2202 Videtisne
774 2162 914 2208 subito,
936 2164 1106 2215 judices,
1136 2165 1261 2203 virum
1283 2164 1547 2211 sorffllimum,
1580 2167 1643 2204 M.
1667 2166 1891 2211 Fonteium,

499 2231 663 2283 parentis
698 2240 735 2268 et
756 2229 889 2268 sororis
917 2232 1287 2269 commemoratione
1319 2232 1504 2284 lacrymas
1539 2232 1777 2284 profudisse?
1853 2233 1891 2269 ui

499 2311 699 2349 nunquam
721 2297 760 2333 in
781 2297 859 2333 acie
879 2296 1134 2348 pertimuerit,
1169 2298 1237 2348 qui
1269 2297 1303 2334 se
1323 2307 1491 2336 armatus
1522 2297 1616 2349 saepe
1649 2299 1689 2334 in
1720 2297 1889 2335 hostium

496 2377 656 2400 manum
679 2362 1052 2413 multitudinemque
1072 2362 1289 2407 immiserit,
1323 2377 1414 2401 cum
1435 2365 1475 2400 in
1501 2363 1688 2415 ejusmodi
1709 2363 1889 2415 periculis

496 2429 625 2466 eadem
649 2430 683 2467 se
704 2428 832 2467 solatia
851 2428 923 2466 suis
945 2428 1159 2481 relinquere
1179 2428 1436 2474 arbitraretur,
1464 2443 1548 2482 quae
1569 2429 1655 2467 suus
1692 2439 1796 2482 pater
1821 2430 1890 2468 fibi

497 2496 731 2548 reliquiffct;
774 2496 878 2534 idem
908 2509 1012 2533 nunc
1040 2496 1262 2548 perturbato
1291 2497 1421 2535 animo
1452 2497 1702 2550 pertimescit,
1735 2511 1782 2534 ne
1810 2511 1887 2534 non

496 2562 614 2601 modo
642 2572 869 2602 ornamento
897 2571 934 2602 et
964 2562 1187 2616 adjumento
1220 2576 1298 2602 non
1327 2564 1373 2604 fit
1410 2564 1513 2611 suis,
1555 2563 1616 2603 sed
1650 2564 1766 2602 etiam
1796 2576 1890 2602 cum
