2201 2792
734 182 871 221 PRo
930 183 982 220 A.
1042 182 1354 225 cAEcrNA.
1635 200 1712 239 505

323 292 477 336 repente
497 282 764 322 obmutescet?
795 283 836 320 in
866 282 1095 321 atrociffima
1125 297 1162 322 re
1197 283 1292 336 quid
1323 282 1450 328 faciat,
1480 296 1557 322 non
1591 283 1709 323 habe-

322 350 381 386 bit
400 349 412 385 ?
443 358 493 394 et,
517 351 564 388 C.
585 349 719 387 Pisone
739 349 857 386 domo
878 349 1061 401 tectisque
1081 349 1155 386 suis
1176 348 1388 402 prohibito,
1410 348 1620 402 prohibito,
1648 350 1711 387 in·-

322 428 454 466 quam,
478 429 543 468 per
563 414 739 454 homines
760 417 908 453 coaetos
928 423 965 452 et
985 423 1163 460 armatos,
1197 416 1351 460 Praetor,
1380 415 1711 468 quemadmodum

322 494 430 519 more
449 491 487 519 et
506 481 685 534 exemplo
705 481 886 534 opitulari
906 481 1032 534 poffit,
1064 495 1142 520 non
1161 480 1320 520 habebit
1339 483 1351 518 ?
1385 482 1494 534 Qid
1524 482 1629 519 enim
1650 482 1712 520 di-

322 557 384 585 cet
403 548 415 584 ?
448 557 512 586 aut
533 549 628 600 quid
649 557 705 592 tu,
729 557 808 585 tam
830 548 967 600 infigni
988 557 1142 600 accepta
1162 548 1314 600 injuria,
1337 548 1573 601 postulabis?
1598 548 1711 586 Unde

322 614 359 650 vi
382 613 599 665 prohibitus
622 614 680 658 sis,
703 627 819 651 nemo
840 627 1011 665 unquam
1033 614 1257 652 interdixit:
1276 627 1422 652 novum
1438 614 1504 659 est,
1526 628 1603 652 non
1625 614 1713 652 dico

321 680 560 724 inusitatum,
596 693 730 717 verum
765 679 927 717 omnino
958 679 1192 718 inauditum.
1233 679 1348 717 Unde
1382 679 1549 732 dejectus
1568 681 1580 717 ?
1618 680 1712 732 quid

322 745 513 798 proficies,
548 760 640 784 cum
661 746 719 783 illi
740 744 815 783 hoc
837 745 1119 798 respondebunt
1142 747 1228 790 tibi,
1252 747 1357 798 quod
1378 756 1420 785 tu
1450 760 1554 784 nunc
1580 746 1708 784 mihi?

322 821 485 850 armatos
503 812 537 849 se
554 812 626 849 tibi
648 811 841 856 obstitisse,
860 825 907 849 ne
926 812 967 848 in
984 812 1078 849 aedes
1096 813 1289 850 accederes
1303 831 1314 857 ;
1338 813 1453 864 dejici
1468 826 1581 865 porro
1602 812 1710 850 nullo

322 878 440 916 modo
460 878 634 930 potuisse,
657 878 725 930 qui
747 892 822 916 non
845 878 1047 916 accefferit.

373 945 546 997 Dejicior
566 957 649 996 ego,
672 945 817 998 inquis,
839 945 865 982 fi
887 945 973 997 quis
995 958 1171 983 meorum
1191 945 1382 997 dejicitur.
1407 945 1598 984 Omnino.
1622 947 1711 996 Jam

322 1010 419 1048 bene
436 1011 515 1063 agis
534 1025 542 1048 :
567 1024 586 1047 a
607 1011 729 1049 verbis
749 1011 855 1049 enirn
877 1011 1034 1056 recedis,
1055 1020 1092 1049 et
1113 1012 1290 1063 aequitate
1311 1012 1440 1050 uteris.
1474 1012 1581 1050 Nam
1600 1013 1712 1050 verba

321 1076 401 1128 ipsa
421 1077 446 1114 fi
468 1077 571 1128 sequi
592 1077 788 1122 volumus,
823 1078 1022 1130 quomodo
1053 1086 1096 1116 tu
1121 1078 1310 1130 dejiceris,
1343 1091 1435 1116 cum
1465 1077 1590 1116 servus
1623 1087 1709 1116 tuus

323 1143 501 1194 dejicitur
519 1143 532 1180 ?
564 1143 712 1181 Verum
732 1144 785 1182 ita
803 1143 869 1188 est,
892 1144 950 1182 uti
969 1144 1064 1182 dicis
1085 1159 1094 1182 z
1128 1152 1164 1181 te
1196 1143 1389 1196 dejectum
1420 1143 1539 1182 debeo
1561 1143 1710 1182 intelli-

321 1223 423 1261 gere,
446 1210 592 1248 etiamfi
613 1212 732 1248 tactus
755 1224 831 1248 non
848 1209 978 1249 fueris.
1003 1211 1174 1249 Nonne?
1197 1212 1282 1263 Age
1300 1225 1418 1256 nunc,
1438 1210 1463 1248 fi
1484 1224 1532 1248 ne
1552 1220 1711 1249 tuorum

322 1275 481 1326 quidem
497 1275 700 1327 quisquam
719 1275 806 1313 loco
826 1285 955 1313 motus
976 1276 1060 1320 erit,
1075 1284 1190 1327 atque
1210 1289 1344 1314 omnes
1360 1276 1401 1313 in
1422 1275 1565 1314 aedibus
1586 1275 1710 1313 adser-

322 1341 399 1378 vati
418 1354 461 1379 ac
483 1341 647 1386 retenti;
680 1349 723 1380 tu
753 1341 853 1380 solus
874 1340 1109 1394 prohibitus,
1137 1351 1176 1379 et
1205 1355 1225 1379 a
1251 1342 1326 1380 tuis
1358 1341 1503 1380 aedibus
1533 1342 1571 1379 vi
1598 1351 1713 1393 atque

322 1407 436 1444 armis
459 1407 707 1460 perterritus;
740 1416 871 1446 utrum
901 1407 1001 1446 hanc
1034 1407 1225 1446 actionem
1253 1406 1428 1452 habebis,
1462 1421 1538 1459 qua
1567 1421 1636 1445 nos
1659 1408 1712 1445 usl

322 1473 469 1518 sumus,
500 1488 547 1512 an
567 1474 680 1511 aliam
702 1474 940 1526 quampiam,
977 1487 1023 1511 an
1043 1473 1205 1511 omnino
1237 1473 1414 1511 nullam?
1446 1473 1612 1511 Nullam
1642 1472 1713 1510 effe

321 1541 511 1578 actionem
532 1540 658 1578 dicere
677 1540 717 1577 in
737 1553 775 1577 re
796 1549 874 1578 tam
896 1540 1047 1592 infigni,
1070 1548 1228 1592 tamque
1247 1540 1380 1585 atroci,
1397 1553 1521 1592 neque
1540 1540 1710 1592 pruden-

321 1605 384 1643 tiae
404 1620 529 1658 neque
549 1606 782 1644 auctoritatis
804 1615 877 1644 tuae
896 1606 947 1644 est
965 1621 973 1644 :
1006 1606 1078 1643 alia
1098 1606 1123 1644 fi
1144 1619 1219 1658 qua
1238 1605 1337 1644 forte
1355 1606 1420 1652 est,
1451 1620 1536 1658 quae
1556 1619 1625 1644 nos
1644 1605 1711 1644 fu-

321 1673 432 1724 gerit,
455 1672 530 1717 dic,
553 1687 637 1724 qua:
658 1672 728 1717 s1t;
761 1673 876 1725 cupio
891 1672 1045 1710 discere.

377 1739 474 1777 Haec
495 1739 520 1776 fi
540 1739 604 1783 est,
638 1753 714 1790 qua
734 1753 801 1778 nos
834 1740 886 1777 ufi
921 1740 1079 1784 sumus;
1113 1748 1149 1777 te
1173 1739 1307 1791 judice
1338 1740 1536 1778 vincamus
1568 1737 1710 1776 necesse

323 1804 398 1843 est:
431 1818 508 1843 non
529 1805 634 1843 enirn
655 1819 796 1851 vereor,
819 1819 866 1843 ne
885 1804 960 1843 hoc
981 1805 1097 1850 dicas,
1132 1806 1173 1843 in
1193 1805 1323 1843 eadem
1345 1805 1466 1850 causa,
1488 1804 1624 1843 eodem
1644 1804 1709 1842 in-

322 1871 496 1917 terdicto,
529 1881 566 1910 te
598 1881 770 1924 oportere
804 1872 962 1917 restitui,
995 1872 1190 1910 Caecinam
1222 1885 1299 1909 non
1331 1880 1518 1924 oportere.
1550 1871 1710 1909 Etenim

321 1939 384 1976 cui
406 1939 651 1990 perspicuum
673 1951 749 1976 non
777 1939 833 1983 fit,
870 1939 915 1976 ad
947 1939 1137 1976 incertum
1173 1938 1339 1975 revocari
1374 1938 1486 1983 bona,
1521 1937 1709 1982 fortunas,

322 2003 556 2056 poffeffiones
577 2005 770 2048 omniurn,
804 2005 830 2042 fi
852 2005 929 2042 ulla
960 2013 1131 2056 exparte
1157 2004 1340 2041 sententia
1369 2002 1485 2055 hujus
1516 2003 1711 2041 interdicti

322 2070 515 2107 diminuta
535 2080 599 2108 aut
620 2070 812 2108 infirmata
844 2071 888 2108 fit
908 2072 920 2107 ?
954 2071 992 2114 fi,
1029 2070 1249 2107 auctoritate
1269 2071 1442 2108 virorum
1464 2070 1616 2114 talium,
1643 2070 1708 2121 jus

322 2145 556 2174 armatorum
578 2135 785 2173 hominum
811 2137 962 2188 judicio
982 2136 1237 2187 approbatum
1258 2135 1455 2181 videatur,
1487 2136 1527 2173 in
1548 2149 1626 2188 quo
1640 2136 1708 2187 ju-

320 2202 423 2240 dicio
444 2216 521 2240 non
543 2202 588 2240 de
609 2202 723 2239 armis
744 2202 980 2246 dubitatum,
1014 2201 1074 2238 sed
1095 2201 1140 2238 de
1163 2201 1285 2239 verbis
1307 2201 1522 2253 quaesitum,
1554 2200 1625 2238 effe
1645 2200 1707 2237 di-

321 2269 458 2305 catur?
491 2267 574 2305 Isne
605 2268 705 2320 apud
736 2281 800 2305 vos
823 2267 1015 2305 obtinebit
1035 2267 1183 2304 causam
1205 2267 1324 2312 suam,
1357 2267 1426 2318 qui
1446 2266 1481 2304 se
1502 2267 1554 2303 ita
1572 2263 1705 2302 defen-

323 2334 420 2372 derit
439 2348 447 2371 z
481 2334 590 2385 Ejeci
611 2347 681 2385 ego
704 2343 738 2371 te
758 2334 910 2371 armatis
939 2332 1179 2378 hominibus,
1213 2346 1289 2370 non
1312 2333 1430 2382 dejeci
1449 2346 1457 2368 :
1491 2340 1533 2368 ut
1555 2340 1706 2368 tantum

323 2398 472 2436 facinus
494 2412 570 2436 non
603 2399 642 2436 in
674 2400 850 2451 aequitate
884 2398 1126 2442 defensionis,
1161 2398 1221 2435 scd
1255 2399 1294 2435 in
1322 2410 1395 2434 una
1426 2396 1532 2433 litera
1561 2395 1706 2433 latuiffe

324 2463 521 2501 videatur?
554 2464 726 2514 Hujusce
747 2465 797 2501 rei
819 2478 884 2502 vos
906 2464 1072 2501 statuetis
1106 2463 1253 2500 nullam
1273 2461 1344 2498 effe
1374 2461 1577 2505 actionem,
1608 2460 1705 2498 nulli

324 2529 540 2582 experiendi
557 2529 622 2580 jus
643 2529 910 2574 constitutum,
944 2529 1048 2580 quod
1069 2527 1256 2566 obstiterit
1282 2526 1434 2564 armatis
1466 2525 1705 2570 hominibus,

404 2596 471 2632 To
485 2607 536 2632 M.
560 2593 630 2632 IV.
1317 2594 1338 2630 S
1360 2591 1415 2629 ss
