2201 2792
334 166 378 204 19
507 150 1040 191 ARGUMENTA
1103 147 1637 187 ORATIONUM.

330 234 497 272 omnibus
520 234 746 270 vehementer
768 233 1025 281 plaudentibus.
1079 233 1201 279 Itaque
1226 231 1299 267 haec
1322 243 1388 266 non
1411 242 1481 266 tam
1508 231 1619 266 oratio
1638 241 1745 279 quam
1762 228 1811 265 ἵη-

329 287 502 333 terrogatio
518 284 579 326 est,
605 284 906 331 quemadmodum
926 283 969 317 ab
989 281 1060 329 ipso
1075 281 1243 316 Cicerone
1261 292 1334 328 cap.
1353 281 1416 316 ult,
1434 281 1638 327 appellatur.

441 403 603 454 Argum.
916 398 994 436 Pro
1024 398 1081 436 M.
1111 396 1223 436 Caelio.
1674 409 1715 449 p.
1743 406 1810 448 77.

380 488 494 524 MAR.
526 487 656 522 Caelius
683 497 788 532 eques
814 486 997 520 Romanus
1023 483 1251 529 Ciceronique
1279 482 1453 517 familiaris
1483 481 1561 517 fuit.
1613 481 1646 516 Is
1673 481 1811 517 duabus

331 536 604 574 accusationibus
627 536 668 570 C.
689 535 834 569 Antonii
860 544 894 568 et
918 534 1068 568 Atratini
1090 533 1258 567 inclaruit.
1311 532 1393 566 Hoc
1417 531 1538 565 dolore
1557 541 1749 576 permotus,
1776 538 1813 565 et

331 599 352 622 a
378 586 516 628 Clodia,
548 585 692 619 muliere
718 582 907 623 l1bidinosa,
944 583 982 617 P.
1009 582 1122 616 Clodii
1149 582 1270 622 sorore,
1299 579 1479 626 impulsus,
1508 579 1691 613 Atratinus
1721 579 1812 613 filius

331 635 484 672 Caelium
508 635 572 679 lege
598 634 738 667 Lutatia
763 631 800 665 de
825 633 863 665 vi
887 643 983 665 reum
1010 630 1105 670 fecit,
1132 631 1228 676 quod
1256 641 1274 663 a
1300 629 1423 663 Clodia
1451 640 1573 662 aurum
1599 639 1641 661 ex
1665 627 1813 663 armario

332 693 499 720 mutuum
519 681 720 726 sumpslffet,
737 693 807 726 quo
826 681 938 714 servos
957 679 1102 714 Lucceii
1122 679 1163 713 ad
1181 679 1314 713 caedem
1333 677 1457 712 Dionis
1477 678 1581 723 legati
1600 675 1814 711 Alexandri-

332 744 458 767 norum
485 730 702 777 impelleret;
739 729 876 769 deinde,
903 739 983 771 cum
1010 727 1134 762 Clodia
1160 739 1282 761 aurum
1310 727 1502 773 repetiiffet,
1529 726 1639 760 servos
1666 724 1738 771 ejus
1767 723 1814 759 ad

331 781 512 816 dominam
540 790 672 814 veneno
697 778 884 812 tollendam
907 776 1119 817 sollicitaffet,
1147 774 1445 822 deprehensusque
1470 775 1513 809 ab
1537 774 1654 808 amicis
1676 774 1814 808 Clodiae

333 829 369 864 in
389 828 520 865 balneis
541 827 698 863 Licinius
716 827 807 868 esset,
833 837 912 860 cum
931 837 1106 861 venenum
1123 824 1216 859 servo
1233 824 1368 859 Clodiae
1389 823 1543 858 traderet.
1599 824 1636 857 ln
1663 832 1814 869 utroque

332 878 478 913 crimine
501 876 669 912 diluendo
694 876 817 910 Cicero
841 874 1003 915 versatur,
1031 875 1089 916 ita,
1117 884 1156 908 ut
1181 885 1292 920 neque
1315 872 1522 919 principium
1548 882 1660 917 neque
1678 871 1814 906 exitum

332 927 461 962 habere
482 925 650 966 ostendat,
677 925 711 959 h.
730 936 759 959 e.
787 935 900 970 neque
924 923 1035 958 causas
1057 922 1168 958 afferri
1196 923 1300 969 pofl'e,
1326 921 1455 967 quibus
1474 919 1601 955 Caelius
1620 920 1663 955 ad
1682 919 1747 954 hoc
1764 918 1817 954 fa·

334 975 432 1010 cinus
457 974 618 1009 inductus
641 973 691 1015 fit,
719 984 832 1018 neque
854 984 906 1006 res
931 972 1027 1018 ipsaS,
1053 971 1182 1018 quibus
1210 972 1341 1006 crimen
1362 970 1590 1010 contineatur,
1618 969 1706 1003 inter
1728 967 1759 1003 se
1779 975 1817 1003 et

333 1035 415 1059 cum
434 1022 610 1070 principiis
628 1021 825 1056 consentire.
871 1020 920 1055 Et
937 1020 1100 1066 quoniam
1122 1020 1231 1054 multa
1249 1021 1283 1053 in
1303 1019 1411 1053 vitam
1431 1017 1530 1052 Caelii
1548 1017 1638 1052 dista
1656 1026 1752 1052 erant
1769 1016 1815 1051 ab

331 1072 538 1112 accusatore,
565 1070 616 1105 his
634 1082 775 1117 quoque
793 1069 915 1104 Cicero
934 1068 1129 1115 respondet,
1155 1077 1190 1102 et
1208 1068 1351 1102 crimina
1369 1079 1408 1102 ea
1425 1067 1549 1112 partim
1571 1065 1706 1108 refellit,
1735 1076 1815 1112 par·

335 1121 400 1158 tim
418 1120 568 1162 excusat,
594 1129 629 1155 et
648 1120 783 1167 optima
799 1129 950 1165 quaeque
967 1116 1002 1152 in
1016 1117 1190 1165 posterum
1202 1116 1338 1163 judices
1353 1128 1372 1151 a
1385 1115 1493 1151 Caelio
1506 1116 1686 1162 expectare
1697 1114 1815 1163 jubet.

443 1239 606 1291 Argum.
780 1236 845 1275 De
863 1231 1076 1273 Provinciis
1096 1231 1366 1286 Consularibus.
1662 1243 1699 1283 p.
1726 1242 1815 1283 107.

383 1323 475 1359 Cum
496 1322 531 1357 in
551 1321 699 1357 formam
727 1320 914 1368 provinciae
931 1319 1065 1355 reda&a
1090 1319 1171 1354 effet
1198 1318 1289 1354 bello
1313 1318 1403 1352 vieta
1425 1317 1533 1364 regiO,
1560 1316 1763 1352 mittebatur
1780 1315 1816 1351 in

332 1383 412 1407 eam
429 1372 558 1407 Consul
575 1380 634 1406 aut
652 1371 795 1410 Praetor,
814 1369 969 1416 deposito
987 1368 1195 1415 Magistratu
1212 1367 1359 1408 urbano,
1376 1366 1437 1412 qui
1460 1378 1535 1400 eam
1555 1365 1816 1407 administraret,

335 1421 369 1456 h.
389 1433 419 1456 e.
445 1430 504 1455 aut
523 1418 795 1466 jurisdiCtionem
818 1418 920 1453 solam
946 1427 1130 1457 exerceret,
1158 1426 1218 1450 aut
1244 1415 1344 1450 simul
1371 1415 1488 1457 etiam,
1515 1415 1540 1449 fi
1562 1415 1701 1461 quando
1727 1425 1816 1460 opus

334 1470 429 1510 esset,
458 1470 589 1504 bellum
607 1467 866 1503 administraret.
909 1467 1030 1512 Qam
1049 1465 1174 1501 Consul
1197 1463 1466 1506 administrabat,
1492 1463 1684 1508 Consularis,
1709 1473 1818 1509 quarn

335 1528 453 1553 autem
474 1518 617 1559 Praetor,
636 1517 798 1552 Praetoria
815 1515 1062 1562 appellabatur.
1100 1515 1140 1549 In
1160 1514 1222 1548 hac
1240 1525 1325 1560 ergo
1341 1513 1509 1548 Oratione
1529 1513 1593 1547 hoc
1611 1512 1818 1558 disputatur,

335 1567 371 1601 in
391 1578 476 1613 quas
502 1565 693 1613 provincias
719 1564 871 1599 consules
895 1563 1054 1611 proxime
1075 1562 1202 1598 futuris
1223 1562 1372 1597 comitiis
1390 1561 1526 1596 creandi
1547 1560 1637 1595 mitti
1655 1561 1817 1607 placeret.

334 1615 426 1651 Eam
451 1614 573 1650 habuit
597 1614 721 1649 Cicero
745 1614 779 1648 in
798 1614 939 1655 Senatu,
965 1624 1046 1647 cum
1065 1613 1109 1647 de
1127 1624 1165 1646 ea
1185 1623 1218 1646 re
1238 1620 1378 1658 rogatus
1396 1610 1475 1644 effer
1493 1622 1511 1644 a
1529 1608 1665 1644 consule
1684 1609 1817 1644 senten-

335 1664 421 1699 tiam
446 1675 462 1698 e
485 1663 551 1710 lege
576 1664 768 1708 Sempronia,
795 1673 865 1709 qua
882 1671 1024 1697 cautum
1046 1670 1131 1703 erat,
1158 1671 1197 1695 ut
1215 1669 1293 1695 ante
1311 1659 1451 1694 comitia
1468 1659 1653 1693 consularia
1670 1658 1818 1693 Senatus

335 1713 547 1754 decerneret,
573 1712 606 1747 in
626 1723 711 1759 quas
730 1711 927 1746 Provincias
945 1709 1109 1745 Consules
1127 1709 1292 1756 designati
1312 1708 1386 1754 post
1405 1707 1620 1743 consulatum
1641 1707 1819 1741 mitteren-

337 1771 410 1803 tur,
435 1762 536 1808 eique
555 1761 648 1796 SCto
667 1772 708 1794 ne
727 1759 893 1795 intercedi
910 1759 1028 1806 posset.
1081 1758 1136 1794 Eo
1153 1768 1269 1793 autem
1291 1757 1419 1804 spectat
1439 1757 1603 1791 sententia
1626 1755 1818 1797 Ciceronis,

336 1819 378 1845 ut
405 1809 479 1845 Piso
505 1819 540 1844 et
565 1809 735 1849 Gabinius
761 1820 805 1844 ex
830 1808 1028 1856 provinciis,
1058 1818 1144 1854 quas
1172 1807 1267 1841 nullo
1294 1807 1438 1841 Senatus
1465 1806 1632 1846 consulto,
1659 1803 1713 1839 sed
1740 1804 1818 1851 lege

335 1858 473 1900 Clodia,
498 1858 715 1900 obtinebant,
741 1866 777 1892 et
801 1857 965 1892 omnibus
992 1857 1104 1891 modis
1127 1855 1299 1890 vexabant
1320 1863 1353 1889 et
1372 1854 1572 1900 spoliabant,
1599 1861 1818 1895 revocentur,

336 1906 453 1954 eisque
469 1906 668 1942 succedatur
685 1906 742 1948 fic,
769 1915 808 1940 ut
827 1906 986 1952 proximo
1004 1915 1094 1940 anno
1113 1904 1176 1939 lint
1193 1904 1364 1950 praetoriae
1387 1912 1422 1938 et
1445 1914 1463 1937 a
1485 1902 1624 1937 duobus
1642 1901 1818 1948 praesentis

337 1956 419 1992 anni
437 1955 650 1992 Praetoribus
671 1954 905 1995 obtineantur,
932 1965 974 1989 eo
992 1963 1110 1989 autem
1135 1953 1268 1994 exacto,
1295 1951 1484 1987 consulares
1509 1951 1604 1986 fiant.
1655 1950 1704 1985 Et
1729 1961 1819 1997 quo·

339 2006 431 2040 niam
454 2005 515 2051 qui
540 2014 617 2039 ante
640 2003 749 2050 ipsum
768 2003 922 2037 dixerant
947 2002 1139 2043 sententias,
1165 2012 1292 2048 praeter
1314 2000 1513 2042 Servilium,
1539 1999 1751 2041 censuerant,
1778 2006 1820 2034 ut

338 2054 500 2089 alterutra
518 2053 630 2088 Gallia
647 2052 771 2087 Caesari
790 2052 1039 2093 detraheretur,
1066 2060 1101 2086 et
1119 2049 1302 2085 consularis
1320 2050 1428 2090 fieret,
1456 2049 1612 2095 unusque
1636 2059 1679 2083 ex
1697 2048 1737 2083 iis
1755 2047 1821 2082 mi-

337 2103 403 2138 rari
421 2102 452 2138 se
465 2101 668 2142 ostenderat,
685 2112 791 2148 quare
808 2101 931 2135 Cicero
949 2099 995 2135 ita
1011 2108 1147 2135 ornaret
1161 2097 1342 2140 Caesarem,
1361 2097 1417 2132 cui
1431 2098 1555 2133 eodem
1567 2095 1642 2143 jure
1657 2096 1819 2131 inimicus

337 2152 417 2193 effe,
445 2162 518 2198 quo
550 2149 714 2192 Gabinio,
745 2149 866 2195 poffet,
892 2148 988 2195 quod
1017 2148 1184 2184 Clodium
1211 2146 1246 2181 in
1274 2146 1433 2182 vexando
1461 2147 1632 2181 Cicerone
1649 2144 1819 2191 juviss‘et3

337 2199 491 2247 graviter
511 2208 548 2234 et
573 2199 694 2234 multis
720 2197 836 2233 verbis
863 2198 977 2239 docet,
1003 2208 1111 2243 quare
1134 2194 1260 2232 Caesari
1282 2195 1376 2230 nulla
1394 2195 1584 2242 provinciae
1605 2205 1683 2241 pars
1705 2194 1819 2228 detra·

339 2249 453 2283 henda
466 2247 530 2290 fit·‚
549 2247 686 2295 injurias
703 2256 820 2282 autern
834 2247 856 2282 fi
869 2258 956 2294 quas
973 2258 992 2281 a
1009 2245 1143 2282 Caesare
1157 2245 1338 2292 acceperit,
1356 2255 1413 2279 eas
1431 2243 1461 2279 se
1478 2255 1600 2280 omnes
1616 2242 1818 2289 reipublicae

338 2297 555 2382 corLdonaqje,
582 2307 696 2345 neque
721 2295 752 2331 se
775 2295 810 2331 in
832 2295 999 2332 sententia
1020 2294 1167 2332 dicenda
1186 2293 1268 2330 odio
1289 2293 1444 2336 obedire,
1469 2292 1523 2329 sed
1545 2291 1732 2328 utilitatem
1755 2289 1819 2333 rei!

338 2356 389 2394 pu
417 2346 492 2382 licae
522 2345 614 2393 equi.
