2201 2792
759 115 894 155 PRO
954 113 1004 150 A.
1066 105 1378 147 CAEcrNA.
1684 109 1762 148 495

379 226 490 270 illud,
522 222 626 277 quod
647 215 954 271 indigniffimum
975 210 1041 254 est,
1063 207 1240 246 futurum
1260 200 1430 241 arbitrati
1453 199 1551 242 sunt,
1574 205 1617 235 ut
1637 196 1675 233 in
1697 194 1768 232 hac

381 293 490 332 causa
511 304 586 329 non
607 288 653 326 de
673 283 921 337 improbitate
943 280 1026 316 Sex.
1050 272 1218 317 AEbutii‚
1240 269 1301 308 sed
1321 268 1366 306 de
1382 268 1468 319 jure
1487 264 1607 308 civili,
1623 260 1769 314 judici-

383 373 451 397 um
472 357 553 396 fieri
573 354 777 393 videretur.

440 425 530 473 Qa
549 423 589 460 in
617 433 668 463 re,
700 418 726 455 fi
747 413 847 454 mihi
867 410 956 450 effet
975 408 1090 446 unius
1111 406 1162 444 A.
1186 401 1350 442 Caecinae
1371 396 1480 436 causa
1499 392 1655 448 agenda,
1683 403 1774 443 pro-

386 490 512 529 fiterer
531 487 616 526 satis
637 484 822 522 idoneum
850 477 919 516 effe
940 488 1003 514 me
1023 470 1276 513 defensorem,
1309 472 1506 519 propterea
1536 458 1640 512 quod
1661 456 1778 494 fidem

387 569 517 595 meam
533 550 855 604 diligentiamque
870 541 1082 596 praestarem
1101 552 1110 575 t
1132 549 1217 588 quae
1232 546 1324 571 cum
1345 530 1432 569 sunt
1451 529 1491 566 in
1507 527 1630 564 actore
1647 521 1778 564 causae,

392 621 492 660 nihil
511 620 578 664 est,
610 619 651 655 in
670 629 708 653 re
728 610 935 666 praesertim
961 613 1089 658 aperta
1107 616 1149 640 ac
1170 598 1352 652 simplici,
1381 595 1487 647 quod
1506 590 1697 631 excellens
1719 588 1781 625 in-

392 688 552 739 genium
573 680 799 734 requiratur.
823 673 894 713 Sed
915 685 1006 710 cum
1022 670 1068 707 de
1088 681 1133 705 eo
1148 666 1235 718 jure
1256 661 1357 701 mihi
1372 659 1582 698 dicendum
1601 656 1659 699 fit,
1679 651 1786 706 quod

394 753 582 807 pertineat
601 747 647 785 ad
667 756 817 787 omnes,
839 739 945 792 quod
965 735 1221 775 constitutum
1242 730 1286 767 fit
1305 742 1326 766 a
1345 725 1569 778 majoribus,
1587 720 1786 760 conserva-

395 828 482 857 tum
502 816 620 867 usque
640 811 686 848 ad
705 808 781 847 hoc
813 816 990 857 tempus;
1022 813 1100 852 quo
1120 797 1281 839 sublato,
1304 806 1381 831 non
1402 791 1527 829 solum
1548 800 1630 841 pars
1662 785 1789 836 aliqua

394 884 493 938 juris
513 879 725 920 deminuta,
748 872 938 912 sedetiam
958 869 1014 906 vis
1035 879 1090 911 ea,
1112 877 1196 917 quae
1211 861 1290 914 juri
1311 858 1480 897 maxime
1500 855 1551 893 est
1571 850 1789 893 adversaria,

395 949 545 1004 judicio
565 944 802 985 confirmata,
834 936 905 976 effe
934 934 1133 976 videatur3
1166 928 1276 967 video
1297 925 1440 964 summi
1466 920 1613 974 ingenii
1642 917 1792 956 causam

403 1016 475 1055 esse
494 1030 502 1054 :
536 1027 614 1052 non
636 1010 692 1048 uti
712 1004 990 1046 demonstretur
1011 998 1117 1052 quod
1136 1005 1223 1034 ante
1244 993 1375 1032 oculos
1395 989 1461 1034 est,
1484 988 1544 1026 sed
1567 986 1628 1030 rie,
1661 984 1685 1022 fi
1708 983 1794 1035 quis

405 1083 514 1121 vobis
536 1092 637 1118 error
657 1077 697 1114 in
719 1083 822 1113 tanta
842 1084 879 1109 re
900 1070 944 1108 fit
963 1067 1150 1119 objectus,
1179 1072 1313 1100 omnes
1334 1057 1463 1111 potius
1484 1068 1547 1092 me
1567 1051 1797 1090 arbitrentur

406 1149 537 1193 causae,
560 1158 676 1199 quam
697 1154 762 1179 vos
784 1136 960 1190 religioni
979 1133 1119 1176 vestrae,
1141 1126 1311 1167 defuisse.

465 1217 702 1266 Qanquam
733 1220 803 1259 ego
829 1202 929 1242 mihi
949 1201 999 1239 fic
1028 1195 1245 1252 persuadeo,
1276 1194 1592 1243 Recuperatores‚
1625 1197 1702 1222 non
1732 1193 1800 1219 vos

411 1292 491 1322 tam
512 1287 667 1333 propter
681 1274 778 1327 juris
809 1269 1017 1309 obscuram.
1030 1264 1266 1313 dubiamque
1285 1258 1472 1297 rationem
1492 1255 1550 1292 bis
1570 1253 1652 1304 jam
1673 1249 1718 1287 de
1737 1261 1802 1286 ea-

414 1348 502 1386 dem
523 1342 632 1383 causa
646 1337 845 1381 dubitasse,
862 1346 995 1387 quarn,
1010 1329 1115 1383 quod
1134 1327 1285 1365 videtur
1305 1323 1351 1361 ad
1365 1322 1555 1359 summam
1578 1317 1682 1354 illius
1704 1312 1804 1352 exis-

414 1411 659 1453 timationem
680 1404 756 1443 hoc
783 1400 978 1454 judicium
999 1395 1202 1449 pertinere,
1233 1402 1382 1428 moram
1402 1386 1448 1424 ad
1468 1379 1808 1423 condemnandum

416 1474 624 1530 acquififfe,
661 1469 774 1509 fimul
808 1476 846 1504 et
880 1464 939 1502 illi
970 1461 1136 1514 spatium
1170 1457 1216 1495 ad
1250 1455 1323 1493 sese
1355 1450 1621 1504 colligendum
1654 1443 1808 1483 dedifi‘e.

420 1543 538 1596 Qod
559 1538 744 1592 quoniam
759 1535 841 1585 jam
862 1531 901 1568 in
920 1524 1238 1567 consuetudinem
1258 1520 1377 1563 venit,
1395 1527 1432 1556 et
1453 1517 1491 1554 id
1510 1516 1580 1553 viri
1601 1512 1708 1555 boni,
1727 1508 1809 1547 ves-

421 1611 472 1650 tri
488 1608 642 1649 fimiles,
661 1604 700 1641 in
714 1597 925 1654 judicando
944 1594 1106 1637 faciunt,
1123 1585 1479 1642 reprehendendum
1497 1579 1646 1619 fortasse
1666 1577 1811 1619 minus,

423 1674 666 1730 querendum
686 1681 773 1707 vero
793 1665 914 1717 magis
936 1662 1067 1704 etiam,
1088 1656 1263 1695 videtur:
1287 1653 1372 1691 ideo
1391 1649 1496 1702 quod
1523 1646 1653 1685 omnia
1668 1642 1816 1695 judicia

426 1752 491 1782 aut
511 1735 839 1779 distrahendarum
870 1724 1223 1768 controversiarum,
1257 1727 1321 1756 aut
1353 1714 1637 1769 puniendorum
1664 1707 1815 1746 malefi-

427 1810 594 1851 ciorum,
609 1802 716 1842 causa
736 1807 880 1852 reperta
897 1795 1001 1834 sunt:
1025 1802 1191 1844 quorum
1210 1786 1375 1824 alterum
1395 1782 1514 1819 levius
1535 1778 1599 1822 est,
1623 1783 1821 1828 propterea

430 1873 536 1928 quod
555 1880 593 1909 et
614 1870 742 1907 minus
763 1864 880 1907 laedit,
898 1870 934 1899 et
954 1858 1113 1912 persaepe
1133 1853 1380 1904 disceptatore
1401 1844 1609 1885 domestico
1630 1839 1819 1892 dijudica-

431 1951 521 1984 tur3
541 1937 706 1975 alterum
727 1932 779 1970 est
800 1923 1190 1967 vehementiffimum,
1215 1916 1320 1970 quod
1333 1924 1370 1952 et
1390 1914 1435 1951 ad
1456 1910 1642 1964 graviores
1663 1919 1719 1944 res
1735 1918 1821 1957 per-

434 2008 544 2050 tinet,
567 2013 604 2041 et
626 2014 701 2039 non
721 1996 965 2036 honorariam
994 2001 1149 2043 operam
1170 1984 1299 2027 amici,
1322 1981 1383 2019 sed
1404 1978 1639 2018 severitatem
1666 1971 1823 2024 judicis,

437 2086 479 2111 ac
499 2071 595 2114 vim,
618 2066 792 2118 requirit.

495 2135 614 2187 Qod
633 2133 685 2171 est
706 2129 869 2184 gravius,
891 2135 927 2163 et
948 2125 1057 2175 cujus
1079 2121 1131 2158 rei
1148 2117 1255 2156 causa
1276 2114 1444 2153 maxime
1459 2109 1604 2162 judicia
1625 2104 1829 2144 constituta

441 2205 542 2248 sunt,
564 2201 602 2239 id
618 2201 699 2252 jam
722 2196 821 2234 mala
841 2188 1114 2230 consuetudine
1138 2183 1360 2222 diffolutum
1383 2178 1446 2216 est.
1481 2177 1586 2214 Nam
1608 2181 1649 2209 ut
1670 2180 1830 2221 quicque

443 2284 499 2310 res
520 2268 572 2307 est
593 2263 818 2318 turpissima,
855 2260 903 2296 fic
924 2255 1093 2294 maxime
1115 2260 1152 2289 et
1174 2246 1420 2288 maturissime
1443 2238 1649 2294 judicanda
1670 2235 1721 2271 est
1740 2249 1747 2270 :
1795 2240 1832 2268 at

445 2351 500 2381 ea,
524 2337 561 2373 in
582 2346 657 2386 qua
675 2324 964 2369 existimationis
986 2318 1201 2375 periculum
1219 2315 1285 2358 est,
1308 2309 1511 2350 tardissime
1528 2304 1735 2356 judicatur.

505 2401 577 2440 111.
610 2399 691 2449 Qi
712 2396 830 2448 igitur
850 2389 1043 2432 convenit,
1077 2398 1161 2437 quae
1182 2382 1289 2420 causa
1310 2376 1426 2415 fucrit
1457 2373 1501 2409 ad
1523 2365 1834 2407 constituendum

444 2466 653 2520 judicium,
687 2461 846 2500 eandem
868 2469 1015 2495 moram
1047 2451 1118 2489 effe
1139 2448 1181 2486 ad
1209 2442 1462 2498 judicandum
1483 2438 1494 2473 ἓ
1529 2437 1563 2473 Si
1601 2433 1701 2484 quis,
1734 2428 1837 2481 quod.
