2201 2792
519 167 603 217 464
952 163 1041 203 IN
1118 163 1501 202 VERREM

519 276 671 319 geretur
690 280 737 306 ex
758 263 967 308 mercibus,
1000 262 1143 314 quibus
1165 274 1213 299 ex
1232 261 1329 299 locis
1349 260 1586 313 navigarent.
1618 260 1713 299 Non
1734 260 1913 313 provide-

519 345 616 380 rant,
639 348 697 372 eas
718 332 814 386 ipsas
835 331 905 369 fibi
933 329 1058 367 causas
1079 328 1149 366 effe
1170 328 1348 381 periculi,
1381 327 1523 380 quibus
1549 327 1782 380 adjumentis
1804 328 1840 366 se
1869 328 1916 366 ad

519 402 679 441 salutem
700 400 757 438 uti
774 397 1069 436 arbitrabantur.
1093 394 1166 433 Iste
1186 394 1291 431 enim
1310 392 1391 431 haec
1411 407 1474 432 eos
1495 407 1542 433 ex
1561 384 1773 447 piratarum
1793 394 1914 433 socie-

519 478 596 507 tate
615 468 771 520 adeptos
792 464 862 502 effe
893 462 1068 500 dicebat:
1101 460 1200 513 ipsos
1230 460 1270 498 in
1297 460 1475 498 latumias
1503 460 1644 498 abduci
1674 462 1913 514 imperabat:

518 549 629 574 naves
649 546 783 572 eorum
804 539 919 583 atque
939 542 1053 567 onera
1073 528 1280 580 diligenter
1299 526 1510 566 affervanda
1531 527 1700 565 curabat.

572 601 703 640 LVII.
736 599 812 637 His
833 595 1016 635 institutis
1043 608 1135 633 cum
1156 594 1375 646 completus
1394 593 1478 645 jam
1500 602 1760 632 mercatorum
1789 606 1917 632 carcer

518 668 621 713 effet,
657 677 743 705 tum
777 665 843 703 illa
875 663 1029 707 fiebant,
1066 675 1151 714 quae
1173 662 1221 699 L.
1247 661 1438 705 Suetium,
1473 661 1649 713 equitem
1670 662 1914 706 Romanum,

518 735 765 773 leffiffimum
786 732 928 774 virum,
952 729 1077 766 dicere
1097 727 1267 772 audistis,
1285 736 1324 765 et
1339 740 1426 779 quae
1446 736 1600 764 caeteros
1617 726 1792 765 audietis.
1817 728 1914 765 Cer-

517 803 618 839 vices
640 801 679 837 in
701 810 846 836 carcere
867 795 1141 847 frangebantur
1172 792 1434 846 indigniffime
1460 794 1607 831 civium
1628 794 1913 838 Romanorum,

518 877 560 905 ut
576 868 657 919 jam
680 865 746 903 illa
766 876 854 908 vox,
876 870 913 900 et
933 861 1000 899 illa
1019 859 1255 913 imploratio,
1286 861 1411 898 Crvls
1436 859 1666 897 ROMANUS
1693 872 1800 903 SUM‚
1829 872 1914 911 quae

517 935 611 988 saepe
643 932 793 975 multis,
826 930 866 967 in
888 928 1038 967 ultimis
1059 928 1182 972 terris,
1214 940 1330 980 opem
1358 927 1458 964 inter
1489 926 1666 964 barbaros
1697 935 1735 963 et
1754 925 1916 964 salutem

517 1003 622 1045 tulit,
640 1014 681 1038 ea
701 1007 868 1037 mortem
889 996 967 1033 illis
983 994 1233 1038 acerbiorem,
1256 1002 1294 1030 et
1310 992 1546 1045 supplicium
1561 993 1765 1038 maturius,
1781 991 1912 1031 ferret.

516 1069 625 1120 Qid
646 1067 712 1111 est,
734 1065 869 1103 Verres
888 1063 901 1099 ?
933 1062 1029 1114 quid
1049 1060 1095 1099 ad
1116 1059 1197 1099 haec
1227 1061 1371 1113 cogitas
1399 1059 1619 1113 respondere
1638 1061 1651 1097 ?
1682 1073 1779 1098 num
1800 1073 1914 1098 men-

516 1135 581 1172 tiri
602 1134 692 1172 me?
726 1145 822 1169 num
843 1129 987 1182 fingere
1007 1127 1154 1179 aliquid
1174 1127 1185 1164 ?
1218 1138 1314 1164 num
1336 1139 1473 1178 augere
1493 1125 1670 1164 crimen?
1701 1139 1799 1163 num
1819 1124 1914 1178 quid

516 1201 659 1239 horum
690 1200 815 1238 dicere
846 1197 924 1234 istis
945 1183 1207 1233 defensoribus
1230 1194 1305 1231 tuis
1326 1193 1467 1231 audes?
1501 1194 1607 1231 Cedo
1628 1191 1744 1238 mihi,
1771 1192 1912 1245 quaeso,

515 1283 563 1306 ex
584 1268 696 1321 ipfius
717 1266 799 1303 sinu
820 1264 945 1301 literas
960 1260 1292 1312 Syracusanorum,
1307 1273 1400 1312 quas
1421 1259 1488 1297 iste
1507 1260 1553 1297 ad
1574 1260 1778 1297 arbitrium
1798 1258 1912 1297 suum

515 1333 706 1373 confectas
727 1330 796 1369 effe
816 1329 1019 1367 arbitratur
1037 1341 1045 1364 :
1078 1326 1172 1364 cedo
1193 1326 1381 1364 rationem
1400 1326 1574 1370 carceris,
1591 1338 1676 1377 quae
1695 1324 1911 1377 diligentis-

515 1402 608 1440 fime
629 1398 848 1441 conficitur,
877 1408 955 1448 quo
987 1393 1150 1446 quisque
1170 1393 1230 1431 die
1250 1392 1359 1430 datus
1382 1393 1422 1430 in
1448 1392 1676 1437 custodiam,
1705 1405 1783 1445 quo
1803 1405 1911 1430 mor—

514 1478 618 1512 tuus,
638 1480 715 1520 quo
736 1471 890 1503 necatus
911 1461 968 1499 fit.
1000 1461 1197 1498 LITERAE
1222 1460 1650 1497 SYRACUSANORUM.

569 1534 721 1573 Videtis
756 1531 856 1569 cives
878 1529 1077 1566 Romanos
1107 1526 1298 1579 gregatim
1333 1526 1525 1578 conjectos
1548 1525 1589 1563 in
1607 1524 1785 1563 latumias
1809 1539 1818 1563 ι
1849 1525 1912 1563 vi-

515 1603 611 1641 detis
634 1597 897 1653 indigniffimo
928 1596 968 1633 in
995 1595 1083 1632 loco
1103 1601 1362 1632 coacervatam
1383 1593 1682 1631 multitudinem
1702 1591 1914 1631 vestrorum

515 1670 675 1708 civium.
709 1666 880 1719 Qaerite
910 1676 1015 1701 nunc
1046 1661 1226 1717 vestigia,
1262 1661 1404 1713 quibus
1437 1661 1563 1699 exitus
1584 1659 1743 1698 illorum
1775 1673 1822 1698 ex
1841 1660 1912 1698 illo

512 1737 600 1775 loco
632 1740 890 1787 compareant.
923 1729 1048 1768 Nulla
1066 1729 1167 1767 sunt.
1202 1727 1401 1766 Omnesne
1432 1728 1609 1766 mortui?
1643 1727 1681 1765 Si
1711 1727 1764 1764 ita
1794 1726 1914 1780 poffet

513 1802 729 1847 defendere,
750 1810 879 1838 tamen
900 1796 993 1834 fides
1014 1795 1108 1833 huic
1129 1793 1339 1832 defensioni
1361 1809 1438 1833 non
1459 1793 1676 1832 haberetur.
1699 1793 1771 1831 Sed
1791 1793 1912 1846 scrip·

514 1879 600 1907 tum
631 1877 733 1907 extat
766 1867 806 1904 in
827 1863 961 1902 iisdem
981 1862 1101 1900 literis
1120 1890 1130 1906 ,
1167 1861 1273 1913 quod
1300 1861 1367 1899 iste
1386 1860 1507 1899 homo
1529 1860 1732 1904 barbarus,
1769 1873 1811 1897 ac
1832 1859 1910 1897 dis—

515 1935 684 1979 solutus,
717 1945 841 1984 neque
871 1928 1065 1967 attendere
1097 1939 1291 1979 unquam,
1329 1940 1454 1978 neque
1489 1926 1717 1978 intelligere,
1748 1926 1909 1978 potuit3

516 2010 573 2037 ΕΔ
587 2012 594 2035 1
610 2011 637 2035 K
652 2010 676 2034 Α.
690 2009 699 2034 1
713 2005 883 2034 ΩΘΠΣΑ
897 2004 939 2039 N,
962 1994 1104 2043 inquit,
1126 1992 1201 2031 hoc
1221 1992 1286 2037 est,
1309 2002 1351 2030 ut
1373 1992 1494 2030 Siculi
1514 1992 1742 2045 loquuntur,
1762 1992 1909 2045 suppli-

514 2068 575 2106 cio
595 2065 733 2108 affecti,
757 2076 798 2100 ac
821 2063 943 2100 necati
964 2061 1063 2099 sunt.

571 2131 721 2171 L'x‘ffl.
755 2130 792 2168 Si
824 2129 911 2181 quis
934 2142 1012 2172 rex,
1035 2127 1060 2165 fi
1082 2140 1157 2178 qua
1177 2126 1309 2164 civitas
1330 2134 1544 2164 exterarum
1565 2126 1759 2178 gentium,
1789 2125 1814 2163 fi
1835 2137 1911 2178 qua

514 2200 632 2244 natio,
652 2196 794 2235 fecisset
815 2195 961 2246 aliquid
982 2195 1022 2231 in
1043 2194 1169 2231 civem
1187 2193 1411 2230 Romanum
1432 2193 1635 2245 ejusmodi,
1658 2205 1786 2229 nonne
1805 2192 1908 2244 pub-

513 2269 589 2305 lice
620 2263 933 2303 vindicaremus?
966 2275 1043 2299 non
1077 2260 1182 2297 bello
1215 2259 1556 2313 persequeremur?
1588 2259 1778 2311 possemus
1808 2256 1909 2296 hanc

513 2334 695 2386 injuriam
717 2330 1052 2384 ignominiamque
1073 2327 1242 2364 nominis
1264 2327 1434 2363 Romani
1455 2325 1619 2363 inultam
1648 2325 1908 2377 impunitam-

513 2415 588 2452 que
619 2398 814 2437 dimittere
833 2397 844 2434 ?
877 2396 987 2446 Qot
1015 2392 1114 2432 bella
1143 2393 1304 2444 majores
1326 2391 1470 2429 nostros
1490 2400 1529 2429 et
1552 2400 1694 2443 quanta
1714 2390 1908 2444 suscepiffe

513 2465 768 2510 arbitramini,
797 2463 901 2516 quod
922 2462 1022 2500 cives
1051 2459 1221 2499 Romani
1242 2458 1379 2511 injuria
1399 2457 1538 2503 affecti,
1561 2457 1665 2510 quod
1686 2457 1907 2496 navicularii
