2201 2792
454 217 525 256 108
965 220 1322 260 ORATIO

501 320 556 356 At
572 318 675 356 enim
697 317 852 356 forsitan
872 317 947 357 hoc
965 319 1036 357 tibi
1057 320 1183 358 veniat
1202 320 1243 358 in
1264 329 1450 366 mentem,
1474 320 1721 374 repromififfe
1742 322 1846 359 Fan-

447 385 557 422 nium
579 385 733 430 Roscio,
766 386 790 422 li
813 385 907 437 quid
926 399 945 422 a
966 386 1100 423 Flavio
1120 385 1312 438 exegisset,
1347 387 1427 438 ejus
1449 396 1596 439 partem
1617 387 1843 431 dimidiam;

446 451 507 488 sed
527 451 688 488 omnino
707 451 866 503 exegifl‘e
887 450 1001 489 nihil.
1035 452 1171 504 Qid?
1203 461 1247 489 tu
1266 465 1344 490 non
1361 453 1511 491 exitum
1533 454 1754 498 exaffionis,
1784 452 1846 490 sed

444 516 603 554 initium
639 517 951 569 repromiffionis,
987 517 1149 570 spedstare
1178 517 1320 555 debes?
1352 531 1491 569 neque,
1526 518 1553 555 fi
1572 518 1639 556 ille
1670 517 1846 571 persequi

445 582 585 626 noluit,
617 596 708 627 non,
731 582 837 634 quod
870 583 911 620 in
942 583 977 620 se
997 582 1087 627 fuit,
1113 583 1317 634 judicavit,
1353 583 1541 621 Roscium
1563 583 1657 628 suas,
1685 597 1764 621 non
1784 583 1844 621 so-

443 647 592 685 cietatis
613 648 713 692 lites,
747 647 960 686 redemiffe?
994 649 1101 700 Qid
1122 648 1147 686 fi
1169 649 1323 687 tandem
1350 648 1513 701 planum
1533 648 1647 693 facio,
1677 648 1762 701 post
1778 648 1846 685 de-

443 712 626 752 cifionem
661 723 829 752 veterem
861 714 1006 759 Roscii,
1048 714 1132 767 post
1161 714 1489 768 repromiffionem
1522 724 1716 752 recentem
1745 713 1846 751 hanc

443 779 596 824 Fannii,
628 780 719 817 H-S
754 792 946 820 0001333
971 781 1164 818 Fannium
1191 794 1212 818 a
1232 781 1456 831 QFlavio,
1490 780 1658 832 Panurgi
1688 779 1846 817 nomine

443 843 662 882 abstulisse?
693 854 823 884 tamen
844 846 988 884 diutius
1020 846 1180 884 illudere
1210 846 1282 884 viri
1308 847 1449 898 optimi
1468 845 1757 890 existimationi,
1788 844 1859 896 Q

442 909 588 956 Roscii,
619 911 803 949 audebit?

495 976 609 1014 XIV.
634 977 754 1015 Paulo
774 986 861 1016 ante
881 979 1113 1029 quaerebam,
1135 979 1175 1017 id
1197 979 1301 1030 quod
1321 978 1568 1017 vehementer
1586 978 1633 1015 ad
1653 990 1735 1016 rem
1754 989 1844 1029 per-

439 1041 600 1087 tinebat,
619 1057 694 1094 qua
713 1044 760 1080 de
779 1044 887 1081 causa
907 1044 1077 1088 Flavius,
1092 1057 1185 1082 cum
1201 1045 1247 1081 de
1268 1052 1348 1081 tota
1361 1044 1430 1081 lite
1451 1044 1592 1082 faceret
1608 1043 1843 1096 paetionem,

438 1119 564 1159 neque
597 1107 683 1145 satis
719 1109 907 1161 acciperet
949 1122 969 1146 a
999 1109 1155 1154 Roscio,
1199 1123 1324 1162 neque
1352 1109 1504 1161 judicio
1536 1109 1792 1148 absolveretur
1823 1120 1847 1145 a

438 1173 602 1212 Fannio.
653 1173 774 1212 Nunc
794 1188 883 1212 vero
917 1175 975 1225 (id
1008 1175 1114 1226 quod
1133 1175 1280 1213 mirum
1301 1184 1339 1212 et
1363 1175 1592 1212 incredibile
1610 1174 1680 1225 est)
1712 1173 1846 1225 requi-

437 1251 494 1282 ro,
526 1238 796 1289 quamobrem,
833 1252 926 1277 cum
956 1239 1002 1276 de
1035 1248 1116 1277 tota
1147 1253 1185 1276 re
1215 1238 1408 1278 decidiffet
1439 1252 1531 1278 cum
1562 1239 1717 1284 Roscio,
1749 1239 1844 1277 H-S

440 1316 634 1344 0001333
669 1304 868 1356 separatim
901 1305 1050 1343 Fannio
1084 1306 1250 1344 diffolvit
1268 1308 1280 1343 ?
1313 1307 1404 1345 Hoc
1435 1307 1536 1351 loco,
1573 1307 1711 1351 Saturi,
1747 1305 1844 1358 quid

435 1383 543 1422 pares
564 1369 801 1423 respondere,
833 1370 924 1408 scire
944 1371 1073 1423 cupio.
1121 1372 1281 1417 Utrum,
1303 1373 1466 1410 omnino
1486 1372 1683 1410 Fannium
1709 1385 1729 1408 a
1748 1371 1842 1408 Fla-

435 1436 500 1473 vio
521 1436 611 1474 H-S
636 1447 829 1476 0001333
852 1449 929 1474 non
945 1436 1133 1475 abstulisse
1149 1438 1161 1473 ?
1180 1451 1226 1474 an
1247 1438 1323 1474 alio
1339 1439 1511 1482 nomine,
1528 1446 1566 1475 et
1581 1437 1653 1474 alia
1667 1436 1714 1474 de
1733 1435 1844 1474 causa

434 1501 652 1540 abstuliss‘e?
685 1503 723 1540 Si
743 1502 814 1539 alia
834 1502 880 1539 de
901 1502 1032 1547 causa,
1065 1516 1150 1554 quae
1170 1503 1266 1541 ratio
1286 1504 1359 1541 tibi
1379 1517 1471 1541 cum
1492 1517 1537 1541 eo
1556 1502 1839 1541 intercefferat?

433 1566 570 1605 Nulla.
602 1567 790 1605 Addictus
811 1577 888 1605 erat
908 1567 1009 1605 tibi?
1041 1568 1150 1606 Non.
1173 1569 1325 1606 Frustra
1344 1578 1497 1622 tempus
1517 1577 1690 1607 contero.
1734 1568 1842 1606 Om-

433 1634 542 1678 nino,
575 1633 718 1685 inquit,
755 1634 847 1671 H-S
885 1646 1077 1675 0001333
1101 1648 1122 1671 a
1151 1635 1286 1673 Flavio
1306 1648 1384 1672 non
1403 1635 1572 1680 abstulit,
1606 1647 1731 1686 neque
1763 1635 1840 1672 Pa-

432 1699 547 1751 nurgi
569 1700 741 1743 nomine,
764 1713 888 1751 neque
907 1700 1152 1752 cujusquam.
1179 1701 1217 1738 Si
1237 1701 1398 1753 planum
1418 1699 1533 1746 facio,
1554 1701 1638 1754 post
1657 1699 1757 1738 hanc
1777 1713 1839 1738 re·-

432 1773 586 1802 centem
616 1764 902 1816 stipulationem
929 1766 1074 1810 Roscii,
1100 1767 1193 1804 H-S
1217 1779 1408 1808 0001333
1432 1781 1453 1805 a
1472 1767 1606 1805 Flavio
1640 1775 1678 1805 te
1708 1766 1839 1805 abstu-

431 1830 530 1875 liffe,
554 1828 749 1883 numquid
765 1831 882 1869 causae
903 1831 968 1876 est,
980 1832 1076 1883 quin
1097 1832 1144 1869 ab
1159 1833 1310 1883 judicio
1330 1834 1438 1870 abeas
1459 1833 1672 1885 turpiffime
1687 1832 1837 1869 vistus?

487 1897 580 1949 Qo
601 1897 692 1933 teste
712 1897 831 1948 igitur
851 1896 926 1933 hoc
947 1897 1109 1948 planum
1134 1896 1274 1934 faciam
1291 1898 1304 1933 ?
1332 1898 1511 1943 Venerat,
1526 1907 1570 1936 ut
1585 1899 1736 1950 opinor,
1753 1896 1838 1936 haec

431 1974 488 1998 res
511 1961 774 2012 injudicium.
810 1962 937 1999 Certe.
971 1962 1072 2012 Qis
1093 1971 1171 1999 erat
1190 1963 1359 2015 petitor?
1383 1964 1568 2002 Fannius.
1598 1964 1699 2014 Qis
1721 1964 1836 2002 reus?

430 2027 602 2065 Flavius.
636 2027 734 2077 Qis
750 2027 900 2077 judex?
924 2027 1101 2066 Cluvius.
1146 2029 1207 2066 Ex
1227 2027 1288 2067 his
1309 2042 1408 2068 unus
1429 2029 1528 2067 mihi
1549 2029 1650 2067 testis
1671 2029 1724 2067 est
1742 2043 1836 2082 pro-

432 2093 642 2137 ducendus,
674 2093 742 2144 qui
768 2094 973 2145 pecuniam
1005 2093 1133 2131 datam
1153 2095 1267 2133 dicat.
1312 2096 1410 2147 Qis
1432 2095 1483 2133 est
1509 2110 1555 2134 ex
1582 2095 1643 2133 his
1664 2096 1836 2148 graviffi·

430 2160 551 2198 mus?
584 2159 672 2196 Sine
706 2160 968 2204 controverfia,
1001 2161 1069 2211 qui
1101 2161 1281 2199 omnium
1303 2162 1455 2213 judicio
1481 2163 1754 2215 comprobatus
1782 2162 1836 2199 est

424 2225 561 2278 judex.
585 2226 716 2276 Qem
737 2226 856 2277 igitur
872 2239 918 2263 ex
940 2225 999 2262 his
1022 2227 1143 2265 tribus
1160 2241 1180 2263 a
1200 2240 1262 2264 me
1277 2227 1409 2265 testem
1430 2227 1668 2280 expediabis?
1689 2227 1833 2279 petito-

431 2292 536 2329 rem?
558 2291 728 2329 Fannius
741 2291 806 2328 est.
831 2291 976 2329 Contra
993 2290 1027 2328 se
1044 2305 1243 2344 nunquam
1261 2293 1525 2331 testimonium
1540 2293 1654 2330 dicet.
1676 2293 1832 2330 Reum?

431 2357 586 2395 Flavius
607 2357 672 2395 est.
706 2358 741 2395 Is
754 2357 987 2410 jampridem
1011 2357 1063 2394 est
1084 2369 1274 2396 mortuus.
1299 2359 1337 2396 Si
1356 2359 1512 2402 viveret,
1535 2358 1648 2395 verba
1665 2359 1744 2409 ejus
1761 2371 1830 2396 au-

431 2422 574 2460 diretis.
621 2424 830 2474 Judicem?
863 2425 1025 2462 Cluvius
1057 2424 1122 2461 est.
1167 2425 1275 2475 Qid
1306 2426 1337 2462 is
1359 2425 1482 2462 dicit?
1520 2425 1611 2462 H-S
1635 2436 1831 2466 0001333

431 2490 600 2541 Panurgi
621 2491 778 2528 nomine
799 2491 978 2529 Flavium
1000 2492 1148 2529 Fannio
1169 2491 1380 2530 diffolviffe.
1406 2493 1533 2541 Quem
1554 2502 1594 2529 tu
1612 2492 1635 2529 fi
1655 2506 1701 2531 ex
1717 2491 1833 2530 censu

430 2556 596 2609 speetas5
629 2570 742 2610 eques
764 2559 965 2597 Romanus
987 2558 1053 2598 est.
1098 2559 1136 2597 Si
1156 2572 1203 2598 ex
1222 2559 1326 2605 vita,
1358 2558 1478 2598 homo
1510 2559 1732 2599 elariffimus
1763 2558 1830 2598 est.
