2201 2792
527 256 609 295 414
956 241 1046 281 IN
1122 241 1503 292 VERREM

584 341 679 380 Non
701 340 851 394 poffum
871 340 1117 385 diflimulare‚
1141 340 1323 392 Judices:
1356 341 1491 386 timeo,
1514 353 1560 378 ne
1582 340 1628 378 C.
1649 339 1787 378 Verres
1808 351 1926 393 prop-

528 417 585 447 ter
605 408 704 447 hanc
735 409 919 446 virtutem
948 408 1133 445 eximiam
1168 407 1208 445 in
1243 421 1281 445 re
1316 406 1490 451 militari,
1521 409 1667 452 omnia,
1702 421 1787 460 quae
1820 405 1928 450 fecit,

528 476 691 529 impune
711 474 859 513 fecerit.
893 474 1013 512 Venit
1045 474 1153 511 enim
1186 471 1288 512 mihi
1322 474 1362 511 in
1394 482 1582 519 mentem,
1613 475 1653 513 in
1679 474 1831 526 judicio
1851 473 1928 511 Μ’.

530 542 683 594 Aquilii
705 550 897 594 quantum
917 540 1166 585 auctoritatis,
1189 549 1380 592 quantum
1401 540 1594 578 momenti
1613 540 1735 578 oratio
1756 540 1819 578 M.
1842 540 1929 577 An-

530 609 628 648 tonii
656 607 828 647 habuisse
847 607 1061 646 existimata
1080 606 1148 645 fit:
1181 607 1264 659 qui,
1288 616 1331 645 ut
1351 616 1428 645 erat
1448 608 1489 645 in
1510 607 1674 646 dicendo
1694 620 1772 646 non
1803 606 1930 644 solum

530 676 690 729 sapiens,
722 674 784 713 sed
802 675 916 712 etiam
937 672 1063 718 fortis,
1095 673 1203 711 causa
1222 687 1342 726 prope
1361 683 1546 726 perorata,
1578 674 1656 727 ipse
1671 672 1832 726 arripuit
1852 671 1929 710 Μ’.

531 742 754 795 Aquilium,
776 740 1053 792 constituitque
1073 740 1114 778 in
1134 739 1340 793 conspectu
1360 741 1556 786 omnium,
1578 741 1829 792 tunicamque
1849 739 1930 791 ejus

530 823 550 847 a
570 811 723 861 pectore
744 807 920 852 abscidit,
956 815 1001 846 ut
1030 807 1228 847 cicatrices
1263 806 1430 860 populus
1466 807 1682 852 Romanus,
1705 805 1931 859 judicesque

530 875 753 928 aspicerent,
776 872 929 911 adverso
949 886 1108 926 corpore
1137 882 1329 925 exceptas.
1363 872 1488 911 Simul
1520 882 1557 911 et
1589 873 1635 911 de
1666 872 1735 911 illo
1757 872 1929 917 vulnere,

531 942 637 995 quod
658 941 723 979 ille
743 941 783 978 in
804 939 928 993 capite
948 939 995 977 ab
1015 938 1187 977 hostium
1206 939 1305 977 duce
1325 948 1535 992 acceperat,
1567 939 1692 977 multa
1711 939 1833 977 dixit:
1863 952 1930 977 eo-

530 1022 606 1061 que
626 1007 786 1045 adduxit
806 1019 884 1051 eos,
907 1006 975 1058 qui
996 1014 1102 1046 erant
1116 1005 1342 1057 judicaturi,
1366 1004 1616 1048 vehementer
1635 1015 1678 1049 ut
1698 1013 1929 1049 vererentur,

531 1089 591 1121 ne,
610 1088 727 1127 quem
748 1074 877 1111 virum
897 1071 1052 1110 fortuna
1071 1085 1117 1110 ex
1138 1070 1309 1110 hostium
1327 1071 1411 1111 telis
1425 1071 1632 1125 eripuisset,
1649 1086 1743 1111 cum
1763 1072 1833 1110 fibi
1853 1071 1931 1124 ipse

531 1156 608 1180 non
631 1139 868 1193 pepercifl‘et,
890 1138 956 1176 hic
977 1152 1054 1176 non
1075 1138 1122 1176 ad
1143 1138 1279 1191 populi
1299 1139 1470 1177 Romani
1486 1139 1656 1185 laudem,
1679 1139 1740 1177 sed
1760 1138 1930 1191 adjudi-

531 1222 623 1246 cum
644 1206 929 1249 crudelitatem,
952 1204 1145 1243 videretur
1174 1204 1244 1242 effe
1266 1204 1442 1243 servatus.
1476 1206 1574 1244 Haec
1600 1205 1733 1253 eadem
1755 1219 1859 1244 nunc
1884 1204 1931 1242 ab

531 1275 608 1312 illis
630 1272 858 1311 defenfionis
880 1272 989 1316 ratio,
1025 1272 1163 1323 viaque
1193 1280 1388 1309 tentatur:
1421 1272 1525 1310 idem
1547 1272 1744 1324 quaeritur.
1778 1272 1833 1310 Sit
1851 1270 1930 1316 fur,

531 1342 575 1379 fit
607 1340 822 1392 sacrilegus,
856 1339 899 1376 fit
932 1338 1169 1390 flagitiorum
1196 1338 1392 1382 omnium,
1429 1338 1692 1391 vitiorumque
1723 1339 1928 1392 princeps;

531 1417 569 1445 at
589 1407 641 1444 est
663 1408 786 1444 bonus
808 1406 1031 1458 imperator,
1053 1413 1091 1442 et
1111 1403 1221 1448 felix,
1254 1414 1292 1442 et
1313 1404 1359 1442 ad
1380 1404 1498 1443 dubia
1517 1405 1737 1458 reipublicae
1760 1415 1934 1458 tempora

533 1472 783 1511 reservandus.

589 1539 641 1576 II.
675 1538 769 1576 Non
790 1549 899 1588 agam
923 1536 1076 1573 summo
1104 1536 1190 1587 jure
1212 1544 1367 1574 tecum:
1402 1550 1479 1574 non
1500 1536 1627 1575 dicam
1649 1537 1703 1582 id,
1736 1537 1841 1590 quod
1860 1537 1930 1576 de-

533 1606 643 1643 beam
666 1603 820 1642 forlitan
841 1603 1039 1648 obtinere;
1063 1602 1363 1654 cunijudicium
1379 1613 1482 1642 certa
1500 1604 1583 1656 lege
1601 1604 1645 1642 fit
1661 1604 1931 1651 constitutum,

532 1686 609 1711 non
631 1672 727 1725 quid
747 1672 786 1709 in
809 1684 847 1708 re
867 1670 1028 1708 militari
1048 1669 1200 1719 fortiter
1218 1669 1370 1716 feceris,
1392 1670 1470 1717 sed,
1491 1671 1826 1724 quemadmodum
1848 1684 1933 1710 ma·-

532 1752 603 1778 nus
623 1739 671 1777 ab
690 1737 822 1776 alienis
844 1736 1016 1790 pecuniis
1037 1736 1275 1783 abstinueris,
1308 1738 1374 1776 abs
1395 1747 1433 1776 te
1455 1737 1584 1777 doceri
1603 1746 1778 1792 oportere
1796 1752 1806 1777 ε
1837 1751 1932 1784 non,

530 1806 709 1858 inquam,
731 1804 781 1842 fic
801 1817 926 1856 agam,
960 1802 1022 1841 sed
1043 1803 1097 1841 ita
1117 1817 1301 1856 quaeram,
1335 1804 1672 1857 quemadmodum
1693 1813 1731 1842 te
1750 1803 1848 1843 velle
1868 1804 1931 1842 in-

531 1873 682 1925 telligo,
705 1886 791 1924 quae
812 1880 877 1909 tua
895 1883 1022 1923 opera,
1060 1880 1098 1908 et
1121 1880 1264 1923 quanta
1283 1871 1401 1910 fuerit
1430 1871 1471 1911 in
1503 1871 1620 1910 bello.
1653 1870 1762 1923 Qid
1794 1870 1898 1909 dices
1917 1871 1931 1908 ?

532 1952 580 1977 an
601 1938 705 1976 bello
724 1936 981 1989 fugitivorum
996 1935 1167 1973 Siciliam
1183 1937 1325 1978 virtute
1341 1946 1404 1975 tua
1423 1937 1624 1977 liberatam
1641 1936 1654 1973 ?
1675 1949 1817 1989 magna
1834 1936 1932 1982 laus,

531 2003 691 2043 honesta
706 2003 828 2042 oratio
846 2016 854 2040 :
878 2001 939 2039 sed
962 2010 1087 2040 tamen
1109 2016 1189 2054 quo
1209 2003 1340 2041 bello?
1370 2003 1456 2041 Nos
1476 2004 1581 2042 enim
1602 2003 1686 2056 post
1706 2003 1746 2041 id
1767 2003 1932 2049 bellum,

533 2070 639 2123 quod
661 2070 736 2107 Μ’.
761 2068 944 2121 Aquilius
977 2067 1162 2113 confecit,
1198 2068 1247 2107 fic
1277 2070 1511 2122 accepimus,
1548 2070 1705 2113 nullum
1728 2069 1769 2107 in
1805 2070 1935 2111 Sicilia

532 2137 792 2190 fugitivorum
814 2135 963 2173 bellum
983 2133 1106 2174 fuisse.
1131 2137 1186 2174 At
1206 2137 1245 2174 in
1268 2136 1378 2179 Italia
1397 2135 1487 2175 fuit.
1511 2138 1663 2182 Fateor,
1685 2146 1724 2175 et
1744 2149 1933 2189 magnum

535 2204 711 2257 quidem,
735 2217 775 2240 ac
798 2201 1018 2248 vehemens.
1051 2202 1165 2240 Num
1197 2203 1318 2256 igitur
1336 2217 1383 2242 ex
1403 2217 1448 2242 eo
1469 2203 1574 2247 bello
1593 2213 1743 2256 partem
1763 2203 1932 2255 aliquam

534 2272 657 2314 laudis
679 2278 853 2323 appetere
874 2270 1022 2307 conaris
1043 2270 1056 2306 ?
1090 2270 1203 2308 Num
1231 2271 1304 2308 tibi
1334 2270 1440 2309 illius
1462 2271 1631 2309 vistoriae
1655 2270 1817 2322 gloriam
1839 2283 1932 2308 cum

535 2338 598 2378 M.
624 2336 767 2381 Crasso,
790 2346 854 2374 aut
876 2337 950 2375 Cn.
969 2336 1161 2388 Pompeio
1181 2336 1548 2378 communicandam
1569 2336 1708 2388 putas?
1732 2349 1808 2374 non
1830 2336 1932 2374 arbi·

535 2415 614 2443 tror
635 2404 709 2441 hoc
730 2404 845 2441 etiam
868 2400 988 2440 deeffe
1015 2410 1088 2440 tuoe
1120 2401 1387 2456 impudentiae,
1423 2411 1465 2440 ut
1496 2401 1714 2454 quidquam
1744 2401 1934 2454 ejusmodi

535 2471 660 2509 dicere
692 2470 841 2508 audeas.
887 2467 1079 2506 Obstitisti
1101 2467 1295 2512 videlicet,
1328 2481 1375 2506 ne
1394 2482 1441 2508 ex
1463 2468 1573 2507 Italia
1593 2468 1747 2506 transire
1772 2468 1813 2506 in
1834 2468 1932 2507 Sici·-

536 2538 628 2575 liam
649 2536 909 2589 fugitivorum
929 2536 1049 2588 copiae
1080 2534 1240 2587 possent.
1274 2535 1355 2574 Ubi
1374 2535 1386 2572 ?
1418 2535 1572 2588 quando
1590 2535 1603 2571 ?
1635 2549 1710 2588 qua
1729 2549 1776 2575 ex
1795 2536 1932 2589 parte?
