2201 2792
461 183 535 224 106
976 183 1334 224 ORATIO

455 281 690 326 iracundius,
718 290 755 319 et
777 281 1012 320 laboriosius.
1070 282 1188 333 Qod
1208 283 1313 321 enim
1334 281 1412 335 ipse
1431 280 1603 320 celeriter
1622 281 1794 336 arripuit,
1815 283 1856 322 id

454 361 548 386 cum
569 348 672 386 tarde
691 348 836 400 percipi
856 348 973 392 videt,
1009 348 1274 387 discruciatur.
1318 349 1437 387 Paulo
1457 348 1611 400 longius
1632 349 1752 387 oratio
1772 363 1859 387 mea

454 415 630 466 provecta
649 414 701 452 est
731 412 802 451 hac
830 414 876 451 de
906 414 1027 459 causa,
1064 423 1108 453 ut
1137 414 1402 454 conditionem
1432 415 1620 454 societatis
1651 415 1859 468 diligenter

454 479 747 532 cognosceretis.

511 546 611 598 Qae
645 545 781 584 deinde
815 546 1017 584 consecuta
1035 547 1048 584 ?
1091 548 1334 600 Panurgum,
1364 547 1513 600 inquit,
1549 545 1670 591 hunc,
1705 546 1856 585 servum

453 624 709 650 communem
731 612 955 665 QFlavius
974 614 1259 665 Tarquiniensis
1280 613 1440 666 quidam
1461 611 1666 650 interfecit.
1690 613 1736 650 In
1755 611 1859 650 hanc

454 690 551 722 rem,
582 678 725 731 inquit,
764 691 827 716 me
859 679 1101 731 cognitorem
1136 679 1297 717 dedisti:
1343 679 1412 716 lite
1441 678 1675 723 contestata,
1704 677 1860 730 judicio

455 743 587 782 damni
606 745 746 797 injuria
766 745 988 790 constituto,
1004 754 1045 783 tu
1066 745 1142 783 fine
1158 759 1221 784 me
1241 758 1332 783 cum
1346 745 1481 783 Flavio
1501 744 1687 784 decidisti.
1710 745 1858 782 Utrum

453 822 524 861 pro
543 810 704 849 dimidia
723 820 828 863 parte
844 840 855 856 ,
887 824 933 849 an
954 825 1023 864 pro
1043 820 1123 849 tota
1143 812 1317 850 societate
1336 812 1350 848 ?
1382 811 1538 850 Planius
1558 810 1700 855 dicam,
1723 818 1858 848 utrum

453 889 524 928 pro
544 890 622 922 me,
643 890 690 915 an
710 891 780 930 pro
799 891 863 916 me
883 887 921 915 et
940 892 1010 931 pro
1030 887 1066 916 te
1085 879 1097 915 ?
1129 880 1204 917 Pro
1224 880 1316 917 me?
1347 878 1457 932 potui
1473 897 1485 924 3
1508 877 1688 930 exemplo
1707 875 1860 914 multo-

453 955 541 980 rum
562 942 717 980 licitum
737 943 813 981 est:
839 944 927 995 jure
947 943 1121 983 fecerunt
1141 945 1258 982 multi
1276 960 1284 983 ε
1317 944 1417 983 nihil
1437 945 1477 982 in
1498 958 1539 982 ea
1560 957 1598 981 re
1618 943 1690 981 tibi
1709 942 1861 994 injuriae

452 1005 541 1046 feci.
574 1009 667 1046 Pete
688 1017 729 1046 tu
750 1017 878 1053 tuum,
909 1009 1035 1061 exige,
1056 1019 1094 1048 et
1113 1009 1232 1054 aufer,
1264 1010 1369 1061 quod
1389 1010 1563 1047 debetur.
1614 1010 1729 1046 Suam
1750 1006 1859 1060 quis-

452 1085 528 1125 que
547 1083 695 1125 partem
709 1075 808 1126 juris
829 1074 1022 1126 poffideat,
1045 1084 1083 1113 et
1102 1075 1362 1128 persequatur.

488 1140 545 1178 At
562 1140 669 1178 enim
689 1149 732 1178 tu
753 1148 867 1178 tuum
886 1141 1090 1193 negotium
1109 1141 1247 1193 geflisti
1267 1141 1377 1179 bene.
1411 1142 1512 1179 Gere
1532 1149 1569 1177 et
1591 1148 1633 1177 tu
1650 1148 1765 1177 tuum
1785 1139 1859 1176 be-

451 1216 512 1242 ne.
536 1205 686 1257 Magno
706 1214 815 1243 tuam
835 1205 1039 1244 dimidiam
1058 1214 1207 1258 partem
1227 1205 1413 1244 decidisti.
1456 1205 1607 1257 Magno
1626 1213 1664 1242 et
1684 1213 1727 1242 tu
1746 1212 1858 1242 tuam

449 1278 600 1321 partem
621 1270 766 1308 decide.
790 1271 881 1308 H-S
905 1283 1098 1312 cccmoo
1121 1281 1164 1310 tu
1184 1271 1382 1310 abstulisti.
1411 1270 1450 1309 Si
1470 1270 1514 1309 fit
1533 1269 1609 1309 hoc
1629 1283 1737 1315 ver03
1761 1270 1860 1308 H·S

454 1347 648 1376 cccrooo
671 1345 713 1373 tu
735 1349 891 1388 quoque
911 1336 1030 1375 aufer.

506 1402 600 1440 XII.
635 1403 705 1440 Sed
724 1401 823 1440 hanc
843 1402 1075 1442 decisionem
1095 1404 1225 1443 Roscii
1246 1405 1430 1449 oratione,
1459 1413 1497 1442 et
1517 1403 1699 1456 opinione
1718 1413 1860 1454 augere·

452 1469 566 1513 licet;
599 1483 652 1513 re,
667 1479 703 1507 et
724 1471 878 1507 veritate
898 1471 1133 1508 mediocrem
1153 1479 1191 1508 et
1212 1479 1368 1508 tenuem
1385 1469 1455 1508 effe
1472 1469 1688 1508 invenietis.
1725 1470 1857 1507 Acce-

451 1535 510 1586 pit
529 1535 634 1573 enim
655 1549 790 1588 agrum
813 1537 1051 1588 temporibus
1072 1537 1133 1581 iis,
1156 1550 1248 1574 cum
1263 1537 1435 1588 jacerent
1454 1536 1575 1588 pretia
1595 1534 1827 1587 praediorum
1842 1548 1854 1572 :

452 1601 519 1652 qui
541 1614 627 1654 ager
648 1615 771 1653 neque
805 1602 937 1640 villam
958 1601 1109 1647 habuit,
1141 1616 1264 1654 neque
1295 1615 1341 1640 ex
1368 1601 1447 1639 ulla
1470 1610 1573 1653 parte
1593 1599 1668 1638 fuit
1696 1600 1824 1638 cultus
1839 1617 1856 1645 ς,

452 1667 519 1717 qui
541 1680 642 1704 nunc
665 1667 792 1704 multo
811 1668 931 1719 pluris
952 1669 1017 1712 est,
1033 1682 1148 1720 quam
1170 1677 1262 1716 tunc
1284 1667 1373 1705 fuit.
1397 1667 1538 1719 Neque
1557 1666 1597 1704 id
1616 1666 1669 1704 est
1689 1666 1853 1704 mirum.

451 1733 560 1770 Turn
580 1733 686 1770 enim
707 1742 862 1785 propter
883 1734 1102 1785 reipublicae
1135 1733 1386 1778 calamitates,
1414 1733 1596 1771 omnium
1616 1731 1859 1785 poffeffiones-

451 1807 555 1835 erant
577 1799 755 1842 incertae3
788 1812 892 1836 nunc
925 1799 1056 1838 Deum
1086 1800 1370 1838 immortalium
1392 1799 1642 1851 benignitate,
1672 1798 1858 1836 omnium

451 1862 615 1902 fortunae
636 1864 722 1901 sunt
741 1874 866 1902 certae.
890 1866 999 1901 Tum
1020 1879 1107 1916 ager
1127 1865 1297 1903 incultus
1318 1865 1394 1902 fine
1415 1866 1539 1909 tect05
1571 1876 1674 1901 nunc
1694 1862 1746 1901 est
1766 1863 1854 1901 cul-

453 1930 615 1968 tiffimus
636 1943 727 1967 cum
748 1931 897 1981 optima
916 1929 1019 1967 villa.

509 1996 784 2039 Veruntamen,
821 1995 1004 2046 quoniam
1041 2004 1172 2033 natura
1207 2004 1286 2032 tam
1321 1994 1532 2032 malevolus
1566 2007 1620 2039 es,
1652 2007 1853 2046 nunquam

453 2061 519 2099 ista
540 2070 576 2098 te
597 2059 767 2098 molestia
787 2069 823 2097 et
843 2073 933 2098 cura
952 2059 1136 2098 liberabo.
1170 2061 1352 2099 Praeclare
1371 2060 1483 2098 suum
1514 2061 1717 2113 negotium
1744 2060 1856 2112 geffit

452 2127 644 2170 Roscius;
677 2125 844 2164 fundum
875 2125 1213 2165 frudtuofiss'nnum
1235 2126 1413 2164 abstulit:
1451 2125 1546 2178 quid
1577 2126 1622 2163 ad
1644 2126 1707 2163 te?
1744 2135 1852 2163 tuam

451 2203 599 2246 partem
622 2192 839 2236 dimidiam,
866 2192 1194 2243 quemadmodum
1218 2193 1288 2236 vis,
1317 2192 1463 2230 decide.
1495 2191 1622 2228 Vertit
1648 2189 1714 2227 hic
1734 2189 1852 2227 ratio-

452 2274 572 2304 nem;
604 2269 640 2297 et
662 2259 714 2303 id,
747 2258 850 2310 quod
872 2257 1030 2310 probare
1051 2272 1127 2296 non
1149 2258 1283 2310 potest,
1306 2257 1449 2309 fingere
1475 2264 1647 2294 conatur.
1692 2256 1753 2294 De
1775 2264 1854 2293 tota

453 2340 505 2370 re,
528 2326 670 2378 inquit,
701 2323 885 2362 decidisti.
929 2324 1034 2376 Ergo
1054 2323 1131 2361 huc
1164 2323 1334 2361 universa
1353 2322 1461 2360 causa
1481 2321 1696 2365 deducitur,
1719 2329 1852 2360 utrum

453 2392 614 2429 Roscius
650 2405 741 2429 cum
774 2389 907 2428 Flavio
938 2390 985 2427 de
1019 2389 1082 2427 sua
1101 2399 1220 2443 parte,
1256 2402 1303 2426 an
1334 2388 1379 2426 de
1411 2396 1490 2425 tota
1523 2387 1698 2424 societate
1718 2385 1852 2425 fecerit

453 2458 683 2510 pactionem.
717 2457 823 2496 Nam
854 2469 924 2509 ego
946 2455 1146 2500 Roscium,
1178 2455 1202 2492 si
1224 2454 1318 2506 quid
1337 2454 1540 2492 communi
1572 2453 1728 2491 nominc
1760 2453 1851 2491 teti-

451 2525 523 2577 ¹git,
546 2523 728 2562 confiteor
749 2524 917 2577 prat-stare
936 2523 1070 2561 debere
1090 2521 1270 2561 societati.
1322 2519 1533 2565 Societatis‚
1566 2533 1642 2559 non
1664 2519 1744 2558 suas
1764 2518 1852 2557 lites
