2201 2792
554 104 634 145 432
986 89 1077 128 IN
1153 89 1536 128 VERREM

553 190 702 229 consilii
724 189 907 228 sententia
933 188 1184 227 Mamertinis
1206 188 1241 227 se
1267 187 1514 239 frumentum
1547 201 1625 227 non
1646 188 1833 241 imperare
1863 202 1955 242 pro-

553 258 719 297 nuntiat.

609 325 755 363 Audite
776 324 974 362 decretum
997 322 1221 361 mercenarii
1243 323 1419 361 Praetoris
1441 337 1488 361 ex
1508 323 1625 376 ipfius
1646 322 1954 367 commentari03

553 401 591 437 et
611 391 844 444 cognoscite,
878 398 1020 441 quanta
1039 390 1080 426 in
1113 388 1314 426 scribendo
1334 390 1511 441 gravitas,
1545 399 1686 442 quanta
1707 390 1748 427 in
1767 389 1957 428 constitu-

553 459 652 496 endo
666 459 753 510 jure
774 458 818 495 fit
839 456 1054 494 auctoritas.
1077 455 1217 493 Recita
1238 455 1580 493 commentarium.
1610 457 1880 494 DECRETUM
1905 468 1958 493 EX

556 537 926 563 COMMENTARIO.
957 522 1134 562 Libenter
1154 522 1206 560 ait
1225 522 1427 575 sefacere:
1450 522 1580 575 itaque
1597 522 1812 575 perscribit.
1835 521 1957 573 Qid,

553 592 579 629 fi
600 590 676 629 hoc
695 591 811 629 verbo
831 604 909 628 non
940 588 1029 628 effes
1062 589 1164 633 usus,
1199 588 1382 627 libenter?
1412 602 1481 627 nos
1514 588 1694 627 videlicet
1721 589 1891 628 invitum
1922 597 1959 626 te

554 658 742 710 quaestum
763 656 885 695 facere
915 665 1137 710 putaremus
1157 656 1170 692 ?
1201 657 1263 694 Ac
1282 655 1321 695 de
1346 656 1479 707 cmsslii
1489 656 1691 708 stntentia.
1724 655 1957 694 Praeclarum

555 726 705 764 recitari
726 724 944 768 confilium,
968 723 1141 775 Judices,
1163 723 1331 761 audistis.
1366 725 1513 761 Utrum
1535 723 1645 761 vobis
1672 723 1878 761 confilium
1896 735 1958 759 re-

556 793 665 830 citari
697 791 854 829 tandem
876 790 1052 828 Praetoris
1089 789 1303 834 videbatur,
1339 802 1432 827 cum
1467 789 1678 827 audiebatis
1708 789 1880 834 nomina,
1911 801 1959 826 an

554 858 743 911 praedonis
764 855 1038 909 improbifi‘imi
1059 855 1229 900 societas,
1251 864 1365 907 atque
1387 855 1595 893 comitatus
1615 855 1628 891 ?

611 925 672 962 En
705 923 897 961 foederum
928 923 1166 975 interpretes,
1198 921 1388 959 societatis
1419 923 1605 974 pactores,
1636 920 1835 974 religionis
1866 933 1958 958 auc-

555 1001 667 1030 tores,
711 990 930 1042 Nunquam
964 989 1004 1026 in
1040 988 1167 1027 Sicilia
1201 987 1447 1027 frumentum
1477 988 1636 1041 publice
1665 988 1719 1026 est
1752 995 1956 1040 emptum,

554 1059 652 1110 quin
674 1056 923 1095 Mamertinis
944 1069 1015 1108 pro
1047 1056 1221 1108 portione
1252 1056 1517 1108 imperaretur,
1549 1065 1636 1094 ante
1656 1068 1775 1108 quam
1795 1053 1871 1092 hoc
1890 1054 1958 1092 de-

555 1125 714 1168 lectum,
738 1123 1042 1176 praeclarumque
1072 1122 1276 1160 confilium
1298 1122 1364 1160 iste
1396 1122 1515 1167 dedit,
1548 1130 1590 1160 ut
1614 1122 1660 1160 ab
1691 1121 1752 1160 his
1773 1134 1958 1159 nummos

554 1192 757 1244 acciperet,
781 1204 822 1228 ac
844 1190 900 1227 sui
921 1189 1055 1227 fimilis
1078 1188 1180 1227 eflet.
1216 1190 1350 1241 Itaque
1370 1198 1523 1227 tautum
1544 1189 1665 1227 valuit
1684 1188 1793 1226 istius
1815 1187 1959 1226 decreti

555 1259 773 1302 auctoritas,
796 1266 988 1309 quantum
1009 1256 1144 1294 debuit
1164 1257 1245 1308 ejus
1266 1255 1453 1300 hominis,
1476 1257 1558 1308 qui,
1576 1270 1596 1293 a
1616 1256 1759 1308 quibus
1780 1254 1958 1293 frumen-

556 1335 642 1364 tum
674 1337 799 1363 emere
831 1322 1030 1367 debuifi'et,
1061 1323 1107 1360 iis
1136 1322 1334 1360 decretum
1357 1322 1607 1360 vendidisset:
1640 1335 1730 1360 nam
1761 1321 1888 1359 statim
1909 1322 1958 1360 L.

556 1392 759 1436 Metellus,
782 1398 824 1427 ut
846 1389 904 1427 isti
925 1388 1110 1433 successit,
1132 1402 1179 1427 ex
1201 1390 1249 1426 C.
1273 1389 1499 1433 Sacerdotis,
1529 1398 1566 1426 et
1588 1389 1674 1427 Sex.
1697 1388 1876 1426 Peducaei
1895 1387 1959 1425 in-

551 1460 697 1503 stituto,
720 1472 762 1496 ac
782 1457 918 1501 literis,
941 1455 1188 1494 frumentum
1210 1456 1459 1493 Mamertinis
1481 1456 1699 1509 imperavit.

611 1525 745 1563 XXII.
779 1524 889 1561 Tum
917 1522 975 1559 illi
1006 1520 1296 1566 intellexerunt,
1329 1521 1365 1558 se
1396 1521 1451 1566 id,
1487 1521 1593 1574 quod
1627 1535 1647 1559 a
1674 1520 1778 1559 malo
1809 1521 1961 1558 auctore

557 1591 747 1635 munient,
778 1589 923 1626 diutius
944 1588 1120 1626 obtinere
1139 1601 1217 1625 non
1237 1586 1353 1640 poffe.
1385 1588 1472 1640 Age
1492 1601 1619 1640 porro,
1642 1597 1699 1632 tu,
1725 1587 1794 1640 qui
1815 1595 1852 1625 te
1879 1594 1959 1624 tam

556 1656 780 1709 religiosum
801 1654 1011 1693 existimari
1031 1653 1186 1692 voluisti
1206 1653 1459 1706 interpretem
1481 1652 1690 1699 foederum,
1718 1667 1787 1691 cur
1806 1653 1961 1691 Tauro-

555 1724 755 1763 minitanis
776 1721 1035 1766 frumentum,
1058 1735 1127 1759 cur
1143 1716 1303 1759 Netinis
1323 1720 1547 1774 imperasti?
1572 1735 1736 1774 quarum
1757 1720 1962 1759 civitatum

557 1801 719 1842 utraque
739 1788 922 1828 foederata
953 1788 1017 1826 est.
1050 1790 1111 1826 Ac
1144 1788 1283 1826 Netini
1317 1787 1479 1840 quidem
1509 1787 1580 1826 fibi
1614 1802 1692 1827 non
1728 1786 1958 1826 defuerunt:

558 1871 648 1896 nam
669 1857 782 1895 simul
802 1869 845 1894 ac
866 1854 1135 1907 pronuntiasti,
1169 1855 1334 1892 libenter
1361 1864 1397 1892 te
1420 1855 1669 1893 Mamertinis
1691 1854 1878 1906 quiddam
1898 1866 1959 1891 re-

557 1926 738 1968 mittere;
771 1933 808 1961 te
829 1922 1019 1966 adierunt,
1051 1930 1089 1959 et
1109 1921 1270 1959 eandem
1298 1921 1403 1959 suam
1431 1921 1581 1959 causam
1603 1920 1758 1960 foederis
1785 1920 1857 1959 esse
1887 1921 1959 1959 do-
1981 1952 1984 1956 ,

557 1998 735 2029 cuerunt.
768 1990 835 2026 Tu
855 1988 964 2025 aliter
985 1988 1186 2026 decernere
1208 1987 1247 2026 in
1269 1987 1401 2026 eadem
1433 1987 1539 2026 causa
1560 2002 1636 2026 non
1658 1987 1830 2041 potuisti.
1864 1988 1960 2026 Pro-

559 2058 726 2102 nuntias,
750 2056 917 2095 Netinos
934 2054 1179 2093 frumentum
1201 2055 1288 2092 dare
1310 2069 1386 2093 non
1408 2064 1606 2107 oportere:
1631 2065 1669 2094 et
1690 2054 1809 2093 abhis
1830 2064 1962 2093 tamen

557 2125 693 2176 exigis.
727 2123 836 2161 Cedo
868 2120 968 2160 mihi
1000 2121 1171 2174 ejusdem
1195 2122 1370 2160 Praetoris
1402 2122 1544 2167 literas,
1575 2132 1613 2160 et
1639 2136 1767 2160 rerum
1789 2109 1974 2160 decreta:

557 2205 660 2235 rum,
693 2201 730 2228 et
751 2189 939 2227 frumenti
960 2189 1152 2241 imperati,
1177 2198 1214 2244 et
1236 2189 1356 2227 tritici
1377 2190 1516 2242 empti.
1548 2191 1743 2228 L1TERAE
1769 2190 1960 2226 PRAETo-

559 2272 628 2300 1³13
656 2270 815 2296 RERUM
842 2269 1183 2301 DECRLTARUM,
1210 2268 1742 2300 FRUMENT11MPERAT1,
1765 2268 1823 2293 ET
1850 2267 1959 2292 ΤΗΙ-

561 2339 655 2364 ‘sicr
683 2337 847 2363 EMPTl.
881 2323 990 2372 (Qid
1011 2323 1140 2375 potius
1162 2322 1202 2360 in
1223 2321 1295 2360 hae
1318 2331 1434 2367 tanta,
1452 2336 1494 2360 ac
1517 2332 1595 2360 tarn
1617 2322 1721 2374 turpi
1740 2321 1960 2360 inconstan-

559 2394 610 2432 tia
631 2391 808 2444 suspicari
841 2389 1051 2443 possumus,
1070 2390 1241 2441 Judices,
1265 2404 1383 2442 quam
1404 2390 1457 2435 id,
1491 2389 1596 2442 quod
1630 2388 1772 2427 necesse
1800 2389 1865 2434 est,
1896 2397 1962 2426 aut

558 2460 618 2499 isti
639 2473 659 2497 a
681 2459 838 2498 Netinis
861 2459 1079 2512 pecuniam,
1112 2472 1204 2496 cum
1225 2457 1407 2511 posceret,
1440 2471 1518 2496 non
1539 2457 1698 2503 datam5
1730 2466 1795 2495 aut
1818 2457 1856 2494 id
1887 2454 1959 2494 effe
