2201 2792
580 189 925 232 ACTIONIS
968 189 1022 230 ΙΙ.
1082 188 1292 229 LIBER
1324 191 1397 229 111.
1610 205 1688 244 309

334 291 485 330 XLIX.
517 289 699 329 Profeffio
730 290 783 329 est
814 291 893 343 agri
924 290 1110 329 Leontini
1145 290 1191 328 ad
1212 291 1398 343 jugerum
1435 303 1522 328 xxx
1546 290 1684 329 millia.

279 359 378 397 Haec
400 359 486 397 sunt
506 358 551 396 ad
572 358 691 396 tritici
712 357 959 396 medimnum
980 371 1051 403 xc,
1082 357 1123 395 id
1154 358 1220 403 est,
1254 358 1374 396 tritici
1396 357 1574 395 modium
1598 371 1684 396 DXL

278 425 414 463 millia.
440 425 626 464 Deductis
659 425 779 463 tritici
801 423 980 463 modium
1007 437 1140 462 CCXVI
1175 424 1366 469 millibus,
1399 424 1534 476 quanti
1566 424 1686 461 decu-

276 504 351 529 mae
371 492 586 535 venierunt,
618 490 763 542 reliqua
783 489 869 528 sunt
894 490 1013 528 tritici
1036 502 1232 527 cccxxw
1255 490 1392 528 millia.
1426 489 1537 527 Adde
1569 490 1687 527 totius

277 557 437 595 summae
458 570 546 595 DXL
570 557 745 595 millium
765 556 944 595 modium
965 565 1040 594 tres
1061 556 1409 609 quinquagesimas,
1428 556 1467 593 id
1481 555 1546 601 est,
1568 557 1688 594 tritici

277 622 457 661 modium
479 636 611 661 xxxn
633 623 758 660 millia
780 635 907 668 cccc,
942 622 1005 674 (ab
1037 622 1221 660 omnibus
1242 624 1347 660 enirn
1369 631 1484 660 ternae
1509 632 1688 675 praeterea

276 689 604 741 quinquagefimae
623 688 891 741 exigebantur)
924 688 1010 726 sunt
1043 687 1126 726 haec
1153 688 1237 740 jam
1268 688 1314 726 ad
1348 700 1509 726 CCCLVI
1546 688 1686 734 millia,

278 767 388 793 cccc
413 755 592 794 modium
614 755 748 793 tritici.
781 757 836 793 At
856 768 927 808 ego
950 767 1059 793 cccc
1090 755 1216 792 millia
1240 754 1339 792 lucri
1360 753 1459 792 facita
1484 753 1553 792 effe
1574 755 1685 792 dixe-

276 834 358 860 ram
376 836 385 860 :
418 835 495 860 non
517 821 623 860 enim
643 821 744 859 duco
763 821 804 860 in
825 820 897 859 hac
918 821 1064 859 ratione
1083 834 1161 865 eos,
1193 821 1337 873 quibus
1370 821 1486 859 ternis
1514 821 1685 860 medim-

274 888 334 925 nis
355 902 434 926 non
465 888 517 927 est
537 888 693 926 licitum
713 887 900 926 decidere.
931 888 1096 933 Verum,
1129 898 1173 926 ut
1202 887 1275 926 hac
1300 887 1379 940 ipsa
1410 887 1556 925 ratione
1577 887 1684 925 sum-

275 967 381 992 mam
403 955 481 992 mei
501 954 671 1006 promiffi
693 954 926 1006 compleam,
949 953 995 990 ad
1015 953 1163 1005 singula
1183 951 1431 990 medimnum
1452 953 1569 990 multi
1591 954 1684 991 H-S

274 1019 366 1064 du0‚
386 1020 503 1058 multi
523 1021 615 1058 H-S
638 1020 811 1072 quinque
831 1019 1050 1057 acceffionis
1071 1019 1308 1071 cogebantur
1328 1019 1414 1056 dare
1432 1033 1440 1057 :
1475 1019 1542 1070 qui
1562 1019 1686 1057 mini-

275 1100 401 1131 mum,
423 1086 591 1139 fingulos
612 1099 811 1124 nummos.
844 1086 935 1124 Hoc
957 1085 1171 1123 minimum
1195 1094 1236 1123 ut
1258 1085 1474 1137 sequamur,
1498 1086 1685 1137 quoniam

276 1165 330 1190 xc
354 1151 601 1190 medimnum
629 1153 754 1190 millia
774 1152 974 1197 duximus,
1005 1152 1185 1190 accedant
1219 1151 1263 1190 eo
1295 1165 1409 1196 n0v0‚
1444 1151 1684 1205 peffimoque

273 1218 452 1271 exemplo
472 1219 564 1256 H-S
588 1231 642 1256 xc
667 1218 804 1256 millia.

335 1285 417 1323 Hic
450 1283 550 1323 mihi
585 1285 701 1323 etiam
737 1285 862 1322 dicere
893 1284 1064 1328 audebit,
1096 1297 1239 1337 magno
1269 1283 1304 1322 se
1336 1284 1516 1322 decumas
1545 1285 1682 1322 vendi-

273 1351 377 1396 diffe,
409 1365 501 1389 cum
534 1364 581 1389 ex
611 1351 748 1389 eodem
780 1364 883 1404 agro,
915 1351 1080 1389 dimidio
1114 1351 1201 1403 plus
1233 1350 1311 1403 ipse
1332 1350 1540 1395 abstulerit,
1563 1364 1681 1403 quam

270 1411 418 1470 Populo
438 1418 619 1456 Romano
640 1417 784 1456 miserit
803 1418 815 1455 ?
850 1430 983 1456 ccxv
1002 1417 1180 1455 modium
1202 1417 1379 1454 millibus
1400 1416 1579 1454 decumas
1601 1417 1681 1469 agri

272 1484 457 1523 Leontini
486 1484 703 1523 vendidisti.
751 1485 789 1522 Si
817 1498 866 1523 ex
897 1484 996 1537 lege,
1030 1497 1200 1537 magno:
1233 1483 1273 1528 fi,
1304 1492 1347 1520 ut
1367 1483 1428 1521 lex
1449 1481 1538 1520 effet
1558 1483 1683 1522 libido

272 1559 351 1595 tua,
386 1564 502 1603 parvo
522 1566 530 1589 ε
575 1551 616 1595 fi,
650 1560 707 1595 ut,
741 1564 825 1602 quae
856 1550 1028 1588 dimidiae
1059 1549 1189 1594 effent,
1231 1549 1404 1587 decumae
1439 1558 1679 1594 vocarentur,

270 1630 386 1669 parvo
406 1617 622 1655 vendidisti.
654 1617 790 1654 Multo
810 1617 916 1654 enim
936 1616 1058 1668 pluris
1085 1615 1232 1653 fruetus
1254 1615 1372 1652 annui
1394 1615 1531 1652 Siciliae
1551 1616 1681 1653 venire

270 1692 494 1735 potuerunt,
526 1684 552 1721 fi
583 1683 623 1721 id
645 1692 681 1721 te
702 1682 864 1728 senatus,
895 1691 960 1720 aut
980 1682 1147 1736 populus
1169 1682 1370 1719 Romanus
1392 1680 1513 1718 facere
1533 1681 1677 1718 voluis-

270 1750 335 1788 set.
369 1750 529 1788 Etenim
549 1749 644 1803 saepe
675 1749 847 1788 decumae
878 1749 975 1787 tanti
995 1749 1210 1792 venierunt,
1242 1761 1334 1787 cum
1364 1748 1446 1800 lege
1467 1747 1680 1785 Hieronica

270 1817 457 1862 venirent,
490 1818 623 1869 quanti
659 1829 762 1854 nunc
796 1816 881 1869 lege
915 1816 1057 1853 Verrea
1090 1815 1305 1853 venierunt.
1352 1814 1459 1852 Cedo
1494 1812 1594 1851 mihi
1627 1815 1675 1852 C.

270 1883 448 1922 Norbani
468 1883 647 1921 decumas
679 1882 864 1920 venditas.
899 1883 946 1920 C.
970 1882 1190 1920 NORBANI
1223 1892 1428 1918 DECUMAE
1454 1893 1674 1918 VENmTAE

272 1962 388 1988 AGRI
408 1951 661 1988 LEONTINI.
685 1949 811 2001 Atqui
832 1958 918 1987 tum
940 1961 1065 2000 neque
1080 1947 1278 2000 judicium
1295 1947 1340 1984 de
1363 1946 1677 1998 modojugerum

269 2016 427 2053 dabatur
442 2034 455 2060 3
488 2029 612 2067 neque
645 2015 752 2053 enim
777 2024 856 2052 erat
876 2014 1146 2053 Artemidorus
1169 2013 1373 2051 Cornelius
1405 2022 1673 2065 recuperator;

269 2095 393 2133 neque
414 2082 460 2118 ab
482 2090 625 2118 aratore
645 2080 886 2133 magistratus
907 2080 1057 2118 Siculus
1083 2088 1237 2117 tanturn
1258 2078 1449 2130 exigebat,
1481 2088 1674 2130 quantum

268 2149 505 2186 decumanus
526 2146 692 2185 ediderat
711 2161 719 2184 :
752 2161 822 2185 nec
855 2146 1087 2184 beneficium
1108 2146 1309 2198 petebatur
1329 2158 1349 2182 a
1369 2145 1597 2189 decumano,
1631 2155 1673 2182 ut

268 2215 308 2253 in
323 2215 458 2267 jugera
478 2213 623 2266 singula
644 2213 759 2251 ternis
780 2213 989 2251 medimnis
1010 2212 1182 2250 decidere
1203 2212 1333 2250 liceret
1352 2226 1360 2249 ε
1393 2225 1463 2248 nec
1485 2224 1672 2248 nummo-

268 2295 354 2319 rum
376 2280 623 2319 acceffionem
644 2279 852 2332 cogebatur
872 2289 994 2317 arator
1014 2279 1114 2324 dare,
1147 2292 1218 2317 nec
1250 2288 1374 2316 ternas
1399 2276 1671 2328 quinquageli-

268 2360 349 2384 mas
370 2346 558 2385 frumenti
584 2345 742 2390 addere3
775 2354 812 2383 et
844 2355 972 2383 tamen
1002 2345 1150 2398 populo
1181 2344 1361 2382 Romano
1393 2354 1555 2392 magnus
1585 2339 1671 2378 fru-

267 2413 389 2450 menti
409 2425 592 2450 numerus
613 2411 852 2451 mittebatur.

313 2478 360 2514 L.
386 2477 494 2530 Qid
515 2490 602 2515 vero
622 2476 698 2514 istae
718 2476 787 2514 fibi
807 2476 1146 2529 quinquagesimae,
1170 2473 1263 2525 quid
1284 2485 1397 2524 porro
1415 2485 1669 2509 nummorum

266 2541 502 2589 acceffiones,
531 2542 699 2582 volunt?
741 2556 819 2595 quo
850 2543 890 2581 id
915 2543 1027 2595 jure,
1059 2550 1172 2593 atque
1203 2539 1319 2585 adeo,
1363 2551 1441 2591 quo
1468 2538 1507 2576 id
1538 2538 1669 2591 potius
