2201 2792
590 208 936 249 ACTIONIS
978 209 1032 248 11.
1104 209 1312 249 LIBER
1355 213 1387 249 1.
1615 228 1691 268 215

287 324 328 351 es
358 325 426 366 pro
457 309 582 349 nihilo
607 325 683 363 prae
715 320 780 348 tua
810 310 935 363 praeda
965 318 1024 348 tot
1055 323 1111 348 res
1143 309 1386 348 sancitiffimas
1419 310 1588 349 ducere?
1620 314 1694 351 tibi

288 378 394 416 nulla
413 377 474 415 lex
494 376 570 414 fuit
589 377 602 413 ?
634 376 740 414 nulla
759 377 895 428 religio
913 377 926 413 ?
958 376 1089 413 nullus
1111 375 1403 413 existimationis
1425 376 1549 428 pudor
1568 378 1580 413 ?
1603 379 1693 416 nul-

286 443 345 480 lus
374 443 515 495 judicii
545 443 705 480 metus?
737 442 883 480 nullius
918 442 1020 495 apud
1052 451 1088 479 te
1113 442 1237 494 gravis
1269 442 1503 479 auctoritas?
1540 443 1696 482 nullum

285 509 527 561 exemplum,
555 509 659 561 quod
687 508 793 561 sequi
814 508 958 546 velles?
991 509 1155 553 Verum,
1182 517 1224 545 ut
1245 508 1392 545 institui
1414 508 1552 554 dicere,
1576 510 1694 561 quin-

285 589 361 626 que
386 576 586 627 judicibus
609 575 715 613 nulla
735 575 831 627 lege,
865 575 973 613 nullo
1003 575 1193 619 instituto,
1229 575 1335 612 nulla
1355 575 1555 627 religione,
1590 576 1696 614 nulla

285 640 396 686 sorte,
433 655 479 679 ex
500 641 662 679 libidine
682 641 787 679 istius
809 641 921 686 datis,
950 654 1029 679 non
1049 641 1117 692 qui
1139 640 1288 678 causam
1309 641 1595 693 cognoscerent,
1634 642 1696 679 sed

286 707 370 758 qui,
403 708 508 759 quod
529 708 765 759 imperatum
795 707 898 752 esset,
928 707 1175 759 judicarent3
1207 720 1252 745 eo
1272 706 1333 745 die
1353 705 1454 745 nihil
1475 709 1604 746 aCtum
1627 708 1692 747 est.

283 773 419 811 Adesse
432 773 623 825 jubentur
643 773 837 826 postridie.

338 840 472 878 XVII.
505 840 712 878 Heraclius
734 840 889 885 interea,
925 853 1019 879 cum
1039 853 1173 879 omnes
1205 840 1355 878 infidias
1386 854 1407 878 a
1429 841 1591 879 Praetore
1611 839 1693 879 for-

281 906 386 944 tunis
408 906 482 944 suis
504 906 588 944 fieri
609 906 767 952 videret,
800 908 902 960 capit
922 907 1126 946 confilium
1158 907 1205 945 de
1226 908 1441 945 amicorum
1468 916 1505 944 et
1531 909 1692 960 propin-

282 985 451 1023 quorum
472 972 668 1017 sententia,
700 986 779 1011 non
807 974 925 1012 adesse
945 974 991 1011 ad
1007 974 1219 1025 judicium,
1264 975 1398 1026 Itaque
1419 974 1605 1025 Syracusis
1626 974 1693 1012 illa

281 1039 394 1076 11οᾶ6
426 1037 615 1090 profugit.
667 1039 739 1076 Iste
769 1039 918 1091 postero
950 1040 1011 1076 die
1040 1052 1166 1083 mane,
1203 1053 1294 1077 cum
1328 1040 1456 1078 multo
1486 1040 1690 1086 maturius,

281 1117 400 1155 quarn
421 1118 595 1157 unquam
615 1113 737 1149 antea,
759 1104 985 1150 surrexisset,
1012 1105 1162 1157 judices
1190 1105 1298 1142 citari
1314 1105 1442 1156 jubet.
1475 1105 1556 1143 Ubi
1577 1119 1691 1144 com—

279 1170 380 1221 perit
414 1170 644 1208 Heraclium
679 1183 757 1207 non
789 1170 922 1215 adesse,
958 1184 1094 1222 cogere
1132 1170 1271 1222 incipit
1303 1184 1380 1215 eos,
1417 1180 1461 1208 ut
1495 1171 1691 1211 absentem

280 1235 512 1274 Heraclium
542 1235 859 1274 condemnarent.
892 1236 956 1273 Illi
986 1249 1077 1273 eum
1110 1235 1481 1281 commonefaciunt,
1513 1246 1569 1282 ut,
1602 1238 1627 1275 fi
1655 1239 1690 1276 ei

278 1302 464 1348 videatur,
495 1311 625 1340 utatur
644 1302 820 1340 instituto
840 1301 919 1347 suo,
941 1315 1011 1340 nec
1031 1311 1143 1354 cogat
1163 1311 1251 1340 ante
1271 1301 1406 1340 horam
1430 1303 1622 1341 decimam
1644 1305 1691 1342 de

279 1369 431 1407 absente
452 1367 663 1407 secundum
684 1369 907 1422 praesentem
923 1369 1110 1421 judicare.
1143 1370 1373 1422 Impetrant.

255 1429 259 1432 ³
335 1437 484 1475 Interea
514 1436 600 1474 sane
631 1436 875 1489 perturbatus
907 1445 945 1473 et
972 1435 1065 1488 ipse,
1096 1444 1134 1474 et
1160 1436 1241 1488 ejus
1262 1436 1377 1474 amici
1407 1444 1445 1474 et
1469 1437 1689 1483 consiliarii,

278 1502 437 1540 moleste
467 1501 564 1539 ferre
584 1510 799 1554 coeperunt,
832 1501 1062 1539 Heraclium
1089 1500 1311 1554 profugisse.
1345 1501 1536 1540 Putabant
1553 1503 1687 1541 absen-

278 1570 328 1607 tis
350 1570 653 1614 damnationem,
684 1569 890 1622 praesertim
908 1577 1022 1607 tantae
1042 1569 1229 1622 pecuniae‚
1262 1569 1390 1606 multo
1410 1569 1687 1609 invidiffiorem

276 1633 372 1679 fore,
403 1649 521 1687 quam
542 1635 568 1672 fi
589 1635 747 1686 praesens
768 1635 970 1672 damnatus
991 1634 1091 1672 effet.
1124 1635 1184 1671 Eo
1203 1635 1421 1678 accedebat,
1454 1635 1560 1686 quod
1574 1636 1688 1687 judi-

277 1713 338 1738 ces
359 1713 379 1737 e
398 1701 482 1753 lege
503 1700 664 1752 Rupilia
692 1700 770 1737 dati
791 1713 868 1737 non
889 1709 1021 1744 erant;
1054 1699 1183 1737 multo
1213 1700 1331 1736 etiam
1357 1713 1439 1737 rem
1472 1701 1685 1752 turpiorem

276 1765 372 1810 fore,
410 1776 448 1804 et
482 1765 718 1817 iniquiorem
752 1765 877 1804 visum
904 1766 950 1803 iri
980 1765 1262 1817 intelligebant.
1308 1766 1445 1816 Itaque
1478 1764 1554 1803 hoc
1589 1766 1685 1804 dum

276 1833 464 1885 corrigere
496 1833 604 1877 vult,
640 1832 804 1884 apertIOr
833 1833 914 1884 ejus
941 1832 1130 1885 cupiditas
1158 1831 1462 1884 improbitasque
1492 1830 1590 1869 faffi'ca
1615 1832 1682 1871 est.

275 1899 383 1937 Nam
402 1898 480 1936 illis
501 1899 675 1950 quinque
689 1899 891 1950 judicibus
914 1899 971 1936 uti
994 1898 1065 1935 sese
1086 1907 1210 1950 negat.
1233 1898 1366 1948 Jubet‚
1386 1898 1424 1934 id
1445 1898 1551 1949 quod
1571 1899 1684 1937 initio

274 1979 294 2002 e
326 1966 410 2018 lege
441 1965 601 2017 Rupilia
630 1964 712 2002 fieri
747 1974 979 2018 oportuerat,
1011 1965 1119 2002 citari
1152 1963 1397 2008 Heraclium,
1433 1974 1471 2002 et
1504 1978 1582 2009 eos,
1615 1965 1683 2017 qui

276 2031 403 2068 dicam
430 2031 677 2082 scripserant:
710 2032 776 2076 ait,
805 2031 840 2069 se
866 2032 1016 2082 judices
1048 2044 1068 2068 e
1089 2031 1171 2082 lege
1191 2030 1288 2067 velle
1308 2029 1447 2068 sortiri.
1496 2031 1613 2082 Qod
1635 2031 1681 2068 ab

275 2109 321 2134 eo
355 2096 479 2148 pridie
513 2096 647 2133 multis
683 2097 861 2147 lacrymis
893 2110 985 2134 cum
1017 2110 1106 2134 eum
1139 2105 1281 2140 oraret,
1325 2105 1439 2148 atque
1470 2096 1681 2134 obsecraret

273 2162 494 2206 Heraclius,
516 2162 720 2214 impetrare
741 2175 818 2199 non
839 2171 1029 2214 potuerat,
1051 2162 1090 2199 id
1111 2162 1145 2198 ei
1175 2161 1355 2214 postridie
1375 2162 1479 2199 venit
1504 2163 1544 2200 in
1566 2176 1678 2200 men-

273 2235 368 2271 tem,
399 2240 419 2263 e
440 2226 524 2278 lege
544 2227 704 2279 Rupilia
724 2226 847 2264 sortiri
878 2227 980 2264 dicas
1000 2236 1187 2279 oportere.
1220 2226 1365 2264 Educit
1384 2240 1431 2265 ex
1464 2241 1557 2265 urna
1588 2236 1676 2265 tres.

273 2292 340 2337 Iis,
362 2301 405 2330 ut
429 2292 624 2330 absentem
645 2293 875 2331 Heraclium
897 2292 1173 2337 condemnent,
1206 2292 1398 2344 imperat:
1432 2293 1561 2344 itaque
1581 2305 1677 2328 con-

273 2357 469 2397 demnant.

328 2423 441 2475 Qae,
472 2425 636 2470 malum,
667 2426 734 2464 ista
754 2425 830 2464 fuit
860 2426 1058 2464 amentia?
1089 2424 1289 2477 ecquando
1316 2432 1351 2460 te
1381 2423 1569 2460 rationem
1591 2421 1676 2460 fac-

274 2495 404 2526 torum
423 2498 579 2529 tuorum
601 2492 843 2530 redditurum
870 2491 1010 2544 putasti
1029 2492 1041 2529 ?
1073 2489 1273 2542 ecquando
1291 2486 1352 2525 his
1373 2488 1420 2526 de
1448 2487 1561 2525 rebus
1583 2487 1675 2527 tales
