2201 2792
601 163 947 205 ACTIONIS
984 163 1038 202 ΙΙ.
1098 163 1310 202 LIBER
1347 166 1398 204 V.
1614 182 1694 222 439

304 263 432 304 salutis
466 275 541 304 tuae
562 265 752 303 rationem
782 264 966 318 judicum
992 263 1181 302 severitati
1210 263 1422 303 reservavit.
1456 265 1538 317 Q‘i
1558 265 1697 304 sciebas

303 331 378 369 tibi
397 331 554 370 crimini
573 332 707 370 datum
728 331 775 369 iri
794 332 806 368 ?
828 331 1083 384 quamobrem
1101 329 1241 368 sciebas
1261 331 1273 368 ?
1305 331 1560 383 quamobrem
1581 333 1697 370 etiam

302 396 568 450 suspicabare?
607 398 822 437 Inimicum
852 396 1020 435 habebas
1053 398 1266 436 neminem.
1300 398 1339 435 Si
1364 397 1537 443 haberes,
1570 408 1698 436 tamen

302 477 380 502 non
400 466 455 503 ita
483 466 643 511 vixeras,
673 474 717 504 ut
747 474 897 504 metum
913 464 1055 517 judicii
1085 465 1324 517 propofitum
1359 464 1499 503 habere
1527 465 1697 504 deberes.

302 532 369 568 An
389 540 441 577 te,
471 532 512 570 id
531 532 637 585 quod
656 531 738 569 fieri
758 531 864 576 solet,
886 530 1120 569 conscientia
1148 531 1351 575 timidum,
1371 531 1700 584 suspiciosumque

251 623 262 628 -
302 595 467 636 faciebat
486 599 500 635 ?
532 598 616 649 Q‘i
635 598 767 649 igitur,
800 594 893 634 cum
913 595 1003 633 effes
1025 609 1117 633 cum
1138 596 1316 648 imperio,
1343 597 1426 648 jam
1447 606 1531 634 tuin
1548 597 1697 648 judici-

303 678 388 710 um,
409 674 447 702 et
467 665 615 703 crimen
635 663 812 701 horrebas
830 682 842 708 ς
874 675 959 700 reus
980 676 1073 701 cum
1093 671 1152 701 tot
1172 663 1331 701 testibus
1353 676 1572 716 coarguare,
1590 673 1699 716 potes

301 732 349 770 de
368 731 615 770 damnatione
634 731 809 769 dubitare
829 730 841 767 ?

356 799 521 843 Verum,
557 798 583 835 fi
604 798 754 835 crimen
783 796 860 835 hoc
880 797 1094 842 metuebas,
1123 810 1170 835 ne
1190 796 1277 849 quis
1308 797 1374 835 abs
1403 806 1440 834 te
1460 797 1698 850 suppositum

301 863 372 903 effe
393 865 551 910 diceret,
573 865 642 916 qui
661 877 731 917 pro
750 863 981 916 archipirata
1000 863 1122 901 securi
1140 862 1317 902 feriretur
1332 882 1344 909 3
1377 873 1509 902 utrum
1541 864 1697 902 tandem

304 932 379 970 tibi
413 931 460 970 ad
492 930 752 970 defensionem
786 930 937 969 firmius
971 929 1053 969 fore
1087 930 1241 983 putasti,
1285 932 1326 968 in
1350 931 1514 982 judicio,
1547 933 1697 976 coastu,

301 1007 417 1051 atque
449 997 662 1051 efflagitatu
696 1011 798 1042 meo,
838 997 1048 1050 producere
1077 997 1123 1035 ad
1156 998 1309 1050 ignotos
1342 1006 1448 1035 tanto
1477 998 1560 1049 post
1589 1011 1696 1042 eum,

301 1078 421 1118 quem
440 1064 710 1118 archipiratam
744 1064 815 1102 effe
835 1064 978 1102 diceres
995 1082 1008 1109 ς
1040 1077 1087 1101 an
1108 1065 1252 1102 recenti
1273 1078 1326 1109 re,
1364 1064 1564 1116 Syracusis,
1596 1065 1697 1117 apud

300 1142 429 1178 notos,
459 1132 693 1185 inspectante
727 1131 856 1170 Sicilia
886 1144 984 1184 pene
1018 1140 1112 1176 tota,
1143 1130 1266 1168 securi
1296 1130 1435 1169 ferire?
1468 1131 1568 1169 Vide
1603 1132 1699 1183 quid

300 1199 461 1244 interfit,
492 1207 625 1236 utrum
646 1197 868 1236 faciendum
891 1197 1021 1236 fuerit.
1055 1198 1100 1235 In
1122 1197 1191 1236 illo
1223 1196 1460 1250 reprehensio
1491 1198 1598 1235 nulla
1626 1197 1698 1235 effe

299 1265 456 1319 potuit:
487 1263 554 1302 hic
585 1263 753 1301 defensio
774 1263 879 1302 nulla
898 1264 963 1301 est.
1009 1264 1145 1316 Itaque
1174 1264 1272 1301 illud
1304 1264 1451 1316 semper
1471 1277 1605 1301 omnes
1638 1263 1697 1301 fe-

300 1340 462 1370 cerunt:
493 1329 570 1369 hoc
591 1330 678 1383 quis
699 1339 784 1368 ante
809 1339 858 1375 te,
891 1330 976 1382 quis
1008 1340 1142 1382 praeter
1172 1339 1208 1367 te
1228 1329 1376 1375 fecerit,
1413 1344 1555 1382 quar-ro.
1590 1330 1696 1367 Pira-

301 1408 382 1436 tam
402 1398 535 1436 vivum
557 1396 723 1434 tenuisti.
758 1397 890 1448 Qem
911 1396 958 1434 ad
978 1395 1096 1434 finem
1116 1396 1128 1433 ?
1160 1396 1255 1433 dum
1276 1409 1368 1434 cum
1389 1396 1553 1449 imperio
1574 1395 1695 1433 fuisti.

302 1464 598 1517 Qamobrem?
630 1477 747 1516 quam
776 1463 827 1500 ob
849 1463 1028 1501 causam?
1060 1476 1139 1514 quo
1173 1463 1384 1516 exemplo?
1415 1477 1484 1501 cur
1514 1463 1696 1500 tamdiu?

299 1545 382 1576 cur,
414 1531 602 1583 inquam,
634 1530 784 1567 civibus
820 1529 1024 1573 Romanis,
1058 1542 1154 1580 quos
1189 1530 1318 1582 piratae
1353 1538 1545 1581 ceperant,
1577 1528 1696 1566 securi

301 1598 428 1636 statim
459 1597 654 1650 percussis,
685 1596 771 1648 ipfis
803 1596 934 1648 piratis
968 1595 1064 1633 lucis
1097 1595 1248 1633 usuram
1285 1605 1364 1633 tam
1385 1596 1608 1633 diuturnam
1629 1596 1697 1633 de—

299 1663 418 1702 disti?
450 1663 597 1700 Verum
617 1662 719 1700 esto:
753 1662 797 1699 sit
830 1662 902 1699 tibi
922 1662 1021 1699 illud
1051 1661 1217 1699 liberum
1237 1675 1354 1699 omne
1390 1671 1558 1713 tempus,
1590 1662 1697 1712 quod

300 1744 392 1768 cum
413 1729 579 1782 imperio
599 1727 719 1766 fuisti.
752 1729 934 1766 Etiamne
954 1729 1123 1780 privatus
1144 1728 1156 1764 ?
1188 1728 1356 1765 etiamne
1377 1740 1459 1764 reus
1484 1727 1495 1763 ?
1528 1728 1698 1764 etiamne

302 1810 398 1849 pene
429 1796 661 1839 damnatus,
709 1794 882 1833 hostium
918 1795 1032 1832 duces
1067 1795 1211 1846 privata
1249 1794 1289 1832 in
1326 1794 1444 1831 domo
1475 1793 1695 1830 retinuisti?

302 1865 455 1907 Unum,
486 1863 648 1900 alterum
670 1861 856 1905 mensem,
890 1874 1007 1914 prope
1027 1874 1172 1898 annum
1194 1860 1372 1912 denique,
1401 1859 1507 1897 domi
1531 1867 1603 1896 tuae
1634 1860 1697 1912 pi-

301 1939 403 1975 ratae,
434 1943 454 1967 a
488 1943 566 1982 quo
598 1939 771 1981 tempore
806 1929 907 1981 capti
942 1928 1053 1972 sunt,
1085 1927 1211 1979 quoad
1245 1941 1312 1980 per
1346 1940 1409 1964 me
1444 1927 1598 1964 licitum
1630 1926 1699 1971 est,

301 1995 483 2040 fuerunt,
516 1994 591 2032 hoc
625 1995 690 2039 est,
723 1995 849 2047 quoad
884 2008 950 2046 per
971 1994 1046 2032 Μ’.
1070 1994 1247 2031 Acilium
1269 1993 1523 2031 Glabrionem
1542 1991 1700 2030 licitum

301 2062 367 2107 est,
400 2061 482 2114 qui,
505 2060 719 2113 postulante
739 2074 816 2105 me,
839 2060 1015 2112 produci,
1049 2069 1164 2111 atque
1194 2060 1236 2097 in
1270 2073 1460 2097 carcerem
1481 2059 1597 2097 condi
1617 2059 1698 2096 im-

301 2132 458 2177 peravlt.

356 2190 487 2228 XXX.
521 2188 639 2238 Qod
659 2187 709 2225 est
729 2186 887 2240 hujusce
908 2187 961 2225 rei
976 2187 1068 2239 jus?
1100 2200 1184 2239 quae
1205 2186 1469 2240 consuetudo?
1503 2186 1607 2238 quod
1627 2199 1699 2223 ex-

302 2257 507 2309 emplum?
540 2255 705 2293 Hostem
735 2255 981 2299 acerrimum,
1011 2263 1126 2306 atque
1147 2253 1432 2292 infestiffimum
1453 2244 1586 2305 populi
1610 2252 1696 2289 Ro-

302 2324 421 2367 mani,
453 2323 514 2360 seu
547 2322 676 2374 potius
707 2335 960 2371 communem
995 2319 1145 2359 hostem
1176 2321 1380 2372 gentium,
1416 2320 1699 2368 nationumque

302 2389 497 2432 omnium,
523 2387 727 2439 quisquam
761 2388 941 2426 omnium
977 2387 1202 2425 mortalium
1223 2386 1391 2439 privatus
1423 2385 1520 2421 intra
1551 2383 1699 2420 moenia.

303 2455 411 2493 domi
432 2453 504 2491 sua:
525 2454 683 2491 retinere
703 2454 844 2505 poterit
863 2455 875 2490 ?

361 2519 470 2572 Qid
491 2519 516 2557 fi
537 2519 671 2572 pridie,
703 2532 821 2571 quam
856 2533 877 2558 a
906 2533 969 2558 me
1000 2529 1043 2557 tu
1073 2519 1224 2557 coaetus
1256 2530 1293 2554 es
1324 2515 1511 2560 confiteri,
1545 2515 1700 2554 civibus
