2201 2792
505 136 580 166 222
933 118 1022 158 IN
1093 118 1474 157 VERREM

502 220 764 260 haereditatem
781 236 792 263 ς
824 226 1084 270 procuratores
1105 216 1309 270 postulant,
1331 225 1374 254 ut
1394 215 1429 254 se
1448 216 1494 253 ad
1514 215 1614 268 leges
1644 213 1724 253 suas
1745 214 1903 267 rejiciat,

502 297 633 325 autex
651 286 736 337 lege
756 284 916 336 Rupilia
934 283 1061 321 dicam
1080 283 1194 321 scribi
1208 282 1354 335 jubeat.
1387 281 1600 320 Adversarii
1617 295 1694 319 non
1715 281 1905 319 audebant

503 363 635 392 contra
654 352 802 390 dicere:
834 350 959 388 exitus
981 349 1109 386 nullus
1140 348 1420 400 reperiebatur:
1454 347 1674 385 insimulant
1699 346 1904 385 hominem

504 418 704 457 fraudandi
734 415 841 454 causa
871 413 1088 452 disceffiffe:
1121 413 1326 465 postulant,
1360 422 1403 450 ut
1434 412 1534 450 bona
1559 412 1741 464 poffidere
1775 412 1902 449 liceat.

504 484 681 523 Debebat
694 482 889 534 Epicrates
911 479 1065 517 nullum
1085 491 1297 516 nummum
1317 478 1478 515 nemini.
1504 478 1649 522 Amici,
1666 478 1692 515 fi
1705 477 1792 529 quis
1809 475 1904 528 quid

505 558 662 603 peteret,
690 547 840 600 judicio
862 546 990 584 secum
1018 544 1078 597 agi
1100 543 1279 596 paffurOS,
1306 543 1525 594 judicatum
1547 542 1641 580 solvi
1665 542 1901 580 satisdaturos

505 615 576 653 effe
597 614 788 652 dicebant.

560 681 691 719 XXV.
725 681 830 718 Cum
851 679 982 717 omnia
996 678 1143 730 judicia
1162 677 1360 730 frigerent,
1387 677 1588 715 admonitu
1607 675 1713 713 istius
1741 674 1904 712 infimu-

505 749 581 786 lare
601 755 815 800 coeperunt,
838 746 1062 797 Epicratem
1082 745 1225 782 litteras
1246 744 1420 797 publicas
1441 742 1670 795 corrupiffe;
1692 755 1713 779 a
1731 754 1807 793 qua
1826 739 1905 778 sus-

505 814 659 867 picione
679 812 743 850 ille
765 812 889 849 aberat
909 811 1150 863 plurimum:
1175 811 1363 848 astionem
1377 810 1457 862 ejus
1474 809 1528 847 rei
1548 807 1765 861 postulant:
1790 806 1907 844 amici

505 879 686 922 recusare,
708 891 755 915 ne
775 876 880 928 quod
901 889 1045 914 novum
1070 875 1281 928 judicium,
1308 888 1354 913 ne
1374 887 1449 926 qua
1480 874 1595 927 ipfius
1617 872 1804 925 cognitio,
1835 871 1906 910 illo

504 944 669 987 absente,
691 943 737 980 de
757 942 1036 980 existimatione
1055 942 1134 993 ejus
1152 941 1469 983 constitueretur;
1492 948 1530 977 et
1549 939 1663 976 fimul
1684 937 1790 975 idem
1809 936 1908 974 illud

504 1010 692 1064 postulare
713 1022 789 1046 non
811 1007 1048 1052 defistebant,
1080 1016 1124 1044 ut
1143 1007 1178 1044 se
1198 1007 1244 1044 ad
1271 1006 1370 1058 leges
1392 1005 1472 1042 suas
1494 1006 1677 1056 rejiceret.
1720 1003 1793 1042 Iste
1821 1016 1908 1042 am-

504 1077 609 1129 plam
630 1075 867 1125 occasionem
888 1073 1092 1111 calumniae
1113 1074 1259 1118 nactus,
1298 1072 1367 1110 ubi
1386 1070 1491 1109 videt
1511 1070 1582 1108 effe
1608 1069 1770 1122 aliquid,
1802 1068 1911 1122 quod

504 1142 620 1180 amici
640 1141 791 1179 absente
812 1139 992 1192 Epicrate
1013 1138 1161 1176 nollent
1181 1136 1397 1181 defendere,
1430 1135 1605 1174 asseverat
1635 1135 1671 1173 se
1691 1136 1772 1187 ejus
1793 1136 1847 1173 rei
1865 1136 1908 1173 in

504 1207 641 1259 primis
673 1206 864 1243 affionem
899 1204 969 1241 effe
1003 1203 1197 1240 daturum.
1246 1203 1352 1239 Cum
1382 1214 1517 1238 omnes
1553 1200 1824 1252 perspicerent,
1861 1199 1908 1237 ad

505 1274 622 1311 istum
641 1285 718 1310 non
739 1271 857 1308 modo
888 1269 974 1306 illos
1007 1281 1206 1312 nummos,
1239 1267 1309 1319 qui
1342 1281 1409 1320 per
1440 1266 1726 1304 fimulationem
1759 1266 1807 1305 ab
1837 1266 1908 1306 isto

505 1339 688 1382 exierant,
711 1335 912 1380 revertiffe,
935 1334 997 1373 sed
1016 1334 1144 1372 multo
1163 1334 1280 1371 etiam
1301 1333 1428 1386 plures
1460 1346 1553 1370 eum
1577 1332 1703 1385 postea
1722 1346 1908 1371 nummos

505 1403 720 1448 abstulisse,
750 1402 866 1440 amici
888 1402 1108 1454 Epicratem
1130 1398 1333 1437 defendere
1353 1398 1590 1436 destiterunt.
1624 1397 1696 1436 Iste
1717 1398 1910 1450 Epicratis

507 1472 606 1509 bona
626 1469 784 1508 Bidinos
804 1468 936 1506 omnia
955 1466 1152 1520 poffidere,
1184 1474 1222 1504 et
1243 1465 1312 1504 fibi
1331 1464 1471 1503 habere
1485 1464 1606 1517 juffit.
1652 1464 1716 1502 Ad
1730 1464 1797 1502 illa
1816 1466 1908 1504 H-S

510 1552 552 1577 ω
575 1536 698 1575 millia
730 1534 965 1574 haereditaria
989 1533 1139 1572 acceffit
1172 1532 1287 1585 ipfius
1308 1531 1465 1584 antiqua
1485 1532 1576 1570 H-S
1597 1530 1819 1583 quindecies
1839 1545 1909 1585 pe-

506 1604 633 1642 cunia.
678 1604 825 1640 Utrum
846 1613 902 1638 res
938 1599 984 1637 ab
1015 1599 1128 1636 initio
1155 1599 1209 1636 ita
1229 1598 1342 1636 du&a
1361 1597 1427 1642 est,
1458 1611 1505 1634 an
1537 1596 1583 1634 ad
1613 1606 1833 1635 extremum
1857 1597 1911 1636 ita

507 1669 687 1722 perduCta
708 1667 787 1705 est?
819 1679 866 1703 an
898 1665 950 1702 ita
969 1677 1081 1716 parva
1101 1663 1153 1701 est
1173 1663 1368 1716 pecunia?
1399 1676 1446 1700 an
1477 1662 1508 1700 is
1535 1660 1656 1699 horno
1682 1661 1834 1708 Verres,
1867 1671 1911 1701 ut

507 1735 604 1780 haec‚
627 1748 711 1786 quae
732 1732 826 1776 dixi,
848 1730 965 1784 gratis
986 1729 1083 1768 faeta
1100 1729 1172 1767 effe
1193 1728 1421 1767 videantur?

564 1801 645 1840 Hic
666 1812 768 1837 nunc
788 1798 836 1835 de
858 1796 1006 1834 miseria
1024 1795 1257 1840 Siculorum,
1276 1795 1448 1846 Judices,
1469 1794 1611 1832 audite.
1635 1794 1688 1832 Et
1704 1794 1909 1832 Heraclius

508 1866 573 1904 ille
596 1864 860 1917 Syracusanus,
882 1871 919 1899 et
938 1861 1003 1898 hic
1022 1861 1183 1898 Bidinus
1197 1861 1410 1913 Epicrates,
1424 1859 1570 1912 expulfi
1587 1859 1697 1896 bonis
1711 1859 1909 1904 omnibus,

510 1933 680 1969 Romam
701 1936 901 1967 venerunt.
945 1925 1148 1970 Sordidati,
1179 1926 1350 1963 maxima
1370 1925 1499 1968 barba,
1530 1933 1566 1961 et
1587 1923 1741 1976 capillo,
1773 1925 1911 1963 Romae

509 1997 713 2037 biennium
735 2007 851 2047 prope
871 1991 1042 2030 fuerunt.
1075 1993 1180 2030 Cum
1202 1993 1250 2030 L.
1273 1991 1459 2029 Metellus
1480 1991 1520 2028 in
1550 1991 1790 2043 provinciam
1819 2005 1910 2044 pro-

510 2062 630 2101 festus
651 2061 716 2105 est,
749 2070 833 2097 tum
854 2059 914 2096 isti
935 2059 1031 2096 bene
1050 2057 1312 2095 commendati
1333 2071 1424 2096 cum
1446 2056 1612 2094 Metello
1642 2069 1717 2094 una
1736 2056 1910 2108 proficis-

510 2136 665 2166 cuntur.
684 2125 886 2169 Metellus,
909 2124 1019 2162 fimul
1042 2137 1083 2161 ac
1104 2124 1209 2161 venit
1226 2123 1435 2175 Syracusas,
1457 2132 1667 2174 utrumque
1687 2122 1852 2167 rescidit,
1873 2131 1912 2160 et

511 2194 558 2232 de
579 2193 772 2245 Epicrate,
795 2200 832 2228 ct
854 2190 900 2227 de
921 2189 1118 2227 Heraclio.
1152 2191 1196 2227 In
1218 2189 1415 2241 utriusque
1436 2188 1546 2226 bonis
1568 2186 1667 2226 nihil
1687 2196 1778 2231 erat,
1806 2187 1910 2239 quod

513 2259 657 2298 restitui
678 2256 808 2310 posset,
832 2256 898 2293 nis}
922 2255 1028 2307 quod
1049 2255 1194 2292 moveri
1211 2255 1296 2293 loco
1316 2269 1393 2292 non
1414 2263 1575 2306 poterat.

567 2325 719 2363 XXVI.
753 2325 908 2361 Fecerat
929 2321 1009 2359 haec
1031 2321 1180 2373 egregie
1201 2322 1328 2373 primo
1349 2321 1511 2358 adventu
1535 2318 1736 2362 Metellus,
1759 2326 1802 2355 ut
1822 2331 1911 2356 om-

514 2404 578 2430 nes
601 2390 705 2428 istius
727 2389 898 2442 injurias,
931 2401 1023 2440 quas
1045 2388 1162 2425 modo
1182 2387 1314 2439 posset,
1338 2386 1576 2429 rescinderet,
1604 2395 1642 2422 et
1662 2384 1784 2421 irritas
1805 2382 1910 2421 face-

512 2465 585 2497 ret.
618 2456 847 2498 Heraclium
868 2454 1010 2494 restitui
1027 2453 1203 2506 jusserat:
1236 2467 1312 2491 non
1334 2452 1611 2491 restituebatur.
1635 2449 1819 2503 Qisquis
1835 2458 1913 2488 erat
