2201 2792
534 146 665 189 PRO
706 139 1062 196 QRoscm
1105 139 1469 182 COMOEDO.
1644 155 1714 183 111

311 256 377 288 tua
396 245 526 286 causat
557 252 609 290 et,
641 243 669 282 fi
690 241 845 296 quando
866 255 930 281 me
948 241 1007 280 vis
1027 241 1208 295 pejerare,
1241 249 1285 279 ut
1304 240 1510 293 paululum
1543 250 1586 280 tu
1607 256 1720 282 com-

309 313 443 368 pendii
461 311 591 356 facias,
614 318 790 363 paratum
811 308 894 348 fore
913 307 1024 348 scito.
1048 308 1144 347 Non
1159 306 1236 346 fuit
1255 306 1378 352 causa,
1400 321 1470 345 cur
1491 316 1643 346 tantum
1665 310 1721 347 la-

310 381 445 419 borem
465 389 632 431 caperes,
663 386 704 415 et
723 376 770 415 ad
800 389 865 414 me
884 376 1057 415 venires:
1089 387 1157 429 per
1181 374 1368 414 nuntium
1394 372 1484 419 hoc,
1519 374 1626 426 quod
1646 384 1724 413 erat

308 454 389 485 tam
410 445 507 491 leve,
529 443 733 496 tranfigere
752 441 926 496 potuisti.

362 512 498 551 XVII.
531 511 607 550 Pro
627 508 761 548 Deum
780 508 1073 560 hominumque
1093 506 1236 545 fidem!
1268 505 1345 545 hoc
1377 515 1442 545 aut
1462 505 1626 544 Roscius
1649 520 1726 544 un-

309 588 429 632 quam
450 591 471 616 a
491 577 634 617 Cluvio
654 575 832 630 petiiffet,
854 575 880 614 fi
902 576 995 614 H-S
1014 574 1158 613 millies
1178 574 1220 612 in
1234 573 1432 626 judicium
1447 571 1631 611 haberet?
1660 581 1727 611 aut

311 644 476 683 Cluvius
497 643 639 683 Roscio
669 643 817 696 petenti
837 640 1083 686 conceffiffet,
1119 640 1146 679 fi
1178 639 1360 678 universae
1380 639 1514 694 praedae
1534 639 1727 692 particeps

310 711 430 750 esset?
462 711 542 750 Vix
562 710 713 749 medius
734 709 864 756 fidius,
897 718 955 755 tu,
978 708 1117 754 Fanni,
1150 722 1171 746 a
1191 707 1379 753 Ballione,
1401 716 1467 745 aut
1487 707 1620 759 aliquo
1646 707 1726 758 ejus

309 778 428 817 fimili
457 777 535 818 hoc
565 777 804 831 expostulare
833 777 1005 821 auderes,
1035 785 1074 815 et
1104 776 1310 829 impetrare
1341 775 1476 828 poffes,
1507 773 1613 827 quod
1633 787 1729 812 cum

311 846 364 885 est
384 846 541 885 veritate
561 845 716 891 falsum,
749 853 835 884 turn
857 844 1003 883 ratione
1023 857 1181 896 quoque
1201 842 1254 881 est
1274 841 1516 881 incredibile.
1551 840 1728 878 Oblivis-

314 926 379 952 cor
399 914 521 958 enim,
548 913 738 951 Roscium
769 921 808 950 et
829 912 1021 951 Cluvium
1051 911 1153 949 viros
1174 909 1246 948 effe
1266 909 1494 963 primarios;
1528 908 1728 961 improbos

314 979 501 1032 temporis
522 978 632 1016 causa
650 978 722 1016 effe
742 977 863 1030 fingo.

370 1044 528 1082 Falsum
562 1043 783 1081 subornavit
814 1043 948 1080 testem
975 1042 1138 1080 Roscius
1160 1042 1365 1081 Cluvium.
1405 1043 1488 1080 Cur
1508 1049 1588 1078 tam
1616 1040 1729 1078 sero?

316 1122 399 1154 cur,
434 1122 527 1146 cum
558 1108 674 1146 altera
708 1107 837 1160 penfio
870 1107 1048 1146 solvenda
1081 1106 1183 1152 effet‚
1216 1119 1294 1145 non
1322 1114 1425 1151 tum,
1456 1119 1549 1143 cum
1572 1105 1728 1157 prima?

315 1187 408 1213 nam
422 1175 506 1226 jam
526 1182 636 1212 antea
656 1173 748 1211 H-S
773 1187 876 1213 1333
900 1172 1128 1210 dissolverat.
1160 1173 1330 1217 Deinde,
1354 1173 1380 1210 fi
1406 1174 1490 1224 jam
1512 1171 1730 1224 persuasum

314 1248 394 1278 erat
415 1239 571 1285 Cluvio,
602 1247 667 1277 aut
698 1239 955 1283 mentiretur3
987 1250 1056 1275 cur
1086 1238 1216 1290 potius
1244 1238 1337 1275 H-S
1371 1249 1580 1280 0001333,
1613 1250 1734 1288 quam

317 1317 528 1351 0001333,
553 1317 762 1350 0001333,
788 1317 980 1345 0001333
1014 1304 1101 1342 data
1120 1304 1220 1342 dixit
1241 1303 1392 1341 Fannio
1417 1316 1438 1340 a
1457 1302 1606 1347 Flavio,
1639 1315 1734 1340 cum

251 1414 256 1418 .
316 1386 365 1412 ex
385 1373 672 1426 restipulatione
692 1385 776 1425 pars
798 1373 879 1425 ejus
900 1371 1064 1410 dimidia
1083 1370 1217 1409 Roscii
1238 1369 1356 1408 effet?

371 1440 462 1491 Jam
487 1438 689 1491 intelligis,
722 1440 770 1476 C.
794 1439 897 1482 Piso,
931 1438 1001 1476 fibi
1022 1437 1106 1483 soli,
1135 1437 1305 1475 societati
1327 1435 1428 1474 nihil
1450 1435 1638 1474 Roscium
1661 1449 1730 1488 pe·-

315 1506 412 1545 tiffe.
456 1507 548 1544 Hoc
568 1518 661 1544 cum
682 1504 797 1543 sentit
828 1504 998 1542 Saturius
1019 1503 1090 1541 effe
1122 1512 1313 1556 apertum,
1349 1503 1512 1541 refistere
1532 1512 1569 1540 et
1589 1515 1732 1555 repug-

317 1587 406 1612 nare
425 1583 558 1612 contra
576 1573 776 1611 veritatem
797 1585 876 1610 non
896 1571 1010 1610 audet
1027 1586 1036 1609 :
1069 1571 1175 1610 aliud
1195 1570 1355 1616 fraudis,
1388 1579 1426 1609 et
1446 1569 1671 1608 infidiarum
1691 1569 1733 1606 in

318 1640 455 1678 eodem
476 1639 635 1692 vestigio
655 1638 930 1677 diverticulum
951 1638 1105 1690 reperit.

374 1705 527 1749 Petiffe,
561 1704 693 1756 inquit
706 1732 717 1748 ,
755 1704 860 1741 suam
895 1711 1043 1756 partem
1074 1703 1264 1742 Roscium
1297 1716 1318 1739 a
1350 1703 1485 1741 Flavio
1515 1701 1702 1740 confiteor
1720 1715 1730 1739 ε

318 1784 481 1811 vacuam
513 1779 551 1808 et
585 1770 776 1822 integram
808 1767 1001 1821 reliquiffe
1032 1768 1155 1806 Fanni
1175 1767 1348 1806 concedo
1366 1781 1375 1805 ε
1413 1767 1489 1812 sed,
1526 1767 1632 1819 quod
1663 1766 1734 1804 fibi

318 1837 462 1889 exegit,
497 1836 537 1874 id
557 1849 769 1874 commune
789 1834 978 1874 societatis
999 1833 1146 1873 factum
1173 1833 1243 1872 effe
1263 1833 1470 1872 contendo.
1518 1834 1611 1885 Qo
1632 1830 1733 1870 nihil

320 1901 538 1956 captiofius,
566 1914 694 1954 neque
713 1901 910 1954 indignius
931 1901 1055 1954 potest
1074 1900 1167 1938 dici.
1206 1900 1348 1951 Qaero
1369 1900 1490 1944 enirn,
1514 1899 1735 1951 potueritne

320 1969 486 2008 Roscius
507 1982 555 2007 ex
574 1968 753 2007 societate
772 1968 879 2006 suam
899 1976 1049 2020 partem
1070 1976 1211 2020 petere,
1232 1979 1354 2005 necne
1372 1966 1385 2003 ?
1418 1967 1455 2005 Si
1477 1979 1554 2004 non
1574 1965 1704 2018 potuit
1719 1982 1732 2009 3

323 2035 658 2088 quemadmodum
692 2035 848 2073 abstulit
866 2034 879 2071 ?
924 2035 950 2073 fi
984 2035 1114 2087 potuit
1131 2053 1142 2080 3
1186 2033 1521 2087 quemadmodum
1556 2046 1634 2070 non
1665 2030 1735 2069 fibi

323 2103 478 2155 exegit?
510 2102 618 2140 Nam
638 2101 745 2154 quod
765 2102 835 2139 fibi
855 2103 1012 2154 petitur,
1035 2110 1137 2139 certe
1157 2101 1265 2138 alteri
1286 2114 1363 2138 non
1384 2101 1567 2152 exigitur.
1596 2100 1661 2136 An
1682 2098 1736 2135 ita

322 2168 403 2206 est?
436 2168 477 2213 fi,
507 2168 613 2220 quod
634 2167 813 2205 universae
831 2167 1019 2205 societatis
1039 2166 1179 2213 fuiffet,
1211 2166 1359 2219 petiffet
1375 2185 1388 2212 5
1421 2166 1527 2218 quod
1559 2174 1644 2202 tum
1672 2176 1734 2200 re-

324 2234 480 2273 dactum
501 2233 603 2279 effet,
636 2233 833 2286 aequaliter
851 2247 987 2272 omnes
1008 2234 1240 2287 partirentur
1259 2248 1267 2272 :
1302 2246 1420 2278 nunc,
1451 2246 1542 2270 cum
1565 2229 1735 2283 petierit,

324 2300 430 2354 quod
450 2300 522 2338 suae
542 2300 659 2353 partis
679 2298 793 2344 effet;
827 2313 919 2345 non,
941 2300 1045 2352 quod
1065 2299 1234 2345 abstulit,
1258 2299 1324 2337 soli
1345 2299 1414 2336 fibi
1435 2297 1562 2348 exegit
1581 2295 1593 2330 ?

371 2367 527 2404 XVIII.
547 2367 658 2417 Qid
678 2365 832 2404 interest
852 2366 952 2404 inter
971 2379 1078 2411 eum,
1099 2366 1168 2418 qui
1189 2379 1257 2418 per
1277 2365 1311 2402 se
1332 2365 1472 2414 litigat,
1490 2371 1527 2398 et
1548 2358 1615 2412 qui
1637 2371 1732 2410 cog-

329 2432 430 2470 nitor
447 2432 499 2470 est
514 2432 646 2471 datus?
669 2433 751 2484 Qi
772 2446 838 2486 per
855 2433 890 2471 se
911 2433 1022 2472 litem
1038 2433 1282 2475 contestatur,
1301 2431 1368 2468 fibi
1387 2429 1453 2466 soli
1475 2427 1585 2480 petit.
1610 2425 1733 2464 Alteri

331 2509 447 2536 nemo
465 2499 603 2551 potest,
626 2498 694 2537 nifi
714 2499 783 2552 qui
803 2499 982 2552 cognitor
1001 2499 1054 2537 est
1073 2497 1208 2536 faetus.
1242 2497 1347 2534 Itane
1367 2507 1455 2533 vero
1475 2495 1486 2531 ?
1509 2493 1686 2546 cognitor
1708 2490 1733 2527 fi
