2201 2792
296 159 345 200 ις
466 147 1002 188 ARGUMENTA
1063 146 1601 187 ORATIONUM.

290 232 408 269 cunda
423 230 492 268 de
484 244 558 278 Jure
575 232 721 280 publico
740 232 825 279 agit,
850 241 887 268 et
903 231 938 267 in
956 243 997 268 ea
1013 231 1217 275 ostenditur,
1244 231 1408 279 legibus
1400 231 1454 275 iis,
1472 231 1604 286 quibus
1620 231 1785 268 Romana

292 281 413 318 civitas
439 292 573 323 utatur,
596 293 665 316 non
684 282 777 328 poffe
795 293 1011 335 quemquam
1029 281 1141 316 civem
1159 279 1250 327 ejici,
1277 291 1337 316 aut
1353 281 1397 318 de
1415 281 1527 329 capite
1544 279 1632 326 ejus,
1657 281 1714 316 vel
1736 281 1784 316 de

293 330 396 368 bonis
421 330 614 377 quidquam
637 330 791 373 detrahi,
812 331 881 366 fine
898 329 1033 377 judicio
1056 332 1202 372 senatus,
1229 339 1287 364 aut
1314 330 1448 378 populi,
1474 338 1536 365 aut
1556 340 1692 372 eorum,
1719 329 1782 376 qui

292 379 338 416 de
354 391 449 428 quaq
381 392 494 427 uaque
515 391 548 415 re
565 380 742 415 constituti
753 378 891 425 judices
906 379 1076 416 fint.1n
1094 379 1218 414 eadem
1236 378 1384 414 rationes
1406 378 1611 420 afferuntur,
1637 389 1700 413 cur
1722 379 1782 413 tri-

294 429 414 466 bunus
431 429 480 475 pl.
499 429 563 464 effe
579 429 724 464 Clodius
743 440 812 463 non
831 428 1009 475 potuerit:
1037 439 1111 475 quo
1133 428 1240 463 modo
1260 429 1367 470 enim,
1393 439 1475 463 cum
1500 427 1664 475 patricius
1686 427 1782 469 effer,

293 477 340 515 ad
358 478 499 526 plebem
519 477 698 513 transivit?
734 476 951 524 adoptione?
989 486 1023 512 at
1041 488 1081 512 ea
1098 486 1170 512 rata
1188 476 1253 511 effe
1271 488 1340 512 non
1357 477 1492 525 potest.
1520 476 1682 531 primurn
1699 475 1785 523 quia

294 526 469 565 servatum
488 526 675 582 adoptandi
694 525 753 574 jus
777 538 846 562 non
872 526 932 561 est.
980 525 1077 561 Nam
1096 536 1178 561 curn
1197 526 1358 572 adoptare
1376 525 1527 561 debeat
1520 537 1560 568 is,
1586 525 1648 572 qui
1666 536 1782 571 neque

296 587 474 629 procreare
488 577 562 623 jam
581 576 706 611 liberos
724 576 837 630 P‘³.ffi.t’
864 585 911 617 et,
939 585 1020 610 cum
1037 575 1205 629 potuerit,
1230 574 1270 610 fit
1287 584 1475 622 expertus:
1504 573 1683 622 adoptavit
1699 574 1784 609 Clo-

296 625 397 660 dium
415 624 604 659 senatorem
619 636 726 659 annos
742 624 865 671 viginti
881 634 1006 666 natus;
1034 635 1096 670 qui
1113 624 1239 660 liberos
1259 635 1327 658 non
1342 624 1448 659 modo
1465 634 1644 670 procreare
1657 623 1782 669 potest,

296 684 379 709 cum
400 673 524 708 habeat
543 685 702 716 uxorem,
720 673 775 708 sed
795 673 987 720 procreavit
1003 672 1118 708 etiarn.
1160 674 1208 708 Et
1227 683 1306 707 curn
1321 673 1430 720 quaeri
1448 684 1467 707 a
1484 672 1690 719 pontificum
1710 672 1782 707 col==

296 723 392 770 legio
410 722 526 764 soleat,
544 734 626 769 quae
642 721 738 757 causa
757 723 794 756 slt
813 722 1019 769 adoptionis,
1038 733 1120 768 quae
1138 722 1223 757 ratio
1239 733 1410 768 generum
1429 732 1467 755 ac
1484 720 1677 768 dignitatis,
1699 732 1782 768 quae

295 771 470 808 sacrorum
486 785 494 806 ι
522 771 610 806 nihil
628 771 751 806 horum
772 770 806 805 in
825 771 882 806 illa
898 771 1083 818 adoptione
1101 771 1286 818 quaesitum
1305 770 1364 806 est.
1413 772 1534 817 Atque
1558 770 1631 804 haec
1649 770 1693 804 de
1711 781 1782 805 non

296 819 430 857 servato
456 820 652 866 adoptionis
670 819 761 866 jure.
814 820 911 868 Qae
936 819 1050 855 omnis
1075 820 1182 861 notio,
1210 831 1292 854 cum
1321 819 1531 855 Pontificum
1559 819 1623 854 esse
1645 818 1781 860 debuit,

299 870 393 916 apud
412 869 498 916 ipsos
518 869 702 904 Pontifices
720 869 894 904 dicuntur.
946 869 1006 904 Ad
1024 880 1172 916 augures
1191 878 1322 923 autem,
1341 869 1400 915 qui
1421 868 1574 909 aderant,
1593 868 1636 902 de
1653 868 1782 903 curiata

298 919 376 966 lege
394 918 556 966 disputat,
579 930 646 964 qua
667 917 811 952 Clodius
830 917 877 953 est
899 917 1095 965 adoptatus.
1141 917 1266 959 Nefas,
1294 917 1421 963 inquit,
1448 917 1508 960 est,
1535 917 1589 964 agi
1614 928 1694 951 curn
1718 928 1781 964 po-

299 968 396 1020 pulo,
422 979 502 1001 cum
523 967 565 1001 de
585 967 670 1001 caelo
688 966 758 1000 serv
751 977 860 1001 atur:
888 975 923 1001 at
940 978 1012 1013 quo
1029 967 1084 1002 die
1102 967 1168 1001 lata
1186 967 1240 1002 lex
1260 966 1319 1008 est,
1338 966 1484 1000 Bibulus
1500 965 1617 1000 consul
1635 965 1679 999 de
1696 966 1782 1000 caelo

298 1016 471 1051 lervavit:
501 1025 571 1049 rata
595 1016 701 1062 igitur
724 1016 787 1050 effe
814 1027 882 1050 non
906 1016 1040 1061 potest:
1069 1015 1191 1061 quodfi
1216 1025 1287 1049 rata
1307 1027 1375 1048 non
1400 1014 1460 1055 est,
1487 1015 1547 1060 qui
1567 1015 1682 1060 potuit
1700 1014 1783 1048 Clo-

299 1064 392 1105 dius,
419 1074 538 1098 contra
551 1064 695 1110 auspicia
716 1064 908 1110 adoptatus,
936 1063 1095 1099 tribunus
1113 1064 1161 1110 pl.
1180 1064 1244 1098 effe
1260 1064 1273 1098 ?
1310 1063 1458 1098 Accedit
1476 1063 1518 1097 ad
1537 1063 1782 1098 infirmandam

297 1113 466 1148 curiatam
486 1113 600 1159 legem
619 1113 724 1146 altera
742 1113 838 1148 ratio.
891 1112 991 1159 Quid
1008 1112 1162 1148 servatur
1185 1112 1219 1147 in
1237 1111 1387 1147 ferendis
1406 1112 1541 1158 legibus
1557 1112 1569 1146 ?
1611 1110 1782 1146 trinundi-

298 1173 397 1203 num,
426 1161 461 1196 id
487 1163 546 1203 est,
575 1172 612 1195 ut
639 1162 859 1208 promulgata
887 1161 943 1196 lex
968 1173 1030 1208 per
1057 1171 1124 1196 tres
1149 1162 1332 1204 nundinas,
1365 1172 1551 1207 antequam
1577 1159 1783 1207 perferatur,

297 1211 433 1258 populo
450 1218 573 1256 pateat.
613 1211 724 1257 Qod
742 1211 901 1257 spatium,
919 1220 1054 1245 tantum
1074 1210 1180 1252 abest,
1199 1219 1238 1244 ut
1254 1210 1424 1244 servatum
1443 1210 1496 1251 sit,
1515 1219 1554 1244 ut
1570 1220 1647 1243 eam
1665 1209 1790 1255 legem

301 1258 414 1294 Caesar
432 1258 547 1293 consul
567 1271 599 1293 v·
603 1271 623 1293 x
644 1271 704 1305 per
722 1269 789 1293 tres
814 1259 912 1294 horas
937 1259 1195 1307 promulgatam
1222 1258 1411 1305 pertulerit.
1463 1258 1584 1294 Tertia
1610 1268 1699 1304 pars,
1727 1257 1790 1292 vel

299 1308 326 1344 fi
343 1308 504 1342 tribunus
523 1308 569 1353 pl.
589 1318 622 1342 et
641 1320 702 1355 per
716 1308 862 1354 auspicia
877 1318 909 1343 et
929 1321 990 1355 per
1003 1308 1098 1355 leges
1113 1308 1257 1343 Clodius
1271 1308 1335 1343 effe
1354 1308 1517 1361 potuerit,
1535 1307 1630 1361 quod
1647 1316 1782 1341 utrum-

301 1367 371 1411 que
382 1355 455 1403 jam
476 1366 641 1403 negatum
660 1356 718 1397 est,
744 1357 787 1392 ab
805 1369 846 1392 eo
865 1367 980 1392 tamen
999 1358 1115 1403 legem
1135 1357 1339 1392 nominatim
1358 1356 1401 1391 de
1419 1356 1529 1402 capite
1549 1355 1631 1390 civis
1649 1355 1783 1390 indem-

301 1405 380 1441 nati
392 1404 472 1440 ferri
493 1417 558 1439 non
579 1405 735 1450 potuisse,
763 1406 984 1441 demonstrat.
1025 1407 1063 1441 Id
1083 1406 1177 1441 enim
1195 1405 1417 1452 privilegium
1434 1405 1502 1440 est:
1533 1405 1626 1451 quod
1647 1404 1785 1439 sacratae

299 1455 396 1508 leges
414 1464 449 1489 et
466 1464 521 1488 xii
543 1455 672 1489 tabuiae
693 1465 822 1489 vetant.
864 1456 991 1502 Neque
1010 1466 1091 1490 vero
1112 1455 1177 1489 hoc
1196 1465 1332 1489 tanturn
1353 1464 1471 1490 contra
1489 1454 1596 1501 leges,
1622 1452 1677 1488 secl
1697 1453 1784 1488 illud

302 1504 423 1545 etiarn,
450 1503 545 1548 quod
569 1504 611 1537 de
635 1502 708 1548 ejus
733 1506 843 1549 capite
871 1503 1084 1552 fortunisque
1108 1503 1285 1545 omnibus,
1312 1503 1372 1549 qui
1402 1515 1516 1550 neque
1542 1503 1651 1537 adeffe
1672 1500 1784 1555 juffus

302 1561 387 1593 erat,
415 1563 528 1598 neque
547 1551 682 1592 citatus,
710 1564 822 1598 neque
840 1551 1027 1595 accusatus,
1054 1553 1171 1600 legem
1189 1552 1282 1588 illam
1301 1552 1446 1587 Clodius
1465 1552 1566 1586 tulit:
1594 1563 1673 1586 cum
1686 1549 1784 1597 judi—

302 1601 391 1636 dicia
417 1600 536 1654 populi
559 1601 605 1635 ita
633 1601 808 1635 moderata
829 1601 933 1636 effent
960 1614 978 1636 a
1009 1601 1196 1648 majoribus
1221 1601 1419 1636 constituta.
1472 1601 1645 1642 Primum,
1672 1609 1711 1635 ut
1739 1611 1784 1636 ne

302 1661 404 1704 paetna
428 1650 547 1695 capitis
571 1661 650 1684 cum
677 1650 823 1695 pecunia
851 1649 1142 1697 conjungeretur·
1179 1650 1316 1692 deinde,
1346 1662 1402 1691 ne,
1434 1649 1494 1684 nili
1523 1650 1678 1696 prodieta
1712 1649 1788 1692 die,

302 1699 382 1745 quis
400 1696 634 1733 accusaretur:
664 1707 753 1739 turn,
781 1709 818 1733 ut
836 1709 915 1734 ante
934 1699 1159 1747 magistratus
1168 1698 1347 1740 accusaret,
1375 1699 1558 1734 intermissa
1580 1698 1648 1741 die,
1675 1709 1783 1745 quam

303 1747 470 1782 mulEtam
490 1748 668 1793 irrogaret,
694 1756 751 1781 aut
772 1746 963 1792 judicaret:
992 1748 1177 1795 postremo,
1204 1758 1244 1783 ut
1261 1749 1342 1783 effet
1360 1747 1527 1782 accusatio
1546 1746 1675 1782 trinum
1695 1759 1785 1782 nun-

303 1796 443 1838 dinum,
469 1796 501 1830 id
529 1796 588 1842 est,
616 1796 659 1830 ab
682 1808 722 1831 eo
745 1796 813 1839 die,
839 1808 911 1843 quo
933 1809 1011 1844 quis
1032 1797 1074 1832 ad
1098 1797 1269 1844 populum
1294 1796 1440 1832 accusari
1462 1806 1600 1843 coeptus
1619 1797 1712 1837 effer,
1739 1796 1783 1831 ad

304 1846 398 1880 diem
415 1845 537 1891 judicii
561 1845 659 1879 trinae
683 1845 847 1880 nundinae
871 1845 1134 1888 intercederent,
1161 1846 1315 1892 prodicta
1339 1846 1408 1888 die,
1433 1857 1503 1892 qua
1527 1845 1584 1880 die
1607 1843 1784 1890 judicium

305 1894 387 1928 effer
408 1894 589 1928 futurum:
618 1905 766 1940 eamque
791 1894 883 1929 diem
907 1894 931 1929 fi
953 1906 1022 1941 qua
1040 1906 1092 1929 res
1110 1894 1264 1942 auspiciis
1283 1905 1341 1929 aut
1360 1894 1576 1929 excusatione
1596 1893 1783 1935 iustuliffet,

305 1952 378 1977 tota
396 1941 748 1988 causajudiciumque
767 1943 955 1979 tolleretur.
1005 1944 1085 1978 Nec
1100 1945 1207 1978 verba
1224 1944 1310 1990 legis
1331 1945 1412 1978 vitio
1430 1953 1568 1983 carent3
1596 1942 1672 1977 sunt
1689 1942 1782 1977 enim

306 1991 403 2026 haec:
432 1991 556 2033 Velitis,
580 1991 736 2036 jubeatis,
764 2000 798 2026 ut
815 1993 870 2027 M
889 1992 994 2026 Tullio
1016 2004 1099 2039 aqua
1123 2000 1152 2026 et
1174 1994 1241 2038 igni
1262 1992 1457 2028 ἰηιενάίἑῖανη
1471 1992 1529 2035 stt.
1582 1992 1674 2026 Cum
1702 1990 1783 2026 ferri

306 2040 478 2080 debuerit,
515 2048 549 2072 ut
577 2039 796 2081 mter-dicatur,
825 2053 906 2083 non,
940 2049 974 2076 ut
1003 2040 1198 2076 interdifflum
1215 2041 1275 2084 stt.
1327 2041 1519 2088 Quomodo
1547 2040 1653 2081 enim,
1687 2041 1783 2087 quod

305 2087 437 2124 factum
458 2100 524 2122 non
546 2088 604 2129 est,
633 2089 666 2123 id
686 2100 722 2122 ut
742 2090 780 2123 fit
799 2088 942 2132 factum,
969 2089 1049 2126 ferri
1067 2090 1109 2124 ad
1129 2090 1316 2136 populum,
1343 2100 1402 2124 aut
1426 2090 1536 2124 verbis
1556 2089 1632 2123 ullis
1650 2088 1781 2132 sanciri,

307 2147 366 2171 aut
384 2136 552 2183 suffragiis
570 2138 764 2172 confirmari
782 2139 892 2184 potest
908 2139 920 2173 ?
967 2140 1152 2174 Peccatum
1179 2139 1225 2173 est
1249 2139 1352 2185 igitur
1377 2140 1410 2174 in
1430 2138 1540 2174 forma
1559 2138 1644 2185 legis
1660 2151 1668 2172 ε
1696 2137 1790 2184 quid>

308 2188 341 2220 in
362 2185 429 2233 ipsa
453 2186 622 2220 veritate?
666 2199 733 2220 non
759 2187 883 2222 minus.
937 2187 1112 2234 Scriptum
1136 2188 1183 2222 est
1200 2187 1317 2222 enim:
1345 2187 1438 2233 Qod
1455 2190 1505 2223 M.
1525 2188 1645 2222 Tullius
1662 2186 1794 2231 saffram·

307 2237 337 2269 S.
353 2236 388 2270 C.
407 2235 575 2269 retuletit:
605 2235 663 2281 qui
681 2235 701 2269 fi
719 2234 840 2270 fulsum
860 2237 990 2278 retulit,
1007 2237 1097 2272 τεᾶς
1115 2236 1235 2282 scripta
1249 2237 1302 2270 lex
1321 2237 1390 2271 est.
1421 2237 1442 2270 si
1461 2248 1595 2278 verum,
1611 2235 1703 2269 nulla
1721 2235 1780 2271 est.

307 2283 439 2318 Verum
458 2294 574 2318 autem
595 2284 753 2326 retulisse,
774 2296 835 2319 nec
852 2284 962 2339 ipsum
982 2298 1044 2338 pro
1058 2285 1141 2320 suo
1136 2286 1294 2331 imperio,
1318 2285 1372 2319 sed
1391 2284 1628 2330 senatusjuffu
1648 2284 1682 2318 in
1701 2294 1783 2318 con-

301 2331 434 2378 juratos
465 2332 758 2387 animadvertisse,
787 2333 918 2368 {enatus
946 2333 1023 2381 iple,
1056 2346 1137 2369 curn
1168 2346 1248 2368 eum
1281 2333 1440 2387 restituit,
1470 2332 1642 2368 indicavit.
1693 2333 1785 2367 Sunt

309 2380 416 2427 igitur
440 2380 514 2416 haec
539 2382 572 2416 in
597 2382 674 2428 lege
697 2381 793 2424 vitia,
819 2382 974 2437 primum
995 2384 1088 2430 quod
1111 2383 1178 2418 lata
1204 2382 1408 2417 nominatim
1433 2381 1481 2416 est
1500 2382 1542 2416 de
1563 2381 1682 2438 capite
1698 2380 1783 2416 civis

308 2429 517 2466 indemnati:
546 2431 702 2475 alterurn,
729 2431 852 2479 quod
845 2432 1016 2479 imperite,
1042 2442 1082 2469 ut
1105 2431 1325 2468 interdictum
1349 2432 1430 2468 esset
1451 2443 1542 2479 aqua
1558 2440 1594 2467 et
1609 2429 1697 2478 igni,
1723 2435 1781 2471 cuj
