2201 2792
553 190 633 226 400
985 175 1074 214 IN
1151 175 1534 214 VERREM

553 273 668 325 longe
685 273 828 311 caeteris
848 273 1119 312 antecellunt:
1154 274 1289 312 Dianae
1309 287 1411 319 una;
1444 284 1482 318 et
1502 274 1630 318 altera,
1651 288 1736 326 quae
1756 273 1832 312 fuit
1862 285 1950 314 ante

553 339 659 377 istius
681 339 890 377 adventum
909 339 1156 383 ornatiffima,
1180 339 1381 378 Minervae.
1406 341 1452 377 In
1473 339 1544 378 hac
1565 340 1687 378 insula
1706 349 1879 378 extrema
1897 340 1950 378 est

553 404 640 443 fons
661 419 768 458 aquae
789 405 928 449 dulcis,
951 405 1014 442 cui
1036 418 1180 444 nomen
1201 404 1392 443 Arethusa
1411 405 1477 450 est,
1509 406 1730 444 incredibili
1750 406 1950 459 magnitu-

554 472 657 517 dine,
679 471 918 524 pleniffimus
938 471 1132 524 piscium,
1165 471 1234 523 qui
1255 471 1374 509 fluctu
1395 480 1498 509 totus
1523 473 1747 524 operiretur,
1770 473 1838 510 nifi
1859 486 1951 510 mu-

553 540 715 584 nitione,
730 552 772 576 ac
790 538 893 576 mole
909 538 1084 591 lapidum
1105 553 1125 577 a
1142 539 1238 576 mari
1252 539 1321 590 disj
1329 540 1464 576 unecus
1480 538 1581 577 effet.
1605 539 1738 577 Altera
1753 549 1883 578 autem
1899 539 1952 578 est

555 606 644 642 urbs
663 605 864 656 SyracufiS,
882 605 945 642 cui
960 618 1104 643 nomen
1118 605 1308 642 Acradina
1320 605 1372 643 est
1388 619 1395 643 :
1419 605 1460 642 in
1479 618 1554 657 qua
1570 604 1701 643 forum
1714 606 1950 650 maximum,

553 671 824 724 pulcherrimae
845 672 1029 724 porticus,
1062 671 1343 710 ornatiffimum
1365 682 1610 724 prytaneum,
1641 672 1871 724 ampliffima
1901 671 1954 710 est

555 740 674 783 curia,
707 738 981 790 templumque
1010 739 1208 791 egregium
1229 739 1336 789 Jovis
1360 738 1569 791 Olympii;
1603 748 1826 790 caeteraeque
1847 738 1953 777 urbis

554 814 677 857 partes
700 818 775 842 una
794 804 869 841 lata
889 805 948 842 via
967 814 1163 857 perpetua,
1193 804 1404 857 multisque
1424 804 1634 842 transverfis
1656 804 1796 849 divisae,
1824 805 1953 858 priva-

555 871 604 908 tis
626 870 797 908 aedificiis
819 871 1082 909 continentur.
1115 871 1251 908 Tertia
1270 870 1322 908 est
1343 871 1448 916 urbs,
1482 884 1582 922 quae,
1604 870 1709 922 quod
1730 871 1770 908 in
1788 884 1831 908 ea
1850 880 1956 923 parte

556 937 738 974 Fortunae
759 935 894 974 fanum
916 937 1122 989 antiquum
1151 936 1241 982 fuit,
1265 936 1404 988 Tycha
1425 937 1621 975 nominata
1639 936 1693 974 est
1711 951 1720 974 ι
1752 936 1793 974 in
1824 950 1899 989 qua
1918 945 1956 974 et

555 1003 799 1056 gymnafium
820 1003 1099 1056 ampliffimum
1118 1003 1185 1049 est,
1207 1013 1245 1042 et
1265 1004 1484 1056 complures
1508 1003 1602 1041 aedes
1623 1002 1732 1041 sacrae
1751 1017 1759 1041 :
1791 1002 1956 1041 colitur-

556 1084 633 1122 que
653 1084 695 1108 ea
714 1083 812 1123 pars,
835 1079 872 1108 et
892 1069 1089 1108 habitatur
1109 1069 1428 1122 frequentiffime.
1461 1071 1608 1122 Qarta
1627 1079 1755 1108 autern
1776 1070 1830 1108 est
1850 1070 1955 1115 urbs,

556 1149 642 1188 quae
663 1136 753 1188 quia
773 1135 962 1188 postrema
981 1135 1165 1174 aedificata
1185 1136 1251 1180 est,
1281 1136 1466 1189 Neapolis
1488 1136 1712 1174 nominatur
1730 1150 1739 1174 :
1772 1149 1890 1188 quam
1910 1135 1957 1174 ad

558 1202 751 1241 summam
781 1201 975 1240 theatrum
1009 1202 1062 1240 est
1093 1204 1344 1241 maximum:
1377 1212 1554 1255 praeterea
1587 1202 1664 1240 duo
1699 1202 1843 1255 templa
1870 1202 1959 1240 sunt

556 1269 720 1320 egregia,
755 1268 903 1306 Cereris
925 1282 1064 1313 unum,
1087 1268 1251 1306 alterum
1285 1269 1459 1307 Liberae:
1492 1270 1724 1321 lignumque
1744 1267 1956 1320 Apollinis,

558 1335 626 1387 qui
649 1336 874 1373 Temenites
896 1345 1067 1380 vocatur,
1090 1334 1414 1388 pulcherrimum,
1436 1344 1473 1373 et
1495 1335 1742 1380 maximum,
1766 1335 1871 1387 quod
1891 1335 1959 1374 iste

558 1402 584 1440 fi
605 1411 755 1454 portare
776 1401 968 1454 potuiffet‚
991 1415 1068 1439 non
1089 1401 1292 1439 dubitasset
1312 1400 1472 1439 auferre.

614 1468 723 1506 LIV.
757 1468 878 1506 Nunc
899 1468 944 1505 ad
965 1467 1200 1506 Marcellum
1233 1478 1408 1512 revertar,
1441 1481 1489 1505 ne
1509 1466 1590 1505 haec
1611 1481 1632 1504 a
1662 1481 1724 1505 me
1754 1467 1831 1506 fine
1851 1466 1960 1505 causa

558 1544 865 1573 commemorata
885 1534 956 1572 effe
977 1535 1200 1573 vid-eantur:
1233 1534 1316 1586 qui,
1349 1548 1441 1572 cum
1474 1543 1550 1572 tam
1580 1534 1799 1587 praeclaram
1821 1534 1959 1572 urbem

559 1603 610 1646 vi,
631 1601 826 1653 copiisque
846 1600 1013 1653 cepiffet,
1036 1615 1114 1639 non
1133 1601 1281 1653 putavit
1298 1600 1348 1639 ad
1369 1600 1521 1639 laudem
1539 1600 1673 1653 populi
1697 1600 1867 1638 Romani
1884 1599 1960 1638 hoc

559 1669 762 1721 pertinere,
794 1666 892 1705 hanc
925 1667 1273 1720 pulchritudinem,
1305 1681 1352 1704 ex
1385 1681 1460 1719 qua
1490 1666 1699 1719 praesertim
1728 1665 1825 1704 nihil
1857 1668 1960 1718 peri-

560 1734 640 1771 culi
674 1733 944 1778 ostenderetur,
976 1734 1115 1778 delere,
1151 1743 1188 1771 et
1210 1733 1446 1785 extinguere.
1501 1734 1634 1785 Itaque
1666 1733 1837 1771 aedificiis
1872 1746 1961 1770 om-

561 1801 691 1845 nibus,
723 1800 892 1853 publicis
914 1810 951 1838 et
971 1802 1143 1854 privatis,
1180 1800 1288 1838 sacris
1310 1809 1347 1838 et
1368 1798 1552 1853 profanis,
1581 1800 1630 1837 fic
1651 1800 1834 1852 pepercit,
1858 1799 1961 1851 quasi

561 1867 607 1904 ad
628 1881 670 1904 ea
690 1866 929 1905 defendenda
959 1880 1052 1904 cum
1084 1867 1271 1910 exercitu,
1304 1879 1381 1904 non
1401 1866 1655 1918 expugnanda
1681 1865 1851 1904 veniffet.
1917 1866 1963 1903 In

561 1942 699 1971 ornatu
719 1933 824 1970 urbis
847 1931 983 1970 habuit
1004 1933 1169 1970 vietoriae
1190 1933 1392 1976 rati0nem,
1415 1930 1552 1969 habuit
1572 1929 1824 1969 humanitatis
1843 1945 1852 1969 ε
1876 1931 1961 1969 vic-

562 1999 670 2037 toriae
702 1998 861 2052 putabat
895 1998 978 2043 effe,
1011 1999 1136 2036 multa
1170 1999 1341 2037 Romam
1370 1997 1581 2050 deportare,
1617 2011 1703 2050 quae
1736 2007 1964 2036 ornamento

551 2065 652 2104 *urbi
671 2064 742 2103 effe
763 2064 934 2117 pollent,
967 2064 1235 2110 humanitatis,
1267 2079 1344 2103 non
1368 2064 1478 2118 plane
1499 2064 1657 2117 spoliare
1679 2065 1831 2110 urbem,
1865 2078 1963 2118 prae-

558 2133 695 2170 vsertim
729 2146 847 2184 quam
881 2132 1098 2171 conservare
1130 2131 1317 2171 voluiffet.
1369 2133 1415 2170 In
1449 2130 1521 2170 hac
1555 2132 1760 2184 partitione
1792 2131 1962 2176 ornatus,

553 2213 642 2238 ·n0n
664 2198 750 2251 plus
772 2199 1130 2238 vietoriaMarcelli
1152 2199 1297 2253 populo
1319 2200 1500 2239 Romano
1520 2199 1720 2252 appetivit,
1747 2212 1864 2251 quam
1884 2197 1963 2236 hu-

555 2266 726 2305 :manitas
742 2264 988 2317 Syracusanis
1020 2265 1230 2304 reservavit.
1264 2266 1435 2304 Romam
1469 2279 1553 2317 quae
1584 2265 1767 2317 asportata
1787 2263 1887 2309 sunt,
1918 2264 1966 2302 ad

559 2332 686 2372 aedem
708 2331 896 2377 Honoris,
928 2341 1044 2384 atque
1066 2331 1246 2376 Virtutis,
1278 2333 1451 2383 itemque
1481 2331 1564 2368 aliis
1585 2331 1626 2368 in
1658 2330 1753 2368 locis
1775 2329 1963 2368 videmus.

558 2397 685 2439 .Nihil
705 2398 745 2436 in
767 2398 926 2443 aedibus‚
957 2396 1058 2438 nihil
1079 2398 1119 2436 in
1140 2396 1261 2436 hortis
1282 2397 1422 2450 posuit,
1446 2395 1546 2435 nihil
1562 2397 1602 2434 in
1621 2397 1839 2435 suburbano
1857 2411 1866 2435 ε
1888 2410 1965 2449 pu-

556 2464 676 2510 ¹tavit,
707 2464 733 2505 fi
754 2464 860 2509 urbis
881 2474 1113 2511 ornamenta.
1126 2464 1289 2510 domum
1310 2463 1416 2509 suam
1437 2476 1516 2502 non
1537 2463 1770 2509 contuliffet,
1801 2463 1966 2503 domum
