2201 2792
574 158 920 198 ACTIONIS
963 159 1015 198 ΙΙ.
1076 159 1285 198 LIBER
1316 161 1389 198 111.
1592 173 1667 214 345

270 259 523 312 relinquetur,
553 273 686 311 quam,
720 267 757 297 te
777 258 965 304 absoluto,
987 257 1065 303 alii,
1088 258 1193 311 quod
1219 257 1461 296 audaciffime
1482 257 1668 302 fecerunt,

269 327 368 364 recte
386 325 512 363 feciffe
533 325 813 363 existimentur.

314 392 544 430 LXXXIX.
578 393 736 444 Lugent
756 405 889 429 omnes
911 391 1140 444 provinciae:
1170 401 1383 442 queruntur
1402 402 1536 428 omnes
1558 389 1670 427 liberi

268 457 430 510 populi:
463 471 577 510 regna
597 457 762 510 denique
777 458 859 509 jam
880 457 1013 495 omnia
1032 457 1078 494 de
1098 455 1231 494 nostris
1252 455 1529 508 cupiditatibus
1551 463 1588 492 et
1609 455 1669 491 in-

262 523 375 574 juriis
405 524 673 576 expostulant:
706 523 812 561 locus
844 523 943 560 intra
976 536 1162 560 oceanum
1185 523 1267 574 jam
1296 522 1426 560 nullus
1447 521 1512 565 est,
1545 534 1671 572 neque

205 626 215 631 ,
271 598 349 627 tam
371 589 623 643 longinquus,
654 603 778 642 neque
799 599 878 627 tam
911 589 1143 633 reconditus,
1166 602 1244 640 quo
1266 602 1356 634 non,
1381 602 1445 641 per
1466 587 1546 625 haec
1569 582 1669 625 temss

268 670 373 709 pora,
403 657 615 695 nostrorum
643 655 854 694 hominum
875 656 1011 701 libido,
1044 655 1302 708 iniquitasque
1334 655 1547 709 pervaserit.
1581 655 1669 692 Sus-

268 723 387 761 tinere
413 725 495 776 jam
514 724 682 776 populus
704 724 904 761 Romanus
925 723 1106 761 omnium
1136 723 1338 760 nationum
1367 736 1445 760 non
1467 722 1561 765 vim,
1594 735 1670 759 non

266 802 384 835 arma,
415 804 493 828 non
515 789 678 835 bellum,
710 789 771 828 sed
791 790 956 835 luctum,
988 791 1188 842 lacrymas,
1220 788 1479 842 querimonias
1500 802 1578 826 non
1599 802 1671 841 po-

268 856 351 894 test.
384 858 429 895 ln
449 857 636 909 ejusmodi
658 871 710 902 re,
730 871 771 895 ac
794 857 982 901 moribus,
1006 857 1031 895 fi
1052 857 1097 902 is,
1121 857 1189 909 qui
1209 857 1280 894 erit
1301 855 1484 893 adductus
1507 856 1545 892 in
1560 856 1670 907 judi-

269 923 390 968 cium,
412 938 504 962 cum
527 923 734 962 manifestis
770 925 810 961 in
842 923 996 976 flagitiis
1030 924 1236 967 tenebitur,
1268 923 1360 960 alios
1392 922 1522 960 eadem
1544 921 1672 960 fecisse

269 990 395 1036 dicet3
427 991 486 1028 illi
506 991 683 1043 exempla
704 1005 780 1029 non
802 991 986 1028 deerunt:
1019 990 1240 1043 reipublicae
1262 990 1357 1027 salus
1379 990 1512 1034 deerit,
1548 989 1573 1027 fi
1593 990 1671 1027 im-

269 1057 481 1110 proborum
502 1057 690 1110 exemplis
711 1057 880 1110 improbi
897 1057 1061 1109 judicio,
1084 1070 1126 1094 ac
1147 1056 1321 1108 periculo
1340 1056 1620 1095 liberabuntur.

325 1124 482 1162 Placent
516 1125 623 1161 vobis
659 1123 868 1162 hominum
890 1125 1047 1161 mores?
1079 1124 1204 1176 placet
1234 1123 1287 1161 ita
1316 1123 1396 1175 geri
1416 1123 1670 1175 magistratus,

271 1198 313 1227 ut
331 1190 549 1242 geruntur?
581 1190 705 1241 placet
727 1190 846 1228 socios
874 1190 923 1227 fic
954 1190 1116 1234 tractari,
1149 1188 1253 1241 quod
1275 1189 1397 1233 restat,
1419 1197 1462 1226 ut
1493 1202 1559 1241 per
1589 1188 1670 1228 haec

270 1265 444 1309 tempora
474 1257 648 1294 tractatos
682 1255 852 1293 videtis?
885 1257 966 1294 Cur
996 1254 1078 1293 haec
1109 1269 1129 1292 a
1162 1268 1226 1292 me
1257 1268 1370 1308 opera
1402 1254 1670 1293 consumitur?

269 1323 363 1376 quid
384 1322 518 1361 sedetis
536 1323 549 1359 ?
580 1337 648 1360 cur
669 1336 746 1360 non
767 1323 808 1360 in
829 1322 956 1360 media
975 1323 1146 1360 oratione
1177 1335 1262 1359 mea
1293 1321 1535 1374 consurgitis,
1557 1331 1674 1375 atque

269 1390 495 1428 disceditis?
527 1390 658 1428 Vultis
693 1399 822 1428 autem
844 1390 1004 1428 istorum
1036 1389 1224 1434 audacias,
1260 1402 1302 1426 ac
1334 1388 1514 1427 libidines
1545 1389 1673 1441 aliqua

268 1469 316 1494 ex
335 1466 440 1509 parte
461 1456 621 1494 resecare
640 1457 652 1493 ?
685 1456 857 1494 Desinite
877 1455 1068 1500 dubitare,
1105 1463 1238 1493 utrum
1270 1454 1315 1493 fit
1334 1454 1482 1499 utilius,
1518 1463 1673 1508 propter

268 1522 413 1561 multos
434 1523 648 1575 improbos,
672 1522 738 1560 uni
758 1535 922 1575 parcere,
955 1535 1003 1559 an
1022 1521 1136 1560 unius
1165 1520 1335 1573 improbi
1355 1520 1544 1574 supplicio
1564 1521 1672 1560 mul-

268 1598 398 1628 torum
419 1590 710 1642 improbitatem
731 1602 916 1627 coercere.

315 1655 485 1693 Tametfi
507 1669 592 1707 quae
612 1654 680 1692 ista
698 1654 786 1692 sunt
805 1653 983 1706 exempla
1003 1653 1219 1692 multorum
1236 1653 1248 1689 ?
1277 1666 1368 1691 nam
1389 1666 1481 1691 cum
1502 1653 1543 1691 in
1563 1654 1672 1692 causa

269 1729 386 1766 tanta,
403 1734 497 1758 cum
518 1721 558 1758 in
579 1720 744 1758 crimine
760 1720 933 1758 maximo
953 1719 1030 1757 dici
1050 1732 1070 1756 a
1089 1717 1283 1757 defensore
1302 1727 1478 1771 coeptum
1498 1718 1564 1763 est,
1587 1717 1671 1757 fac-

267 1788 426 1826 titatum
446 1787 516 1825 effe
536 1787 710 1840 aliquid,
743 1788 944 1840 expectant
969 1787 1012 1831 ii,
1035 1786 1102 1838 qui
1123 1786 1299 1831 audiunt,
1331 1785 1508 1838 exempla
1527 1798 1573 1824 ex
1603 1799 1670 1823 ve-

269 1863 347 1893 tere
367 1854 568 1898 memoria,
589 1862 627 1891 et
647 1853 927 1898 monumentis,
952 1862 1001 1890 ‘ac
1023 1852 1158 1897 literis,
1186 1851 1298 1904 plena
1318 1851 1531 1904 dignitatis,
1559 1851 1672 1905 plena

268 1921 522 1973 antiquitatis.

323 1987 413 2025 XC.
446 1987 544 2024 Haec
575 1987 680 2024 enim
704 1986 920 2039 plurimum
954 1985 1088 2029 solent,
1120 1993 1158 2022 et
1191 1983 1424 2022 auctoritatis
1455 1983 1596 2022 habere
1624 1985 1672 2022 ad

270 2051 526 2106 probandum,
557 2061 595 2089 et
616 2052 869 2103 jucunditatis
901 2052 947 2089 ad
979 2050 1229 2089 audiendum.
1262 2049 1466 2088 Africanos
1487 2049 1601 2095 mihi,
1632 2059 1671 2088 et

271 2120 451 2162 Catones,
480 2127 518 2155 et
548 2117 687 2155 Laelios
708 2117 1065 2156 commemorabis?
1097 2126 1133 2154 et
1160 2130 1222 2154 eos
1253 2115 1379 2154 feciffe
1400 2116 1504 2154 idem
1534 2116 1668 2153 dices?

269 2185 445 2238 quamvis
478 2198 533 2222 res
566 2183 665 2221 mihi
698 2198 774 2222 non
794 2184 939 2236 placeat
954 2202 966 2228 ;
999 2193 1126 2221 tamen
1154 2193 1287 2221 contra
1305 2182 1514 2222 hominum
1535 2184 1668 2220 aueto-

271 2251 420 2289 ritatem
442 2263 611 2304 pugnare
642 2264 718 2288 non
740 2260 886 2302 potero.
919 2252 998 2295 An,
1031 2263 1122 2288 cum
1144 2263 1207 2288 eos
1230 2263 1304 2287 non
1325 2249 1464 2301 poteris
1486 2247 1665 2300 proferre,

270 2315 437 2370 proferes
470 2316 541 2355 hos
576 2326 759 2362 recentes,
791 2317 858 2368 Q
879 2317 1064 2354 Catulum
1101 2325 1263 2369 patrem,
1307 2317 1354 2353 C.
1380 2314 1567 2357 iwanum,
1611 2315 1677 2365 Q

271 2383 493 2428 Scaevolam,
527 2384 590 2422 M.
614 2385 813 2428 Scaurum,
846 2383 1167 2435 QMetellum?
1199 2382 1264 2433 qui
1297 2393 1430 2418 omnes
1451 2378 1666 2431 provincias

270 2446 501 2494 habuerunt,
533 2459 571 2487 et
601 2449 844 2489 frumentum
875 2450 980 2489 cella:
1002 2449 1158 2488 nomine
1179 2449 1473 2499 imperaverunt.
1521 2445 1668 2498 Magna

353 2515 420 2553 To
434 2528 483 2553 Μ.
508 2516 579 2554 IV.
1285 2513 1319 2549 X
1343 2526 1365 2549 x
