2201 2792
485 230 566 269 494
984 214 1387 253 ORATIO

540 313 602 350 Ac
634 310 733 350 mihi
755 311 915 364 quidem
942 323 1034 349 cum
1069 309 1191 348 audax
1222 310 1413 363 praecipue
1437 307 1546 347 fuiffe
1575 308 1727 348 videtur
1746 308 1876 347 AEbu-

485 380 560 417 tius
582 379 622 416 in
643 378 899 416 convocandis
920 376 1163 421 hominibus,
1195 385 1232 413 et
1258 376 1462 421 armandis,
1494 385 1581 414 tum
1611 375 1816 429 impudens
1837 375 1879 412 in

478 445 656 497 judici0;
689 458 766 482 non
787 442 910 481 solum
931 442 1036 494 quod
1056 443 1096 480 in
1112 441 1310 493 judicium
1330 442 1458 480 venire
1477 442 1586 480 ausus
1607 441 1673 487 est,
1704 442 1817 493 (nam
1838 439 1879 478 id

485 511 660 563 quidem,
685 509 831 547 tametsi
852 509 1030 562 improbe
1051 508 1095 546 fit
1115 508 1154 546 in
1175 517 1302 561 aperta
1322 521 1374 552 re,
1410 517 1538 546 tamen
1560 507 1709 546 malitia
1728 507 1878 559 estjam

487 577 685 628 ufitatum)
709 575 770 613 sed
791 576 896 627 quod
917 588 994 613 non
1015 575 1206 613 dubitavit
1226 574 1266 612 id
1286 574 1428 628 ipsum,
1451 574 1556 627 quod
1576 573 1761 626 arguitur,
1784 586 1880 611 con-

485 643 599 682 fiteri.
632 642 718 681 Nifi
738 641 837 679 forte
857 640 932 679 hoc
953 641 1111 679 rationis
1131 639 1282 685 habuit,
1314 640 1513 692 quoniam,
1546 640 1572 678 fi
1600 639 1698 678 faita
1716 639 1772 677 vis
1793 637 1881 676 effet

486 710 676 754 moribus,
699 708 867 761 superior
887 709 927 746 in
948 707 1167 760 poffeffione
1189 706 1382 744 retinenda
1402 720 1478 744 non
1498 705 1654 750 fuiffet;
1678 706 1767 757 quia
1784 718 1880 743 con-

487 786 543 815 tra
574 778 638 827 jus
674 787 903 825 moremque
941 772 1038 811 faeta
1071 773 1129 817 sit,
1161 774 1211 810 A.
1247 772 1443 810 Caecinam
1474 786 1567 810 curn
1601 772 1736 809 amicis
1775 779 1883 809 metu

488 841 735 896 perterritum
756 838 990 891 profugisse:
1023 851 1126 876 nunc
1148 851 1305 890 quoque
1325 838 1365 875 in
1391 837 1555 890 judicio,
1587 837 1614 875 fi
1640 835 1748 874 causa
1777 849 1883 874 more

487 908 741 959 institutoque
763 906 943 944 omnium
964 904 1203 949 defendatur,
1236 918 1304 942 nos
1326 902 1523 942 inferiores
1559 904 1599 942 in
1629 903 1775 956 agendo
1806 916 1885 941 non

488 974 639 1012 futuros
656 991 668 1018 3
700 973 754 1010 fin
775 986 795 1009 a
814 971 1089 1009 consuetudine
1109 970 1319 1014 recedatur,
1342 969 1391 1014 se,
1413 983 1492 1023 quo
1512 969 1778 1022 impudentius
1794 982 1885 1022 ege-

490 1041 553 1085 rit,
585 1039 659 1077 hoc
682 1038 914 1091 superiorem
936 1036 1197 1075 discessurum.
1231 1037 1347 1088 Qafi
1379 1050 1467 1074 vero
1486 1045 1551 1074 aut
1571 1036 1611 1074 in
1625 1035 1777 1088 judicio
1797 1035 1885 1088 pos-

489 1106 534 1144 fit
553 1105 656 1143 idem
678 1103 921 1156 improbitas,
952 1102 1057 1155 quod
1078 1102 1118 1140 in
1149 1102 1187 1139 vi
1207 1101 1467 1147 confidentia3
1499 1111 1564 1139 aut
1594 1115 1673 1139 non
1693 1114 1739 1139 eo
1758 1101 1886 1139 liben-

492 1173 567 1210 tius
590 1163 674 1209 tum
695 1170 861 1208 audaciae
881 1169 1114 1214 cesserimus,
1138 1182 1217 1221 quo
1237 1182 1340 1206 nunc
1370 1168 1622 1221 impudentiae
1643 1166 1795 1206 facilius
1812 1167 1887 1206 ob-

491 1238 715 1276 fisteremus.

547 1305 683 1355 Itaque
703 1302 817 1352 longe
837 1300 909 1338 alia
929 1301 1086 1345 ratione,
1110 1301 1424 1352 Recuperatores,
1456 1299 1503 1336 ad
1523 1299 1709 1352 agendam
1735 1297 1888 1337 causam

491 1370 564 1409 hac
596 1369 742 1407 afflone
777 1367 902 1412 venio,
948 1376 1061 1419 atque
1098 1366 1210 1404 initio
1245 1379 1436 1404 veneram.
1471 1367 1581 1403 Tum
1615 1365 1721 1403 enim
1754 1365 1888 1404 nostrae

493 1435 609 1474 causae
631 1435 710 1487 spes
731 1442 808 1471 erat
829 1432 948 1485 pofita
968 1433 1008 1471 in
1030 1431 1246 1470 defensione
1266 1445 1363 1476 mea,
1383 1445 1486 1469 nunc
1508 1432 1547 1469 in
1568 1430 1800 1470 confeffione
1819 1431 1888 1469 ad-

493 1501 643 1539 versarii
661 1518 672 1544 3
697 1510 782 1537 tum
804 1499 843 1536 in
866 1498 1014 1542 nostris,
1036 1511 1141 1535 nunc
1162 1511 1251 1535 vero
1271 1498 1312 1534 in
1332 1497 1505 1541 illorum,
1528 1497 1685 1535 testibus
1705 1512 1713 1534 :
1737 1497 1782 1534 de
1798 1497 1888 1549 qui—

495 1569 566 1606 bus
588 1581 659 1619 ego
680 1575 787 1604 antea
807 1565 1041 1609 laborabam,
1073 1577 1133 1608 ne,
1168 1563 1194 1601 fi
1215 1563 1385 1615 improbi
1406 1562 1536 1607 essent,
1559 1562 1640 1600 falfi
1661 1563 1806 1615 aliquid
1828 1563 1889 1600 di·

494 1642 647 1677 cerent;
672 1633 696 1670 fi
718 1632 828 1684 probi
850 1630 1170 1675 existimarentur,
1193 1629 1297 1682 quod
1319 1629 1508 1674 dixissent,
1532 1629 1761 1682 probarent:
1785 1643 1890 1667 nunc

496 1701 578 1738 sum
601 1700 730 1736 animo
751 1697 976 1749 aequifiimo.
1002 1697 1039 1734 Si
1060 1697 1164 1734 enim
1185 1696 1271 1733 sunt
1287 1695 1358 1733 viri
1380 1695 1486 1740 boni,
1505 1709 1567 1733 me
1588 1695 1781 1748 adjuvant,
1797 1709 1891 1733 cum

496 1769 535 1807 id
550 1768 670 1820 jurati
691 1766 840 1810 dicunt,
863 1765 968 1817 quod
988 1778 1060 1817 ego
1080 1765 1266 1816 injuratus
1287 1763 1469 1801 insimulo
1489 1778 1498 1802 :
1530 1764 1583 1802 fin
1604 1773 1733 1801 autern
1761 1763 1890 1801 minus

496 1834 639 1878 idonei,
662 1846 724 1871 me
746 1845 822 1870 non
842 1831 1014 1876 laedunt3
1047 1844 1154 1875 curn,
1177 1830 1223 1867 iis
1244 1829 1316 1867 five
1336 1829 1518 1874 creditur,
1547 1829 1714 1867 creditur
1733 1828 1808 1866 hoc
1828 1830 1891 1881 ip-

499 1901 585 1939 sum
606 1899 711 1952 quod
741 1912 809 1936 nos
841 1899 1068 1950 arguimus5
1101 1897 1174 1935 five
1205 1896 1298 1934 fides
1319 1910 1396 1934 non
1417 1895 1594 1941 habetur,
1630 1895 1676 1933 de
1696 1895 1892 1933 adversarii

499 1966 653 2004 testium
676 1964 750 2002 fide
771 1964 987 2015 derogatur.

554 2034 603 2070 ΙΙ.
631 2033 907 2073 Veruntamen,
930 2043 1022 2066 cum
1044 2029 1200 2066 illorum
1223 2028 1339 2065 causae
1360 2028 1549 2065 afiionem
1570 2027 1791 2072 confidero;
1816 2041 1894 2066 non

500 2098 624 2141 video,
647 2096 741 2147 quid
763 2081 1028 2147 impudentius
1060 2094 1137 2132 dici
1158 2094 1294 2146 poffit:
1328 2107 1420 2131 cum
1440 2103 1568 2131 autem
1589 2093 1748 2131 vestram
1770 2093 1809 2130 in
1825 2093 1893 2144 ju—

502 2163 664 2202 dicando
685 2161 996 2205 dubitationem3
1024 2174 1167 2206 vereor,
1196 2173 1243 2198 ne
1263 2160 1316 2204 id,
1353 2160 1458 2211 quod
1486 2159 1663 2197 videntur
1685 2159 1893 2211 impuden-

503 2240 559 2267 ter
580 2228 720 2272 feciffe,
743 2226 860 2264 astute
880 2235 917 2263 et
937 2226 1074 2263 callide
1095 2225 1268 2263 fecerint.
1301 2226 1421 2269 Nam,
1453 2225 1479 2262 fi
1500 2224 1691 2276 negassent
1719 2225 1798 2261 vim
1818 2223 1893 2261 ho-

504 2295 678 2333 minibus
711 2292 864 2330 armatis
896 2291 967 2329 effe
988 2290 1142 2336 faciam,
1173 2290 1285 2329 facile
1315 2289 1583 2328 honestiffimis
1616 2289 1773 2327 testibus
1795 2290 1835 2327 in
1857 2303 1895 2327 re

505 2362 700 2415 perspicua
721 2368 966 2397 tenerentur:
1000 2358 1052 2396 sm
1073 2356 1229 2395 confeffi
1251 2356 1379 2401 effent,
1408 2366 1445 2393 ct
1465 2356 1518 2400 id,
1540 2356 1644 2407 quod
1665 2355 1773 2394 nullo
1792 2364 1893 2394 tem-

506 2442 596 2481 pore
622 2428 708 2478 jure
729 2426 810 2463 fieri
841 2424 976 2477 potest,
1008 2433 1095 2461 tum
1115 2423 1161 2461 ab
1183 2422 1218 2460 se
1243 2423 1333 2474 jure>
1350 2421 1494 2459 saelum
1516 2421 1587 2459 effe
1618 2420 1894 2467 defenderent;

507 2494 725 2546 sperarunt,
758 2492 797 2529 id
828 2490 932 2543 quod
967 2489 1119 2528 assecuti
1149 2489 1259 2534 sunt,
1302 2488 1337 2526 se
1367 2489 1571 2540 injeci-uros
1606 2488 1713 2526 vobis
1745 2488 1895 2526 causam

508 2559 757 2603 deliberandi,
789 2556 1042 2610 etjudicandi
1066 2556 1208 2608 justam
1230 2568 1394 2600 moram,
1426 2568 1468 2593 ac
1499 2554 1738 2606 religionem.
1772 2553 1897 2592 Simul
