2201 2792
603 171 949 211 ACTIONIS
991 171 1045 209 ΙΙ.
1117 171 1403 209 LIBERI.
1634 185 1703 224 191

301 283 344 312 ut
365 286 436 326 ego
452 271 657 325 pecuniam
678 284 756 308 non
772 270 899 308 dicam
915 268 1169 314 interceffiffe,
1188 269 1265 322 ipsa
1285 269 1526 307 decretorum
1549 271 1709 314 novitas,

299 338 559 391 iniquitasque
579 337 756 374 declarat.
794 337 958 381 Verum,
982 346 1025 374 ut
1044 349 1091 374 ex
1112 349 1191 373 uno
1210 335 1263 372 ·de
1283 336 1428 373 caeteris
1451 336 1712 387 conjecturam

299 405 422 443 facere
442 404 603 457 poffitis,
625 404 665 441 id
684 402 789 455 quod
809 404 935 455 priore
955 403 1103 441 actione
1123 402 1330 454 cognostis,
1353 401 1495 439 audite.

337 470 532 508 XLVIII.
566 470 614 507 C.
639 468 831 521 Sulpicius
855 469 1052 521 Olympus
1074 467 1165 506 fuit.
1184 469 1220 506 Is
1243 477 1421 506 mortuus
1443 467 1495 505 est
1517 468 1565 505 C.
1582 469 1712 505 Sacer—

297 536 386 574 dote
408 538 587 581 Praetore,
608 535 734 574 nescio
755 549 802 573 an
823 545 924 580 ante,
947 550 1066 587 quam
1087 535 1224 573 Verres
1246 544 1452 587 praeturam
1475 543 1601 587 petere
1628 547 1710 572 coe-

296 603 409 654 perit.
456 602 567 640 Fecit
586 601 768 640 heredem
798 602 861 639 M.
887 602 1097 640 octavium
1118 602 1321 654 Ligurem.
1354 601 1479 653 Ligur
1509 599 1711 638 haeredita-

296 678 376 707 tem
410 670 528 713 adiit;
571 669 746 722 poss'edit,
780 669 980 707 Sacerdote
1001 670 1182 714 Praetore‚
1221 668 1298 706 fine
1329 667 1408 705 ulla
1441 667 1710 705 coutroverfia.

296 734 548 786 Posteaquam
580 734 717 772 Verres
754 734 1022 787 magistratum
1058 735 1146 775 iniit
1164 753 1175 778 ς
1213 748 1261 772 ex
1291 733 1417 772 edicto
1452 733 1573 778 istius,
1607 734 1713 785 quod

295 800 467 839 edietum
501 801 680 839 Sacerdos
713 815 792 839 non
826 800 1026 846 habuerat,
1070 801 1232 853 Sulpicii
1267 801 1420 853 patroni
1454 799 1533 837 filia
1567 799 1712 838 sextam

294 876 444 919 partem
464 866 696 906 haereditatis
727 867 775 905 ab
796 868 942 920 Ligure
962 877 1090 921 petere
1121 868 1255 920 coepit.
1303 868 1429 919 Ligur
1454 880 1532 904 non
1568 867 1708 905 aderat.

293 934 344 971 L.
366 933 482 972 frater
501 935 581 986 ejus
603 934 754 972 causam
774 935 933 987 agebat:
967 935 1122 972 aderant
1141 935 1272 979 amici,
1295 933 1518 986 propinqui.
1543 933 1711 971 Dicebat

293 999 375 1044 iste,
398 1000 467 1038 nis1
487 1014 579 1038 cum
611 997 772 1038 muliere
803 1001 1058 1045 decideretur,
1089 1001 1129 1038 in
1150 1000 1415 1052 poffeffionem
1436 999 1472 1037 se
1502 1000 1556 1036 ire
1582 999 1709 1051 juffu-

294 1079 398 1105 rum.
430 1068 479 1104 L.
504 1066 658 1104 Gellius
690 1065 841 1104 causam
863 1067 1019 1118 Liguris
1041 1066 1297 1104 defendebat:
1330 1066 1506 1110 docebat,
1537 1066 1710 1104 edictum

293 1133 374 1184 ejus
395 1147 473 1171 non
494 1143 669 1185 oportere
689 1133 736 1170 ad
755 1132 994 1170 haereditates
1015 1133 1153 1177 valere,
1176 1146 1261 1185 quse
1280 1143 1367 1170 ante
1386 1146 1477 1170 eum
1499 1133 1708 1171 Praetorem

292 1198 491 1237 veniffent.
526 1199 564 1236 Si
583 1197 660 1236 hoc
682 1208 767 1236 tum
788 1197 917 1236 fuiffet
936 1198 1123 1244 edictum,
1154 1198 1304 1236 fortasse
1325 1199 1512 1251 Ligurem
1542 1198 1707 1237 haeredi-

291 1273 413 1303 tatem
433 1265 631 1303 aditurum
652 1278 729 1303 non
751 1263 875 1303 fuiss‘e.
908 1265 1037 1316 AEqua
1070 1264 1289 1318 postulatiO,
1326 1265 1478 1302 summa
1497 1264 1711 1304 hominum.

292 1333 494 1371 auctoritas
515 1332 638 1385 pretio
658 1331 919 1384 superabatur,

346 1400 467 1437 Venit
488 1400 659 1437 Romam
694 1399 843 1452 Ligur:
876 1412 955 1438 non
987 1398 1203 1445 dubitabat,
1238 1399 1348 1452 quin,
1386 1399 1411 1437 fi
1447 1399 1525 1452 ipse
1545 1397 1708 1438 Verrem

292 1465 536 1511 convenisset,
568 1465 746 1518 aequitate
766 1465 896 1511 causae,
919 1476 958 1504 et
976 1467 1201 1504 auctoritate
1223 1465 1285 1504 sua
1305 1479 1551 1504 commovere
1572 1466 1706 1504 homi-

291 1545 382 1570 nem
402 1531 536 1585 pofl‘et.
570 1533 751 1571 Domum
771 1531 816 1570 ad
836 1546 927 1570 eum
947 1533 1077 1578 venit3
1103 1546 1185 1570 rem
1207 1532 1465 1577 demonstrat;
1489 1544 1608 1584 quam
1623 1533 1706 1584 pri-

292 1597 382 1636 dem
398 1599 469 1637 fibi
488 1597 687 1637 haereditas
704 1598 874 1644 veniffet,
892 1599 1018 1637 docet.
1043 1599 1161 1649 Qod
1181 1597 1294 1636 facile
1315 1599 1355 1635 in
1375 1598 1484 1636 causa
1497 1598 1708 1650 aequiffima

289 1662 445 1701 homini
480 1664 677 1715 ingenioso
711 1662 789 1701 fuit
805 1682 816 1708 ς
850 1664 988 1708 multa,
1023 1677 1108 1715 quae
1140 1663 1318 1715 quemvis
1352 1676 1507 1700 movere
1540 1662 1709 1714 possent,

291 1729 403 1766 dixit.
437 1728 501 1766 Ad
521 1738 741 1767 extremum
761 1738 889 1781 petere
909 1728 1042 1780 caepit,
1075 1742 1122 1766 ne
1148 1727 1266 1780 usque
1297 1741 1341 1765 eo
1370 1727 1476 1765 suam
1498 1728 1704 1765 auctorita-

290 1804 371 1831 tem
393 1795 614 1846 despiceret,
638 1795 877 1846 gratiamque
898 1803 1177 1838 contemneret,
1213 1803 1255 1831 ut
1277 1793 1311 1830 se
1339 1802 1441 1831 tanta
1459 1793 1598 1844 injuria
1619 1793 1703 1830 affi-

290 1868 405 1897 ceret.
435 1860 573 1897 Homo
594 1860 784 1911 Ligurem
804 1860 976 1897 accusare
995 1860 1128 1911 coepit,
1151 1859 1219 1911 qui
1240 1859 1280 1896 iu
1301 1872 1340 1896 re
1361 1858 1566 1896 adventitia
1588 1867 1704 1910 atque

288 1925 536 1970 haereditaria,
570 1934 649 1962 tam
670 1925 852 1978 diligens,
885 1934 965 1963 tam
985 1935 1154 1964 attentus
1175 1924 1288 1963 effet:
1313 1925 1449 1962 debere
1469 1938 1559 1962 eum
1581 1925 1704 1962 aiebat

291 1993 396 2030 suam
417 2006 574 2045 quoque
595 1993 784 2030 rationem
805 1992 968 2038 ducere3
992 1992 1117 2030 multa
1137 1992 1206 2030 fibi
1227 2003 1323 2045 opus
1344 1991 1428 2036 effe,
1451 1992 1575 2029 multa
1596 1992 1702 2028 cani-

291 2058 362 2096 bus
384 2059 472 2103 suis,
495 2073 590 2110 quos
607 2059 709 2096 circa
727 2059 762 2096 se
783 2058 954 2097 haberet.
978 2060 1073 2098 Non
1093 2058 1244 2112 poffum
1266 2059 1333 2096 illa
1351 2058 1502 2111 planius
1523 2071 1702 2096 comme-

290 2136 451 2168 morare,
474 2137 592 2175 quam
613 2124 741 2175 ipsum
762 2125 950 2176 Ligurem
970 2138 1040 2176 pro
1061 2124 1281 2162 testimonio
1301 2124 1426 2162 dicere
1446 2124 1616 2162 audistis.

346 2189 455 2240 Qid
484 2190 603 2233 enim,
627 2189 763 2227 Verres
786 2190 798 2225 ?
831 2199 964 2227 utrum
984 2203 1031 2227 ne
1051 2189 1112 2227 his
1134 2190 1291 2242 quidem
1315 2190 1472 2228 testibus
1494 2189 1668 2228 credetur
1687 2189 1699 2224 Ρ

290 2269 336 2293 an
356 2254 438 2293 haec
459 2256 505 2293 ad
526 2270 607 2293 rem
628 2269 706 2293 non
726 2256 950 2308 pertinent?
982 2269 1060 2293 non
1082 2256 1144 2294 M.
1177 2256 1339 2294 Octavio
1357 2257 1370 2294 ?
1402 2270 1480 2294 non
1502 2257 1549 2293 L.
1574 2255 1698 2304 Ligu-

290 2322 349 2360 ri?
383 2323 469 2375 quis
491 2323 602 2361 nobiS
624 2322 782 2360 credet?
816 2323 881 2375 cui
904 2336 971 2361 nos
990 2323 1002 2359 ?
1036 2323 1131 2375 quid
1148 2323 1213 2367 est,
1229 2323 1381 2367 Verres,
1413 2321 1516 2373 quod
1538 2321 1698 2371 planum

291 2388 371 2426 fieri
395 2389 549 2427 testibus
570 2389 696 2442 poffit,
720 2389 745 2427 fi
762 2388 837 2426 hoc
860 2402 937 2427 non
958 2389 1030 2427 fit?
1053 2391 1118 2426 An
1139 2389 1192 2433 id,
1216 2389 1319 2440 quod
1341 2388 1490 2429 dicunt,
1511 2385 1591 2421 lcvc
1613 2384 1664 2421 est
1684 2386 1696 2421 ?

292 2451 408 2490 Nihil
429 2454 564 2499 levius,
597 2468 715 2506 quam
738 2456 946 2493 Praetorem
967 2454 1072 2492 urbis
1094 2453 1169 2491 hoc
1197 2453 1295 2503 juris
1317 2453 1357 2488 in
1379 2451 1444 2487 suo
1477 2449 1698 2502 magistratu

291 2517 532 2566 constituere,
568 2520 750 2558 omnibus
771 2521 831 2567 iis,
874 2520 1017 2573 quibus
1053 2518 1250 2557 haereditas
1272 2517 1430 2561 venerit,
1468 2515 1697 2553 coheredem
1715 2539 1717 2541 ·
