2201 2792
538 167 669 207 PRO
701 167 838 207 SEX.
870 167 1128 212 ROSCIO
1160 170 1516 214 AMERINO.
1689 191 1740 234 95

385 267 455 306 LL
485 266 565 312 An,
585 266 695 319 quod
714 267 921 321 diligenter
940 267 1176 315 defenditur,
1209 270 1249 309 id
1271 271 1343 310 tibi
1362 272 1570 327 indignum
1591 275 1742 317 facinus

330 334 479 372 videtur
497 333 509 370 ?
532 333 643 374 Mihi
662 335 786 382 crede,
808 336 850 382 fi,
868 350 939 390 pro
957 338 1076 390 patris
1097 338 1177 390 ejus
1193 336 1371 392 hospitiis
1391 351 1429 380 et
1448 342 1582 395 gratia,
1599 344 1743 384 vellent

327 413 462 439 ornnes
481 398 600 454 hujus
619 400 789 455 hospites
811 403 945 449 adesse,
977 413 1017 442 et
1036 404 1218 445 auderent
1243 405 1365 445 libere
1393 408 1623 456 defendere3
1655 411 1742 451 satis

328 467 481 520 copiose
500 467 781 509 defenderetur.
826 470 892 509 Sin
913 480 1043 509 autem
1064 485 1135 525 pro
1154 473 1427 526 magnitudine
1456 476 1621 528 injuriae,
1650 491 1741 531 pro-

326 547 402 587 que
421 548 480 582 eo,
502 535 609 589 quod
629 538 782 576 summa
809 538 1024 591 respublica
1043 540 1084 577 in
1115 538 1232 593 hujus
1252 542 1428 594 periculo
1449 552 1629 590 tentatur,
1658 544 1742 584 haec

326 615 464 643 omnes
483 603 722 643 vindicarent
735 623 747 650 ;
779 605 980 644 consistere
1005 605 1231 646 mehercule
1252 609 1361 648 vobis
1391 610 1463 649 isto
1495 611 1533 649 in
1555 611 1643 650 loco
1663 626 1741 651 non

326 668 473 707 liceret.
502 669 627 709 Nunc
646 670 701 709 ita
721 670 955 718 defenditur,
982 686 1062 711 non
1080 673 1166 718 sane
1183 683 1227 713 ut
1246 675 1407 715 moleste
1426 676 1524 716 ferre
1544 678 1743 717 adversarii

325 733 502 781 debeant,
525 749 651 790 neque
671 747 714 775 ut
732 737 770 776 se
789 739 964 791 potentia
984 739 1151 793 superari
1170 750 1325 794 putent.

380 802 481 855 Qae
501 802 610 841 domi
629 804 795 856 gerenda
814 805 916 852 sunt,
947 819 991 844 ea
1020 820 1088 859 per
1109 807 1309 847 Caeciliam
1330 809 1603 863 transiguntur.
1650 812 1683 850 F
1686 812 1743 850 ori

319 867 539 922 judiciique
559 871 748 909 rationem
770 871 960 918 Messalla,
991 882 1034 911 ut
1054 874 1207 919 videtis,
1229 875 1403 926 Judices,
1425 876 1601 929 suscepit.
1644 879 1741 930 Qi,

325 933 354 972 fi
373 935 459 986 jam
488 935 575 974 satis
607 937 727 976 aetatis
761 947 878 989 atque
905 939 1054 979 roboris
1086 939 1258 986 haberet,
1283 942 1362 995 ipse
1394 957 1466 996 pro
1489 944 1574 982 Sex.
1598 944 1743 983 Roscio

325 1000 483 1040 diceret.
516 1002 717 1052 Qoniam
737 1004 785 1042 ad
805 1004 1017 1045 dicendum
1038 1007 1322 1059 impedimento
1345 1010 1398 1048 est
1419 1019 1520 1055 aetas,
1543 1021 1581 1049 et
1601 1012 1740 1065 pudor,

328 1066 398 1118 qui
417 1076 527 1105 ornat
547 1076 713 1113 aetatem,
735 1069 887 1110 causam
907 1069 1009 1109 mihi
1029 1073 1215 1128 tradidit,⁴
1233 1087 1351 1126 quem
1371 1075 1437 1113 sua
1456 1076 1566 1115 causa
1585 1091 1740 1130 cupere,

324 1145 369 1170 ac
389 1133 527 1170 debere
545 1133 803 1186 intelligebat.
837 1137 920 1188 Ipse
939 1137 1165 1184 assiduitate,
1188 1141 1362 1186 confilio,
1388 1144 1625 1189 auctoritate,
1648 1145 1741 1182 dili-

324 1199 469 1251 gentia,
503 1198 681 1252 perfecit,
713 1209 757 1238 ut
791 1203 878 1239 Sex.
901 1202 1034 1240 Roscii
1053 1204 1144 1248 vita,
1176 1215 1305 1258 erepta
1338 1207 1385 1244 de
1416 1210 1598 1247 manibus
1619 1210 1741 1249 seero-

323 1279 428 1311 rum,
449 1265 647 1304 sententiis
673 1267 857 1319 judicum
878 1269 1181 1322 permitteretur.
1220 1272 1443 1320 Nimirum,
1466 1276 1639 1326 Judices,
1671 1291 1741 1330 pro

322 1331 396 1371 hac
415 1333 620 1372 nobilitate
640 1347 723 1387 pars
744 1336 918 1374 maxima
936 1336 1103 1375 civitatis
1135 1337 1176 1376 in
1197 1339 1314 1377 armis
1335 1339 1414 1379 fuit
1431 1355 1440 1380 :
1471 1340 1555 1380 haec
1585 1344 1666 1381 aeta
1684 1357 1741 1383 res

321 1400 390 1445 est,
409 1401 467 1440 uti
487 1400 637 1439 nobiles
658 1401 946 1442 restituerentur
961 1403 1003 1442 in
1023 1404 1237 1452 civitatem,
1255 1407 1323 1459 qui
1339 1406 1416 1446 hoc
1435 1407 1619 1455 facerent,
1635 1411 1741 1464 quod

321 1465 447 1506 facere
467 1466 686 1506 Messallam
707 1468 845 1507 videtis
864 1484 873 1508 :
906 1469 975 1522 qui
995 1481 1111 1524 caput
1131 1472 1351 1512 innocentis
1371 1474 1622 1515 defenderent
1636 1495 1648 1522 3
1673 1477 1741 1530 qui

321 1534 472 1586 injuriae
505 1533 713 1573 reslsterent
732 1553 745 1580 3
788 1536 872 1588 qui,
907 1546 1102 1588 quantum
1136 1539 1308 1592 possent,
1340 1541 1381 1579 in
1417 1541 1535 1580 salute
1570 1543 1739 1589 alterius,

321 1613 443 1651 quam
468 1601 509 1638 in
539 1600 674 1646 exitio,
707 1601 870 1642 mallent
890 1603 1099 1643 ostendere.
1144 1605 1264 1660 Qod
1285 1607 1311 1645 si
1331 1621 1480 1654 omnes,
1513 1610 1581 1662 qui
1602 1611 1739 1649 eodem

322 1667 410 1705 Ioco
430 1667 510 1705 nati
530 1667 634 1712 sunt,
668 1667 838 1708 facerent
852 1687 866 1714 5
897 1679 936 1709 et
955 1670 1171 1723 respublica
1191 1686 1237 1711 ex
1258 1674 1350 1721 illis,
1379 1685 1417 1714 et
1437 1676 1506 1728 ipfi
1528 1690 1575 1715 ex
1595 1678 1740 1716 invidia

316 1734 454 1772 minus
475 1734 704 1773 laborarent.

376 1801 469 1839 LII.
502 1801 651 1839 Verum
681 1800 709 1839 s1
741 1814 762 1839 a
783 1798 1050 1856 Chrysogono,
1079 1803 1250 1855 Judices,
1285 1819 1363 1844 non
1395 1806 1663 1861 impetramus,
1695 1817 1739 1849 ut

320 1866 487 1921 pecunia
505 1866 632 1906 nostra
651 1877 856 1907 contentus
874 1869 935 1914 s1t,
966 1870 1088 1908 vitam
1119 1884 1167 1909 ne
1192 1881 1297 1924 petat
1312 1891 1325 1917 ς
1357 1873 1383 1911 fi
1405 1874 1470 1912 ille
1490 1875 1629 1914 adduci
1660 1890 1738 1915 non

321 1933 459 1986 potest,
490 1942 548 1979 ut,
579 1947 673 1972 cum
699 1934 884 1974 ademerit
914 1935 1028 1974 nobis
1056 1937 1202 1983 omnia,
1235 1952 1321 1991 quae
1351 1940 1475 1979 nostra
1504 1951 1611 1981 erant
1644 1957 1736 1995 pro-

321 1999 416 2051 pria,
448 2013 496 2038 ne
522 2000 655 2038 lucem
686 2014 844 2054 quoque
874 2000 991 2049 hanc,
1023 2017 1109 2056 quae
1138 2005 1363 2044 communis
1395 2007 1462 2052 est,
1493 2008 1636 2061 eripere
1666 2023 1735 2047 cu-

320 2064 429 2117 piat;
460 2066 487 2104 fi
518 2080 597 2105 non
631 2066 717 2105 satis
751 2066 870 2107 habet
900 2070 1101 2108 avaritiam
1133 2070 1240 2109 suam
1266 2073 1431 2124 pecunia
1462 2074 1635 2127 explere,
1667 2076 1736 2113 nisi

319 2132 439 2170 etiam
455 2133 681 2172 crudelitate
693 2134 886 2187 sanguinis
902 2137 1064 2188 perlitus
1081 2138 1150 2183 sit3
1174 2152 1297 2177 unum
1312 2139 1733 2194 perfugium‚Judice§,

321 2212 397 2237 una
428 2199 509 2252 spes
542 2200 690 2253 reliqua
721 2201 774 2239 est
795 2203 881 2241 Sex.
905 2203 1062 2250 Roscio,
1084 2205 1232 2252 eadem,
1255 2220 1340 2259 quae
1362 2208 1597 2260 reipublicae,
1620 2209 1736 2252 vestra

322 2265 479 2318 pristina
496 2266 662 2313 bonitas,
684 2276 723 2305 et
738 2268 1022 2309 misericordia:
1060 2286 1145 2324 quae
1165 2272 1191 2310 fi
1213 2282 1355 2319 manet,
1378 2274 1468 2312 salvi
1489 2275 1606 2312 etiam
1628 2287 1732 2312 nunc

320 2331 391 2370 effe
412 2333 624 2386 possumus.
670 2335 737 2374 Sin
768 2349 809 2373 ea
829 2337 1049 2384 crudelitas,
1073 2353 1158 2391 quae
1178 2338 1255 2377 hoc
1283 2349 1457 2392 tempore
1478 2341 1517 2376 in
1539 2340 1735 2392 republica

322 2398 462 2437 versata
481 2399 548 2445 est,
563 2400 702 2439 vestros
723 2415 881 2455 quoque
900 2404 1050 2442 animos
1075 2405 1132 2456 (id
1149 2406 1254 2457 quod
1270 2406 1351 2443 fieri
1375 2404 1546 2457 profecto
1566 2419 1644 2444 non
1660 2421 1732 2459 po·-

323 2463 409 2515 test)
424 2465 593 2504 duriores
614 2468 901 2522 acerbioresque
920 2471 1106 2516 reddidit;
1129 2474 1259 2508 aerum
1276 2471 1342 2515 est,
1357 2471 1534 2521 Judices:
1559 2472 1657 2510 inter
1673 2472 1732 2510 fe-

322 2540 380 2566 ras
395 2529 505 2570 satius
522 2532 575 2570 est
591 2542 741 2572 aetatem
754 2535 904 2588 degere,
920 2550 1038 2589 quam
1056 2537 1096 2574 in
1114 2535 1186 2575 hae
1204 2546 1306 2575 tanta
1322 2537 1565 2577 immanitate
1582 2538 1729 2577 versari,
