2201 2792
658 158 1006 198 ACTIONIS
1049 159 1102 196 11.
1172 158 1385 196 LIBER
1427 162 1458 198 Ι.
1690 175 1761 215 133

358 272 422 297 me
442 264 622 300 uteretur,
653 255 819 308 populus
841 256 1042 292 Romanus
1058 254 1262 307 judicavit,
1294 255 1400 293 istius
1421 257 1640 307 pecuniam,
1678 272 1763 310 quae

357 322 458 374 apud
488 334 553 358 me
583 328 718 357 contra
746 319 866 357 fidem
897 333 1025 357 meam
1057 317 1159 357 nihil
1191 319 1384 372 potuisset,
1428 320 1529 372 apud
1563 321 1598 358 se
1633 333 1763 359 contra

354 386 544 424 honorem
577 398 712 423 meum
732 383 833 422 nihil
869 384 971 437 poffe
1001 384 1152 422 debere.
1198 386 1290 436 Qo
1321 385 1481 437 quidem
1501 385 1563 422 die
1589 386 1763 437 primum

348 451 499 503 judices
521 452 629 490 citati
649 451 690 488 in
716 449 822 488 hunc
854 465 964 489 reum
984 451 1216 496 consedistis,
1248 451 1334 503 quis
1363 461 1441 489 tam
1463 452 1647 489 inimicus
1668 450 1762 490 huic

354 517 482 554 ordini
500 516 591 561 fuit,
622 517 709 570 quis
742 526 821 554 tam
842 530 1030 555 novarum
1049 530 1193 561 rerum,
1221 517 1477 569 judiciorum,
1503 516 1764 568 judicumque

353 583 533 635 cupidus,
564 584 633 635 qui
663 596 741 621 non
773 582 977 635 conspectu
1007 582 1253 635 conseffuque
1271 583 1394 621 vestro
1424 584 1761 621 commoveretur?

356 650 462 686 Cum
484 650 523 687 in
551 663 596 687 eo
628 649 745 687 vestra
764 648 865 687 mihi
886 649 1053 701 dignitas
1083 648 1256 687 fructum
1287 649 1499 701 diligentiae
1524 648 1693 693 referret,
1724 649 1763 686 id

355 715 441 753 sum
461 716 662 761 assecutus,
693 725 737 754 ut
757 716 833 753 una
852 714 961 761 hora,
993 730 1069 768 qua
1087 716 1191 769 coepi
1212 717 1352 762 dicere,
1384 729 1449 754 reo
1468 715 1615 760 audaci,
1642 729 1762 768 pecu-

353 781 475 827 nioso,
497 782 668 835 profuso,
699 783 863 835 perdito,
895 783 1002 836 spem
1027 783 1170 835 judicii
1191 783 1465 836 corrumpendi
1485 782 1731 835 praeciderem
1749 800 1760 827 ς

355 857 400 886 ut
418 849 547 900 primo
579 849 641 887 die
673 849 827 887 testium
860 858 967 888 tanto
998 863 1162 887 numero
1191 850 1324 894 citato,
1360 849 1529 902 populus
1561 850 1763 888 Romanus

350 913 554 964 judicaret,
586 915 667 967 ipso
691 915 866 953 absoluto
897 915 1181 968 rempublicam
1213 915 1307 953 stare
1337 929 1415 953 non
1446 914 1547 968 poffe
1564 933 1575 959 3
1608 924 1651 953 ut
1671 914 1763 952 alter

356 978 437 1016 dies
472 980 606 1018 amicis
627 981 733 1018 istius
753 994 796 1019 ac
828 980 1088 1020 defensoribus
1114 995 1194 1020 non
1213 981 1331 1020 modo
1352 981 1459 1034 spem
1489 981 1670 1025 victori&
1701 979 1764 1017 sed

355 1045 476 1083 etiam
506 1045 744 1083 voluntatem
779 1046 1023 1090 defenfionis,
1054 1046 1218 1084 auferret
1233 1065 1245 1091 ς
1277 1056 1322 1085 ut
1353 1048 1485 1085 tertius
1518 1046 1597 1084 dies
1618 1047 1668 1084 fic
1687 1045 1763 1084 ho-

357 1110 507 1148 minem
527 1111 790 1162 prosterneret,
822 1121 880 1155 ut,
902 1112 1040 1149 morbo
1060 1112 1251 1156 fimulato,
1273 1126 1366 1157 non,
1392 1112 1487 1164 quid
1508 1111 1762 1164 responderet,

354 1175 432 1219 sed,
464 1177 798 1226 quemadmodum
831 1190 911 1213 non
942 1177 1197 1228 responderet,
1229 1178 1480 1216 deliberaret:
1513 1177 1651 1215 deinde
1671 1176 1762 1215 reli-

356 1240 443 1291 quis
464 1240 615 1285 diebus,
645 1239 706 1278 his
727 1240 974 1284 criminibus,
1001 1240 1062 1277 his
1084 1241 1258 1285 testibus,
1289 1252 1327 1279 et
1348 1243 1516 1286 urbanis,
1548 1251 1586 1279 et
1605 1243 1763 1295 provin-

355 1304 520 1343 cialibus
540 1306 591 1344 fic
611 1306 773 1344 obrutus
794 1315 909 1358 atque
928 1306 1122 1360 oppressus
1143 1306 1209 1351 est,
1242 1315 1298 1351 ut,
1333 1306 1394 1344 his
1415 1307 1598 1344 ludorum
1632 1307 1764 1345 diebus

356 1371 600 1423 interpofitis,
633 1385 749 1410 nemo
780 1372 896 1410 istum
927 1372 1329 1425 comperendinatum,
1365 1372 1428 1411 sed
1447 1373 1763 1416 condemnatum,

350 1436 556 1488 judicaret.

400 1503 514 1543 VIII.
547 1504 793 1557 Qapropter
812 1518 897 1557 ego,
919 1504 1026 1557 quod
1045 1505 1092 1543 ad
1112 1518 1176 1543 me
1194 1505 1345 1550 attinet,
1367 1505 1540 1557 Judices,
1561 1505 1638 1543 vici
1656 1519 1665 1544 :
1688 1518 1766 1543 non

358 1570 464 1608 enim
484 1570 602 1623 spolia
623 1572 671 1609 C.
692 1571 838 1616 Verris,
871 1571 933 1610 sed
952 1571 1277 1610 existimationem
1297 1572 1432 1625 populi
1453 1572 1638 1617 Romani,
1669 1585 1766 1609 con-

359 1636 504 1687 cupivi.
551 1638 695 1675 Meum
713 1636 790 1675 fuit
824 1651 917 1676 cum
937 1637 1047 1676 causa
1079 1638 1257 1676 accedere
1291 1639 1338 1676 ad
1364 1638 1648 1677 accusandum:
1681 1652 1766 1689 quae

360 1701 468 1738 causa
501 1700 577 1739 fuit
608 1702 762 1753 justior,
807 1701 926 1754 quam
961 1716 981 1740 a
1010 1712 1090 1741 tam
1127 1704 1265 1741 illustri
1298 1705 1496 1755 provincia
1529 1703 1766 1741 defensorem

360 1767 555 1812 constitui,
577 1777 615 1805 et
635 1767 784 1820 deligi?
815 1768 1059 1820 Reipublicae
1079 1768 1298 1807 consulere:
1331 1769 1426 1820 quid
1441 1770 1524 1820 jam
1546 1769 1766 1821 reipublicae

358 1831 569 1878 honestius,
600 1847 718 1886 quarn
737 1834 778 1871 in
800 1844 904 1872 tanta
923 1835 1067 1872 invidia
1080 1835 1321 1886 judiciorum
1343 1834 1527 1872 adducere
1547 1833 1765 1880 hominem,

355 1899 468 1950 *cujus
489 1899 734 1937 damnatione
766 1909 868 1938 totus
899 1900 994 1938 ordo
1014 1913 1106 1937 cum
1126 1900 1272 1952 populo
1303 1900 1483 1938 Romano
1513 1910 1550 1938 et
1570 1901 1609 1938 in
1639 1901 1764 1945 laude,

359 1972 397 2001 et
417 1964 457 2001 in
477 1965 598 2017 gratia
617 1964 728 2017 poffit
748 1964 820 2002 effe
838 1965 850 2001 ?
885 1965 1108 2009 Ostendere,
1136 1979 1177 2002 ac
1198 1965 1429 2018 persuadere,
1458 1965 1662 2003 hominem
1694 1980 1765 2003 no-

359 2039 513 2068 centem
532 2030 743 2068 adduetum
764 2030 834 2068 effe
852 2046 861 2068 :
885 2031 972 2082 quis
994 2031 1047 2068 est
1066 2031 1106 2068 in
1127 2031 1274 2084 populo
1290 2031 1484 2076 Romano,
1501 2032 1570 2084 qui
1591 2030 1665 2069 hoc
1689 2045 1765 2070 non

361 2107 409 2132 ex
443 2096 568 2147 priore
598 2097 745 2134 actione
775 2096 985 2140 abstulerit,
1017 2097 1197 2134 omnium
1218 2106 1304 2134 ante
1324 2098 1594 2136 damnatorum
1618 2098 1764 2142 scelera,

360 2159 476 2205 furta,
499 2160 656 2213 flagitia,
692 2161 719 2198 fi
739 2162 780 2199 in
813 2175 936 2199 unum
967 2161 1103 2200 locum
1133 2162 1394 2208 conferantur,
1428 2164 1493 2201 vix
1527 2178 1620 2202 cum
1650 2163 1766 2215 hujus

360 2240 474 2279 parva
494 2236 599 2279 parte
619 2227 772 2278 aequari,
795 2227 1039 2280 conferrique
1060 2228 1161 2281 poffe
1180 2229 1192 2265 ?

418 2293 512 2338 Vos,
548 2294 655 2346 quod
689 2294 735 2331 ad
772 2294 932 2332 vestram
963 2293 1124 2340 famam,
1157 2295 1496 2340 existimationem,
1529 2294 1768 2345 salutemque

361 2372 616 2398 communem
636 2360 817 2412 pertinet,
837 2360 1008 2411 Judices,
1031 2361 1250 2414 prospicite,
1272 2371 1387 2412 atque
1408 2360 1605 2398 consulite.
1629 2359 1766 2410 Splen-

362 2425 432 2463 dor
464 2426 580 2464 vester
599 2425 707 2472 facit,
745 2436 787 2465 ut
818 2440 973 2480 peccare
1004 2427 1080 2466 fine
1112 2428 1264 2466 summo
1296 2426 1515 2477 reipublicae
1535 2425 1769 2463 detrimento

1383 2491 1413 2525 V
1444 2502 1464 2527 2
