2201 2792
517 185 643 223 PRO
675 182 811 221 SEX.
845 181 1099 221 ROSCIO
1132 181 1484 220 AMERINO,
1658 182 1703 220 S*

1686 213 1704 235 ..Ἰ

300 283 496 326 defideret,
518 295 626 327 cum,
659 295 745 333 quae
766 280 907 325 facitis,
940 280 1128 331 ejusmodi
1150 280 1236 325 sint,
1269 290 1312 318 ut
1332 294 1374 318 ea
1394 280 1522 317 dedita
1547 279 1659 331 opera
1689 293 1708 315 a

301 348 411 386 nobis
442 357 576 386 contra
606 346 856 400 vosmetipsos
877 345 1001 384 facere
1021 347 1262 384 videamini?
1295 348 1381 399 Age
1409 359 1528 391 nunc,
1562 345 1628 382 illa
1649 345 1706 382 vi-

300 413 473 458 deamus,
494 413 666 464 Judices,
688 427 773 464 quae
793 413 920 450 statim
942 412 1145 450 consecuta
1163 413 1265 450 sunt.

355 480 569 518 XXXVII.
603 480 666 517 Ad
688 479 903 517 Volaterras
925 480 965 517 in
985 478 1102 517 castra
1122 480 1170 518 L.
1195 478 1305 529 Syllae
1329 492 1431 517 mors
1454 480 1537 516 Sex.
1562 476 1708 520 Roscii,

300 545 520 597 quatriduo,
557 559 637 598 quo
658 546 688 583 is
710 545 858 584 occisus
879 545 945 590 est,
980 544 1234 597 Chrysogono
1257 545 1468 582 nuntiatur.
1513 543 1710 595 Qaeritur

300 612 418 650 etiam
439 626 558 657 nunc,
585 612 671 664 quis
690 625 781 650 eum
801 613 985 650 nuntium
1008 612 1181 650 miserit?
1214 612 1359 650 Nonne
1376 611 1621 664 perspicuum
1642 609 1708 652 est,

302 678 484 722 eundem,
518 678 585 730 qui
603 679 803 716 Ameriam
823 679 836 715 ?
870 680 992 717 Curat
1011 677 1301 730 Chrysogonus,
1320 688 1362 716 ut
1379 679 1459 730 ejus
1477 677 1577 714 bona
1593 689 1709 714 vene-

301 753 366 782 ant
385 744 540 789 statim;
564 745 633 797 qui
655 758 731 783 non
754 753 862 783 norat
881 745 1100 790 hominem,
1122 754 1187 782 aut
1209 758 1303 782 rem.
1328 746 1383 782 At
1403 744 1469 796 qui
1491 744 1525 781 ei
1545 741 1650 780 venit
1670 742 1711 779 in

303 819 474 848 mentem
496 811 636 864 praedia
655 811 925 864 concupiscere
944 810 1116 849 hominis
1138 811 1277 863 ignoti,
1292 824 1410 862 quem
1426 810 1588 848 omnino
1606 821 1709 846 nun-

303 890 421 929 quam
442 878 613 916 viderat?
646 877 797 923 Soletis,
834 892 927 916 cum
948 878 1096 930 aliquid
1127 876 1399 930 hujuscemodi
1418 877 1570 921 auditis,
1593 875 1710 927 Judi-

304 955 380 988 ces,
401 944 588 982 continuo
603 944 741 989 dicere,
765 944 926 982 Necesse
945 944 1012 990 est,
1030 945 1199 997 aliquem
1221 943 1354 982 dixisse
1374 944 1630 996 municipem,
1648 951 1713 979 aut

305 1008 507 1047 vicinum:
539 1010 568 1047 ii
602 1009 832 1061 plerumque
862 1010 1064 1055 indicant3
1096 1024 1162 1062 per
1182 1023 1244 1048 eos
1277 1010 1451 1062 plerique
1480 1009 1710 1062 produntur.

307 1075 388 1112 Hic
423 1074 522 1112 nihil
557 1074 622 1119 est,
654 1075 759 1126 quod
779 1074 1036 1127 suspicionem
1067 1074 1166 1114 hanc
1197 1075 1354 1127 putetis.
1401 1076 1495 1113 Non
1516 1075 1621 1112 enim
1642 1087 1714 1126 ego

307 1141 359 1178 ita
389 1141 619 1193 disputabo;
653 1140 870 1178 Verisimile
899 1141 966 1185 est,
998 1141 1158 1179 Roscios
1180 1141 1289 1179 istam
1321 1155 1402 1180 rem
1422 1141 1468 1179 ad
1490 1140 1713 1193 Chrysogo-

306 1219 403 1243 num
423 1204 623 1243 detuliffe:
656 1214 734 1242 erat
765 1206 869 1242 enim
891 1205 944 1242 eis
981 1219 1074 1243 cum
1096 1204 1349 1257 Chrysogono
1374 1207 1457 1258 jam
1484 1215 1591 1243 antea
1612 1206 1712 1243 ami-

305 1272 410 1310 citia.
457 1272 578 1316 Nam,
609 1284 702 1309 cum
723 1271 869 1309 multos
901 1280 1043 1309 veteres
1075 1284 1095 1308 a
1126 1272 1336 1323 majoribus
1368 1272 1500 1309 Roscii
1535 1281 1714 1324 patronos

306 1336 548 1390 hospitesque
577 1335 778 1381 haberent,
805 1350 940 1375 omnes
962 1350 1025 1374 eos
1045 1337 1171 1374 colere
1202 1346 1316 1389 atque
1337 1337 1532 1375 observare
1560 1337 1715 1374 destite-

252 1410 256 1415 ”
306 1412 410 1448 runt,
432 1416 474 1440 ac
494 1403 529 1440 se
549 1403 590 1440 in
612 1401 855 1455 Chrysogoni
875 1402 994 1441 fidem
1015 1412 1053 1441 et
1073 1402 1294 1441 clientelam
1315 1403 1577 1440 contulerunt.
1617 1404 1716 1440 Haec

306 1469 458 1522 possum
478 1470 612 1508 omnia
631 1482 716 1507 vere
736 1469 886 1507 dicere:
909 1468 971 1507 sed
991 1470 1032 1506 in
1049 1468 1121 1507 hac
1141 1468 1249 1507 causa
1268 1470 1485 1521 conjectura
1502 1468 1599 1506 nihil
1618 1482 1715 1522 opus

308 1535 374 1574 est.
420 1536 525 1588 Ipsos
557 1545 662 1573 certo
697 1535 773 1573 scio
804 1549 881 1574 non
916 1549 1067 1588 negare,
1098 1536 1144 1573 ad
1175 1535 1257 1573 haec
1285 1535 1387 1574 bona
1417 1534 1716 1588 Chrysogonum

308 1601 490 1640 acceffiffe
524 1601 697 1654 impulsu
728 1602 808 1640 suo.
855 1602 894 1639 Si
929 1616 1035 1647 eum,
1066 1602 1135 1655 qui
1161 1601 1298 1639 indicii
1331 1610 1480 1655 partem
1513 1602 1715 1654 acceperit,

308 1667 432 1705 oculis
453 1668 614 1705 cernetis
627 1685 640 1712 ς
672 1666 892 1718 poteritisne
911 1667 1102 1712 dubitare,
1120 1667 1293 1718 Judices,
1315 1667 1383 1718 qui
1403 1667 1610 1704 indicarit?
1635 1667 1718 1717 Qi

309 1732 398 1771 sunt
416 1733 536 1785 igitur
556 1732 596 1769 in
617 1732 694 1770 istis
727 1731 852 1777 bonis,
884 1733 1026 1784 quibus
1052 1741 1201 1785 partem
1232 1730 1506 1784 Chrysogonus
1541 1731 1715 1769 dederit?

310 1800 388 1837 duo
408 1798 555 1836 Roscii.
588 1798 702 1836 Num
722 1797 899 1850 quisnam
922 1798 1128 1850 praeterea?
1159 1798 1293 1836 Nemo
1311 1796 1376 1841 est,
1399 1796 1571 1848 Judices.
1604 1797 1717 1835 Num

310 1879 402 1918 ergo
434 1864 600 1904 dubium
632 1864 698 1909 est,
731 1864 826 1916 quin
848 1864 875 1901 ii
895 1864 1110 1902 obtulerint
1130 1863 1229 1902 hanc
1253 1864 1419 1916 praedam
1450 1862 1716 1916 Chrysogono,

310 1932 379 1984 qui
400 1932 447 1970 ab
468 1945 513 1970 eo
532 1940 679 1984 partem
701 1931 834 1984 praedae
856 1931 1056 1968 tulerunt?

366 2000 466 2051 Age,
498 2011 602 2036 nunc
637 2011 683 2035 ex
717 1997 833 2049 ipsius
856 1996 1098 2049 Chrysogoni
1128 1997 1279 2049 judicio
1311 1996 1543 2035 Rosciorum
1572 1995 1719 2034 factum

312 2065 606 2102 confideremus.
653 2064 691 2101 Si
711 2062 811 2101 nihil
832 2064 871 2101 in
894 2063 960 2101 ista
990 2077 1134 2116 pugna,
1168 2063 1313 2108 Roscii,
1347 2063 1451 2115 quod
1471 2077 1595 2116 operae
1622 2077 1720 2116 prae·

315 2130 415 2168 tium
435 2129 537 2174 esset,
569 2128 749 2173 fecerant,
781 2143 898 2181 quam
919 2129 970 2167 ob
991 2129 1142 2166 causam
1163 2143 1182 2166 a
1203 2128 1457 2181 Chrysogono
1478 2130 1592 2168 tantis
1623 2143 1720 2182 pra:-

314 2197 404 2235 miis
426 2196 696 2234 donabantur?
729 2196 766 2233 Si
799 2194 899 2233 nihil
921 2195 1025 2233 aliud
1050 2195 1239 2240 fecerunt,
1272 2196 1340 2233 nisi
1372 2209 1454 2234 rem
1484 2196 1719 2239 detulerunt,

314 2276 442 2302 nonne
463 2262 548 2300 satis
569 2261 660 2306 fuit,
679 2260 739 2299 his
760 2262 897 2314 gratias
919 2262 977 2314 agi
995 2263 1007 2299 ?
1030 2262 1210 2314 denique,
1234 2271 1276 2300 ut
1298 2262 1574 2315 perliberaliter
1593 2274 1720 2313 agere-

315 2339 391 2374 tur,
410 2329 568 2367 honoris
588 2329 734 2381 aliquid
756 2328 911 2366 haberi?
936 2331 1016 2367 Cur
1034 2330 1103 2366 tria
1125 2330 1264 2381 praedia
1280 2338 1392 2367 tanta?
1410 2328 1580 2381 pecuniae
1597 2327 1721 2364 statim

318 2396 500 2446 Capitoni
517 2395 684 2432 dantur?
718 2408 799 2439 cur,
823 2409 907 2447 quae
928 2395 1075 2446 reliqua
1093 2395 1192 2438 sunt,
1216 2395 1280 2432 iste
1302 2394 1462 2433 Roscius
1481 2392 1612 2430 omnia
1630 2406 1723 2430 cum

319 2459 571 2512 Chrysogono
587 2461 849 2498 communiter
870 2461 1028 2513 poffidet
1046 2461 1058 2496 ἓ
1096 2461 1240 2498 Nonne
1263 2458 1506 2510 perspicuum
1527 2458 1592 2503 est,
1608 2459 1723 2509 Judi-

319 2536 396 2568 ces,
419 2523 484 2561 has
507 2526 707 2563 manubias
730 2526 879 2563 Rosciis
898 2525 1211 2575 Chrysogonum,
1234 2538 1272 2561 re
1294 2524 1462 2575 cognita,
1481 2524 1723 2562 conceffiss'e?

1344 2590 1421 2628 La
