2201 2792
667 156 1433 208 PROP.QU1NT10,
1711 176 1756 214 33

344 260 500 304 fecifi'et,
532 259 657 312 priore
676 259 765 297 loco
785 259 944 297 diceret.
997 259 1102 296 Cum
1125 258 1163 295 in
1186 257 1300 295 altera
1322 272 1359 295 re
1380 257 1497 296 causae
1529 258 1626 296 nihil
1659 259 1758 303 effer,

344 330 439 382 quin
462 328 566 366 secus
581 327 772 380 judicaret
793 326 870 380 ipse
891 326 936 364 de
957 326 1018 370 se3
1051 326 1157 378 quod
1172 325 1370 378 judicium
1398 325 1661 378 gravissimum
1683 327 1759 371 est,

343 397 383 434 in
404 396 520 434 altera
540 395 621 448 spes
642 393 730 432 effet
749 393 796 432 ad
816 393 935 431 talem
956 402 1086 431 tamen
1107 393 1233 430 virum
1250 392 1426 444 judicem
1447 392 1638 436 veniendi,
1662 393 1763 430 unde

344 477 389 501 eo
410 463 497 516 plus
528 462 611 514 opis
644 460 823 505 auferret,
856 474 935 512 quo
966 459 1097 498 minus
1118 459 1302 498 attuliffet
1333 460 1489 512 gratim,
1523 459 1763 512 sponsionem

343 528 469 568 facere
489 529 654 567 maluit:
678 526 787 566 fecit.
820 528 882 565 Te
896 526 1088 578 judicem,
1112 526 1161 564 C.
1185 525 1339 578 Aquili,
1355 525 1540 579 sumpsit:
1563 539 1610 564 ex
1631 525 1765 579 sponso

345 597 438 650 egit.
472 596 518 634 In
538 594 615 633 hoc
635 595 788 633 summa
802 593 958 646 judicii,
981 592 1166 646 causaque
1187 601 1268 630 tota
1288 593 1470 631 consistit.

402 662 607 714 Judicium
637 661 721 707 effe,
755 662 803 699 C.
827 660 980 713 Aquili,
1012 673 1091 698 non
1123 659 1169 697 de
1201 673 1240 697 re
1270 659 1505 712 pecuniaria,
1538 659 1599 697 sed
1626 659 1673 697 de
1707 657 1762 697 {21-

346 743 410 768 ma
430 728 673 782 fortunisque
692 729 737 767 P.
758 727 930 780 Qinfii,
952 726 1071 765 vides.
1095 728 1203 765 Cum
1225 726 1388 778 majores
1409 726 1462 764 ita
1481 725 1764 769 constituerint,

347 806 404 842 ut,
436 796 505 850 qui
527 809 597 849 pro
628 795 753 849 capite
788 795 946 840 diceret,
978 795 1009 832 is
1041 793 1247 847 posteriore
1273 793 1362 832 loco
1382 793 1527 832 diceret
1544 811 1554 837 ;
1588 806 1672 836 nos,
1704 795 1765 829 in—

347 865 477 904 audita
509 863 783 902 criminatione
817 862 1082 900 accusatorum
1099 891 1110 907 ,
1156 861 1280 915 priore
1321 861 1408 900 loco
1450 860 1601 899 causam
1642 860 1767 898 dicere

348 930 534 982 intelligis
554 945 563 968 :
596 943 659 968 eos
680 943 808 982 porro,
846 928 915 981 qui
936 926 1140 966 defendere
1160 926 1406 972 consuerunt,
1439 927 1544 965 vides
1564 927 1736 964 accusare
1756 945 1766 969 5

350 1006 388 1034 et
418 1010 461 1034 ea
494 996 650 1047 ingenia
680 995 854 1033 converti
885 994 932 1031 ad
963 994 1192 1047 perniciem,
1224 1007 1310 1046 quae
1337 1003 1446 1032 antea
1466 994 1709 1032 versabantur
1730 993 1769 1030 in

350 1061 468 1100 salute
488 1070 603 1112 atque
622 1060 768 1098 auxilio
787 1058 961 1097 ferendo.
983 1058 1089 1097 Illud
1108 1060 1226 1097 etiam
1246 1060 1445 1103 restiterat,
1469 1059 1574 1111 quod
1594 1057 1769 1096 hesterno

350 1127 413 1165 die
432 1126 621 1169 fecerunt,
644 1134 688 1162 ut
709 1133 746 1162 te
766 1125 808 1162 in
822 1126 887 1176 jus
909 1125 1156 1168 adducerent,
1190 1134 1233 1162 ut
1254 1126 1366 1163 nobis
1389 1134 1558 1178 tempus,
1581 1124 1770 1177 quamdiu

348 1193 582 1236 diceremus,
604 1190 856 1244 praestitueres
873 1205 882 1228 ε
907 1204 1025 1243 quam
1047 1203 1128 1228 rem
1146 1189 1259 1228 facile
1276 1204 1296 1228 a
1312 1192 1476 1229 Praetore
1494 1190 1768 1243 impetrassent,

350 1259 419 1298 nifi
451 1269 508 1304 tu,
547 1257 653 1311 quod
684 1256 772 1295 effet
794 1266 909 1295 tuum
933 1257 999 1309 jus
1021 1265 1060 1294 et
1086 1256 1279 1301 officium,
1310 1256 1528 1309 partesque,
1567 1256 1769 1294 docuiffes.

349 1326 493 1379 Neque
523 1324 636 1364 nobis
664 1323 807 1369 adhuc,
838 1332 974 1377 praeter
995 1332 1045 1368 te,
1076 1322 1284 1376 quisquam
1304 1322 1395 1368 fuit,
1428 1323 1496 1360 ubi
1517 1322 1689 1361 nostrum
1706 1323 1770 1374 jus

350 1403 485 1432 contra
504 1393 593 1431 illos
614 1392 878 1430 obtineremus
897 1406 906 1430 :
932 1404 1059 1444 neque
1078 1390 1157 1429 illis
1178 1404 1353 1444 unquam
1372 1390 1459 1428 satis
1480 1389 1558 1428 fuit
1578 1389 1676 1427 illud
1697 1390 1771 1427 ob-

351 1462 485 1507 tinere,
518 1460 623 1514 quod
643 1459 797 1514 probari
817 1459 1003 1498 omnibus
1024 1457 1160 1512 poffet.
1204 1459 1263 1498 Ita
1293 1458 1370 1497 fine
1394 1458 1536 1511 injuria
1554 1457 1771 1511 potentiam

351 1527 479 1566 levem
498 1536 615 1580 atque
634 1528 794 1580 inopem
814 1525 884 1564 effe
904 1526 1152 1564 arbitrantur.

407 1595 461 1633 X.
484 1595 648 1640 Verum,
669 1593 858 1646 quoniam
889 1593 962 1631 tibi
982 1592 1095 1632 instat
1115 1591 1362 1638 Hortenfius‚
1395 1600 1439 1630 ut
1468 1604 1528 1630 eas
1555 1591 1596 1630 in
1616 1588 1772 1629 confili-

353 1674 422 1699 um
439 1679 450 1705 3
483 1674 505 1698 a
537 1674 601 1698 me
631 1660 812 1713 postulat,
854 1673 902 1698 ne
935 1659 1101 1699 dicendo
1132 1669 1286 1712 tempus
1314 1657 1771 1710 absumampqueritur,

353 1727 480 1781 priore
512 1736 675 1780 patrono
706 1725 858 1764 causam
881 1724 1123 1770 defendente,
1156 1738 1358 1777 nunquam
1389 1723 1558 1777 perorari
1577 1721 1771 1776 potuisse:

354 1808 433 1833 non
454 1794 589 1848 patiar,
617 1793 726 1831 istam
759 1806 912 1830 manere
933 1791 1205 1846 suspicionem,
1243 1805 1312 1830 nos
1342 1804 1426 1829 rem
1451 1789 1620 1843 judicari
1650 1788 1770 1827 nolle.

353 1862 442 1901 Nec
463 1860 562 1900 illud
584 1859 685 1898 mihi
718 1859 918 1912 arrogabo,
954 1872 1018 1898 me
1039 1858 1142 1912 posse
1162 1858 1315 1897 causam
1336 1857 1584 1897 commodius
1605 1856 1771 1894 demon-

354 1929 480 1974 strare,
517 1941 636 1981 quam
669 1936 779 1965 antea
812 1926 1069 1965 demonstrata
1102 1926 1173 1965 fit:
1206 1939 1333 1978 neque
1367 1934 1498 1964 tamen
1532 1934 1613 1962 tam
1648 1923 1774 1962 multa

354 1996 469 2034 verba
489 1994 656 2039 faciam3
689 2003 888 2047 propterea
908 1994 1013 2046 quod
1043 2003 1081 2032 et
1112 1993 1159 2031 ab
1180 1993 1264 2038 illo,
1298 1992 1367 2046 qui
1388 2001 1475 2030 ante
1496 1991 1609 2037 dixit,
1646 1989 1772 2028 infor-

356 2070 458 2099 mata
472 2062 555 2113 jam
575 2060 684 2099 causa
704 2060 756 2099 est
773 2079 783 2105 ;
817 2069 854 2098 et
874 2073 894 2098 a
914 2074 991 2105 me,
1023 2060 1092 2112 qui
1123 2073 1249 2112 neque
1269 2058 1501 2112 excogitare,
1535 2070 1660 2110 neque
1680 2069 1772 2110 pro·

357 2128 535 2166 nuntiare
566 2127 691 2165 multa
721 2126 887 2179 poffum,
917 2127 1080 2164 brevitas
1112 2126 1341 2179 postulatur,
1374 2139 1459 2178 quae
1489 2123 1676 2163 mihimet
1703 2122 1773 2175 ipsi

355 2194 585 2233 amiciffima
610 2193 677 2232 est.
720 2194 891 2238 Faciam,
919 2193 1024 2246 quod
1046 2202 1082 2231 te
1103 2193 1197 2247 saepe
1228 2192 1483 2231 animadverti
1502 2190 1638 2235 facere,
1662 2189 1772 2227 Hor-

357 2262 479 2300 tensi:
524 2271 646 2300 totam
678 2261 796 2299 causae
828 2275 922 2298 meae
957 2261 1168 2299 dictionem
1200 2270 1319 2299 certas
1352 2260 1392 2298 in
1426 2268 1548 2312 partes
1587 2255 1772 2294 dividam.

358 2331 424 2367 Tu
446 2329 485 2367 id
506 2329 654 2381 semper
673 2328 782 2372 sacis,
805 2329 894 2380 quia
914 2327 1062 2380 semper
1082 2339 1189 2381 potes
1207 2346 1218 2372 ;
1242 2341 1313 2380 ego
1334 2327 1373 2364 in
1396 2326 1467 2364 hac
1488 2323 1597 2363 causa
1619 2322 1773 2367 faciam,

358 2406 558 2449 propterea
577 2396 682 2448 quod
703 2395 743 2432 in
763 2393 835 2432 hac
858 2395 988 2432 videor
1010 2394 1110 2447 poffe
1131 2394 1268 2433 facere.
1308 2392 1426 2442 Qod
1447 2391 1521 2429 tibi
1542 2400 1675 2429 natura
1695 2389 1774 2434 dat,

361 2471 404 2498 ut
425 2462 574 2514 semper
596 2461 722 2514 poffis,
759 2461 799 2499 id
820 2460 919 2498 mihi
942 2461 1050 2506 causa
1069 2461 1263 2504 concedit,
1287 2469 1328 2496 ut
1353 2457 1469 2496 hodie
1489 2457 1643 2512 poflim.
1677 2459 1774 2495 Cer-—

362 2535 420 2564 tos
454 2528 553 2565 mihi
575 2527 683 2573 fines,
717 2528 977 2579 terminosque
1007 2527 1255 2571 constituam,
1291 2535 1396 2564 extra
1421 2539 1517 2578 quos
1548 2524 1676 2578 egredi
1697 2537 1776 2562 non

445 2589 516 2625 To
535 2602 585 2626 M.
620 2590 690 2627 IV.
1436 2588 1469 2625 E
