2201 2792
570 167 915 207 ACTIONIS
959 168 1010 206 11.
1072 168 1384 208 LIBERIH.
1593 186 1667 225 329

272 266 483 320 Carpinatii
503 266 622 305 literis
643 266 780 320 gratias
800 274 975 319 egerunt,
1008 266 1172 318 pecunia
1192 265 1349 318 publica
1369 280 1416 304 ex
1438 268 1565 305 aerario
1585 282 1669 306 ero-

269 343 367 386 gata,
385 347 431 372 ex
448 334 696 386 veffigalibus
713 334 847 387 populi
861 334 1030 372 Romani
1050 333 1095 371 ad
1116 333 1326 371 emendum
1347 331 1591 372 frumentum
1612 344 1670 372 at-

270 400 426 445 tributa,
447 399 613 439 fueritne
633 401 706 438 tibi
726 400 913 453 quaestui?
941 399 1182 454 penfitaritne
1202 400 1274 438 tibi
1292 400 1399 438 binas
1420 400 1640 438 centefimas
1657 401 1669 437 ,²

270 466 397 504 Credo
418 475 454 504 te
485 476 741 519 negaturum:
776 467 896 519 turpis
928 467 1033 504 enim
1065 466 1131 511 est,
1167 474 1204 504 et
1234 466 1445 519 periculosa
1474 465 1670 504 confeffio.

269 530 378 569 Mihi
398 541 527 570 autem
547 532 623 570 hoc
645 532 875 585 perarduum
899 532 952 570 est
972 532 1241 570 demonstrare.
1284 533 1440 584 Qibus
1461 532 1567 570 enirn
1598 531 1671 569 tes-

270 592 407 631 tibus?
439 593 688 646 publicanis?
720 594 866 632 tractati
889 592 1102 632 honorifice
1132 593 1245 632 sunt:
1291 594 1487 632 tacebunt.
1534 593 1673 631 Literae

270 659 437 696 eorum?
470 658 622 697 decreto
656 659 960 697 decumanorum
994 667 1150 697 remotae
1184 658 1285 697 sunt.
1337 659 1429 708 Qo
1458 672 1520 697 me
1554 659 1672 711 igitur

271 725 445 762 vertam?
477 739 558 763 rem
590 735 669 764 tam
699 726 933 778 improbam,
964 726 1112 764 crimen
1133 734 1246 763 tantae
1273 725 1451 769 audaciae,
1484 733 1673 776 tantaeque

269 790 520 843 impudentiae
540 801 696 845 propter
715 792 886 845 inopiam
904 792 1058 831 testium
1078 805 1120 829 ac
1139 792 1336 830 literarum
1358 791 1672 844 praetermittam?

271 856 367 895 Non
386 856 540 903 faciam,
563 858 717 909 Judices
737 873 746 896 :
779 867 862 896 utar
882 858 971 896 teste
991 873 1000 896 :
1033 872 1110 911 quo
1129 858 1141 894 ?
1174 859 1217 896 P.
1242 859 1374 895 Vettio
1396 856 1577 901 Chilone,
1600 857 1673 897 ho·

273 922 378 960 mine
397 923 576 975 equestris
597 924 741 961 ordinis
761 922 1022 962 honestiffimo
1041 932 1155 976 atque
1173 923 1432 961 ornatiffimo:
1456 923 1524 974 qui
1545 922 1605 960 isti
1626 923 1676 961 ita

274 989 420 1027 amicus
441 998 478 1027 et
498 989 719 1027 necessarius
740 989 805 1034 est,
827 999 884 1034 ut,
903 990 1019 1027 etiam
1040 990 1065 1027 fi
1086 990 1143 1027 vir
1165 990 1287 1028 bonus
1309 1003 1385 1027 non
1407 988 1506 1033 effet,
1531 998 1673 1034 tamen,

275 1055 380 1107 quod
401 1064 534 1093 contra
553 1046 668 1093 istum
700 1056 856 1100 diceret,
892 1070 1003 1108 grave
1034 1056 1250 1100 videretur;
1283 1057 1335 1094 ita
1365 1056 1422 1093 vir
1452 1056 1576 1093 bonus
1607 1056 1674 1099 est,

275 1130 332 1166 ut,
354 1122 470 1160 etiam
491 1122 516 1160 fi
538 1122 822 1160 inimiciffimus
843 1122 903 1160 isti
934 1121 1036 1167 effet,
1067 1130 1197 1161 tamen
1221 1123 1300 1175 ejus
1333 1121 1551 1160 testimonio
1571 1122 1676 1159 credi

274 1198 478 1241 oporteret.

331 1253 558 1292 Admiratur
587 1263 624 1292 et
654 1254 856 1307 exspectat,
885 1255 1072 1306 quidnam
1094 1255 1247 1293 Vettius
1279 1241 1448 1292 dielurus
1470 1254 1526 1292 fit.
1560 1252 1677 1291 Nihil

275 1320 378 1358 dicet
398 1333 444 1359 ex
465 1330 662 1373 tempore3
695 1319 795 1358 nihil
815 1334 862 1359 ex
883 1321 945 1358 sua
964 1321 1188 1365 voluntate;
1221 1319 1335 1365 nihil,
1368 1329 1411 1358 ut
1431 1321 1465 1358 ei
1487 1319 1677 1358 utrumvis

276 1386 359 1424 fieri
379 1387 523 1425 licuiffe
556 1387 740 1425 videatur.
783 1388 894 1425 Mifit
925 1388 965 1425 in
987 1388 1156 1426 Siciliam
1178 1388 1304 1425 literas
1326 1388 1372 1425 ad
1393 1387 1676 1439 Carpinatium,

277 1467 370 1491 cum
390 1453 477 1492 effet
511 1454 687 1506 magister
708 1453 914 1506 scripturae‚
947 1463 983 1491 et
1015 1455 1094 1506 ejus
1130 1454 1318 1492 societatis
1350 1454 1676 1506 publicanorum:

277 1533 370 1573 quas
401 1533 472 1572 ego
505 1520 707 1571 Syracusis,
739 1521 839 1571 apud
875 1521 1142 1572 Carpinatium
1176 1520 1216 1557 in
1248 1521 1446 1558 literarum
1479 1519 1679 1557 allatarum

278 1586 400 1631 libris,
424 1587 574 1630 Romae,
605 1587 644 1623 in
666 1587 862 1623 literarum
886 1585 1081 1623 miffarum
1113 1586 1214 1638 apud
1234 1586 1460 1638 magistrum
1480 1585 1678 1629 Tullium,

278 1650 508 1690 familiarem
530 1662 656 1695 tuum,
689 1652 818 1688 inveni
836 1666 844 1689 z
877 1652 1018 1703 quibus
1041 1665 1087 1689 ex
1107 1651 1226 1688 literis
1248 1651 1532 1703 impudentiam
1552 1649 1678 1688 foene-

279 1717 450 1762 rationis,
481 1717 619 1770 quaeso,
652 1717 882 1768 cognoscite.
942 1718 1138 1756 L1TERAE
1164 1730 1310 1755 MissAE
1335 1717 1597 1761 L.VETT11,
1629 1717 1679 1755 L.

279 1784 499 1827 SERVILH,
533 1784 580 1821 C.
604 1784 850 1827 ANTISTH,
885 1795 1255 1821 MAGISTRORUM.
1303 1781 1440 1821 Praesso
1471 1781 1507 1819 se
1538 1781 1610 1820 tibi
1629 1781 1682 1819 ait

278 1848 459 1888 futurum
479 1850 646 1894 Vettius,
678 1859 715 1887 et
745 1849 1045 1895 observaturum,
1079 1849 1410 1902 quemadmodum
1442 1848 1603 1886 rationes
1635 1848 1682 1886 ad

280 1916 454 1955 aerarium
475 1914 635 1954 referas:
669 1926 725 1961 ut,
762 1916 787 1954 fi
808 1915 908 1954 hanc
942 1929 989 1954 ex
1015 1915 1162 1954 foenore
1192 1915 1339 1969 populo
1369 1915 1573 1968 pecuniam
1604 1927 1682 1952 non

281 1983 468 2027 retuleris,
500 1983 629 2022 reddas
650 1983 834 2021 societati.
868 1982 1068 2022 Possumus
1088 1982 1164 2022 hoc
1185 1983 1289 2028 teste,
1308 1981 1503 2035 poffumus
1526 1983 1570 2020 P.
1595 1983 1681 2020 Ser-

280 2048 378 2094 vilii,
409 2058 447 2087 et
481 2050 528 2087 C.
559 2049 730 2094 Antistii,
762 2050 1031 2102 magistrorum
1058 2050 1191 2095 literis,
1223 2049 1440 2103 primorum
1472 2047 1681 2086 hominum

282 2124 397 2168 atque
432 2114 808 2161 honestiffimorum,
841 2116 1037 2169 poss'umus
1068 2116 1288 2155 auetoritate
1326 2115 1539 2160 societatis,
1570 2115 1680 2166 cujus

282 2182 402 2220 literis
425 2182 584 2227 utimur,
606 2183 710 2234 quod
741 2183 923 2228 dicimus,
944 2183 1148 2221 obtinere?
1180 2196 1226 2221 an
1257 2183 1385 2236 aliqua
1404 2182 1586 2226 firmiora,
1617 2189 1682 2218 aut

283 2249 453 2301 graviora
474 2249 674 2301 quaerenda
694 2248 780 2287 sunt
799 2250 811 2286 ?

339 2315 509 2352 LXXII.
542 2315 711 2360 Vettius,
734 2325 822 2354 tuus
854 2314 1196 2361 familiariffimus5
1229 2316 1398 2358 Vettius,
1434 2322 1521 2350 tuus
1541 2311 1679 2357 affinis,

285 2381 394 2431 cujus
415 2380 578 2419 sororem
609 2380 726 2420 habes
758 2382 797 2419 in
820 2382 1083 2428 matrimonio,
1115 2392 1190 2421 tuae
1220 2381 1334 2419 frater
1364 2380 1492 2417 uxoris
1513 2378 1680 2422 Vettius,

285 2444 399 2484 frater
425 2447 480 2484 tui
511 2448 734 2499 QaestoriS,
771 2449 926 2487 testatur
956 2448 1332 2503 impudentiffimum
1369 2456 1483 2484 tuum
1516 2443 1680 2489 furtum,

369 2518 435 2555 To
449 2530 498 2555 M.
522 2519 592 2557 IV.
1270 2520 1307 2556 T
1340 2527 1354 2556 t
