2201 2792
551 156 898 199 ACTIONIS
931 155 983 195 ΙΙ.
1044 156 1254 195 LIBER
1296 158 1370 196 111.
1582 171 1655 213 271

251 260 489 300 instituimus
514 258 823 304 frumentariam,
855 272 941 311 quae
972 257 1241 310 magnitudine
1276 257 1438 310 injuriae,
1475 257 1553 297 fere
1583 260 1662 297 cri-

251 327 424 365 minibus
456 326 601 364 caeteris
621 325 844 370 antecellit,
870 324 1125 376 jucunditatis
1158 324 1198 361 in
1219 324 1380 376 agendo,
1413 333 1451 361 et
1472 325 1662 363 varietatis

252 394 381 431 minus
412 392 585 431 habebit.
618 392 751 430 Vestra
775 401 904 430 autem
937 391 1160 430 auctoritate
1192 400 1229 428 et
1249 391 1453 443 prudentia
1484 391 1661 444 digniffi-

251 474 365 499 mum
390 460 456 506 est,
488 459 658 512 Judices,
681 460 721 497 in
751 458 931 496 audiendi
962 457 1176 511 diligentia,
1209 471 1287 495 non
1321 458 1452 496 minus
1484 458 1663 510 religioni

251 526 432 572 tribuere,
467 540 585 579 quarn
623 525 829 578 voluptati.
890 526 935 563 In
970 523 1041 562 hac
1080 522 1187 561 causa
1217 522 1468 562 frumentaria
1498 524 1663 577 cognos-

251 593 373 631 cenda
405 592 487 630 haec
519 592 628 630 vobis
659 591 877 644 proponite,
900 590 1073 642 JudiceS‚
1107 603 1174 627 vos
1205 589 1252 627 de
1283 590 1395 628 rebus
1421 589 1663 643 fortunisque

252 659 472 697 Siculorum
492 658 689 701 omnium,
725 657 771 694 de
790 657 939 694 civium
959 657 1246 700 Romanorum,
1278 657 1347 707 qui
1373 666 1478 693 arant
1500 657 1539 694 in
1562 657 1662 694 Sici-

250 723 315 769 lia,
338 725 463 769 bonis,
485 723 532 761 de
562 722 814 775 vectigalibus
833 735 854 759 a
873 722 1084 773 majoribus
1117 720 1280 765 traditis,
1314 721 1360 758 de
1385 722 1462 758 vita
1483 722 1664 774 victuque

250 790 387 844 populi
408 790 578 828 Romani
597 790 835 841 cognituros.
869 789 968 839 Qae
988 788 1014 825 fi
1035 800 1189 839 magna,
1221 797 1337 839 atque
1367 788 1460 825 adeo
1491 789 1664 826 maxima

249 858 359 895 vobis
379 857 586 902 videntur;
609 869 728 909 quam
748 855 850 894 varie
870 864 907 892 et
928 868 1046 907 quarn
1067 853 1218 907 copiose
1238 854 1426 898 dicantur,
1449 856 1666 907 exspectare

249 924 387 963 nolite.

305 991 523 1030 Neminem
561 988 726 1028 vestrum
765 990 932 1042 praeterit
948 1018 959 1034 ,
1000 988 1158 1040 Judices
1174 1017 1185 1033 ,
1227 1001 1386 1026 omnem
1421 988 1630 1027 utilitatem
1649 1018 1662 1034 ,

250 1058 660 1111 opportunitatemque
686 1057 895 1110 provinciae
917 1056 1070 1101 Siciliae,
1105 1070 1190 1108 quae
1214 1056 1260 1093 ad
1288 1056 1497 1094 commoda
1527 1057 1663 1108 populi

249 1125 421 1163 Romani
441 1125 498 1176 adj
507 1126 618 1162 uncta
637 1124 696 1169 fit,
718 1123 917 1161 consistere
936 1123 977 1160 in
1004 1136 1043 1160 re
1063 1121 1314 1160 frumentaria
1334 1123 1517 1160 maxime.
1556 1123 1664 1160 Nam

250 1192 395 1230 caeteris
416 1191 528 1229 rebus
549 1191 778 1242 adjuvamur
810 1203 857 1227 ex
879 1190 944 1227 illa
963 1189 1160 1241 provincia
1177 1207 1187 1232 ;
1220 1187 1292 1226 hac
1324 1202 1412 1226 vero
1432 1189 1586 1234 alimur,
1620 1202 1662 1227 ac

249 1257 494 1296 sustinemur.
535 1257 592 1294 Ea
622 1255 732 1294 causa
766 1255 980 1307 tripartita,
1017 1254 1200 1305 Judices,
1235 1254 1307 1291 erit
1338 1255 1378 1292 in
1408 1255 1661 1293 accusatione.

249 1324 431 1362 Primum
451 1322 558 1361 enim
578 1322 625 1360 de
640 1322 870 1366 decumano,
888 1321 1025 1359 deinde
1045 1320 1091 1357 de
1111 1329 1244 1373 empto
1258 1319 1432 1357 dicemus
1449 1319 1663 1366 frumento,

250 1390 440 1444 postremo
461 1390 508 1428 de
527 1390 727 1428 aestimato.

306 1458 379 1496 VI.
412 1458 518 1495 Inter
539 1455 710 1494 Siciliam
731 1454 958 1507 caeterasque
979 1453 1208 1507 provincias,
1227 1454 1398 1505 Judices,
1422 1454 1463 1492 in
1483 1467 1664 1506 agrorum

250 1523 498 1577 vectigalium
532 1523 678 1560 ratione
710 1521 786 1560 hoc
817 1521 985 1565 interest,
1022 1521 1128 1573 quod
1161 1521 1305 1558 caeteris
1337 1530 1402 1558 aut
1436 1521 1664 1573 impofitum

250 1591 410 1643 vectigal
432 1589 485 1627 est
513 1598 678 1633 certum,
701 1588 805 1640 quod
826 1587 1117 1640 stipendiarium
1139 1587 1294 1632 dicitur,
1333 1596 1375 1624 ut
1396 1586 1596 1639 HispaniS‚
1627 1596 1665 1626 et

250 1656 439 1710 plerisque
460 1656 686 1699 Poenorum,
709 1653 811 1706 quafi
832 1653 998 1691 viftoriae
1019 1652 1241 1705 praemium,
1261 1666 1303 1690 ac
1324 1666 1438 1705 poena
1459 1652 1574 1697 belli‚·
1599 1663 1664 1691 aut

251 1722 419 1761 censoria
438 1721 579 1759 locatio
605 1719 812 1758 constituta
838 1719 904 1763 est,
939 1727 983 1756 ut
1002 1718 1113 1763 Afiae,
1145 1718 1230 1770 lege
1252 1719 1490 1770 Sempronia.
1524 1719 1663 1757 Siciliae

250 1790 424 1828 civitates
456 1787 506 1826 fic
537 1787 577 1825 in
607 1787 820 1825 amicitiam
853 1785 1049 1837 fidemque
1081 1785 1311 1838 recepimus,
1339 1794 1382 1823 ut
1414 1785 1549 1822 eodem
1575 1786 1663 1837 jure

250 1856 379 1901 effent‚
402 1868 480 1908 quo
500 1853 653 1892 fuiffent
670 1872 682 1898 3
705 1854 838 1891 eadem
858 1851 1081 1891 conditione
1101 1851 1248 1905 populo
1268 1852 1450 1889 Romano
1470 1861 1662 1904 parerent,

250 1936 326 1976 qua
345 1922 418 1960 suis
439 1930 548 1959 antea
568 1919 785 1973 paruiffent.

292 1990 496 2040 Perpaucae
518 1986 656 2025 Siciliae
676 1986 848 2024 civitates
870 1985 956 2023 sunt
976 1984 1079 2023 bello
1099 1998 1120 2022 a
1139 1983 1349 2036 majoribus
1371 1983 1505 2022 nostris
1526 1983 1662 2023 subac-

250 2063 298 2093 tae
316 2068 326 2093 ;
357 2066 521 2106 quarum
542 2065 628 2104 ager
648 2065 741 2090 cum
762 2051 850 2089 effet
882 2051 1062 2104 publicus
1082 2050 1219 2102 populi
1240 2049 1412 2087 Romani
1440 2048 1578 2095 faCtus,
1602 2060 1661 2088 ta-

251 2134 342 2160 men
362 2119 439 2157 illis
460 2118 512 2156 est
528 2118 711 2156 redditus.
736 2119 771 2156 Is
792 2131 880 2170 ager
899 2131 920 2155 a
936 2115 1168 2155 Censoribus
1186 2116 1304 2154 locari
1320 2116 1429 2154 solet.
1451 2117 1485 2154 F
1487 2117 1662 2155 oederatae

250 2187 423 2225 civitates
444 2185 527 2222 duae
547 2184 646 2228 sunt,
675 2197 840 2236 quarum
867 2184 1038 2221 decumae
1058 2183 1186 2221 venire
1206 2196 1285 2221 non
1302 2182 1459 2227 soleant,
1482 2183 1660 2220 Mamer-

251 2255 331 2292 tina
361 2262 399 2290 et
418 2251 753 2290 Taurominitana.
787 2251 975 2303 Qinque
1006 2259 1187 2303 praeterea
1204 2249 1281 2287 fine
1301 2248 1444 2287 foedere
1464 2250 1659 2286 immunes

251 2320 422 2358 civitates
442 2331 485 2355 ac
505 2318 648 2362 liberae,
672 2317 940 2369 Centuripina,
962 2316 1154 2360 Halesum,
1178 2315 1388 2368 Segestana,
1413 2313 1658 2358 Halicienfis,

252 2385 534 2424 panormitana.
566 2385 748 2422 Praeterea
768 2383 895 2422 omnis
928 2396 1016 2436 ager
1036 2382 1175 2421 Siciliae
1196 2382 1400 2419 civitatum
1421 2379 1660 2417 decumanus

253 2450 305 2488 est
317 2469 329 2496 3
360 2451 532 2502 itemque
551 2460 637 2488 ante
659 2450 870 2503 imperium
890 2450 1027 2504 populi
1049 2447 1220 2488 Romani
1246 2445 1419 2500 ipsorum
1439 2444 1664 2485 Siculorum

253 2515 449 2555 voluntate
468 2524 506 2555 et
525 2515 708 2555 institutis
729 2514 821 2556 fuit.
