2201 2792
638 179 981 218 ACTIONIS
1024 179 1076 217 II.
1149 180 1430 219 LIBERI.
1666 184 1736 236 163

336 278 490 322 nefaria,
524 287 607 315 tum
643 277 824 330 improbo
851 286 888 315 et
920 276 1010 315 falso
1037 277 1207 330 ejusdem
1230 278 1462 323 testimonio,
1497 288 1579 317 tum
1612 280 1739 318 multo

335 345 450 381 etiam
470 357 517 381 ex
549 343 719 381 maxima
738 353 858 396 parte,
891 343 996 382 istius
1017 342 1226 389 furtorum,
1258 357 1300 382 ac
1327 343 1563 396 flagitiorum
1595 344 1740 382 invidia

334 408 595 461 conflagravit.

388 475 502 513 XVI.
535 475 643 526 Qid
673 475 748 514 hoc
783 474 945 514 homine
974 475 1153 514 faciatis?
1195 485 1261 514 aut
1293 477 1339 514 ad
1370 490 1488 529 quam
1520 475 1626 529 spem
1662 484 1741 514 tam

334 541 597 594 perfidiosum,
634 552 715 581 tam
745 543 1018 595 importunum
1052 543 1195 581 animal
1230 543 1456 581 reservetis?
1489 543 1557 595 qui
1589 542 1629 580 in
1663 543 1737 580 Cn.

335 608 555 647 Carbonem
576 608 731 654 sortem,
762 609 802 646 in
825 610 900 647 Cn.
922 609 1169 647 Dolabellam
1189 609 1429 647 voluntatem
1451 608 1677 661 neglexerit,
1700 621 1742 646 ac

337 674 502 720 violarit,
533 675 671 728 eosque
691 675 826 714 ambos
848 689 926 713 non
948 676 1071 714 solum
1093 675 1309 721 deseruerit,
1342 675 1402 714 sed
1423 676 1538 714 etiam
1561 675 1742 728 prodide-

336 742 398 785 rit,
421 751 536 793 atque
557 743 802 795 oppugnarit.
836 742 986 787 Nolite,
1009 742 1147 795 quaeso,
1165 742 1335 794 Judices,
1358 742 1542 780 brevitate
1562 741 1741 780 orationis

336 821 430 846 meae
449 809 593 862 potius,
616 823 735 861 quam
757 822 883 847 rerum
904 809 1070 862 ipsarum
1099 810 1380 862 magnitudine,
1413 809 1576 848 crimina
1596 808 1743 862 ponde-

336 889 428 914 rare.
461 875 570 915 Mihi
601 878 706 914 enim
742 876 1023 930 properandum
1058 876 1261 915 necessario
1280 876 1345 922 est,
1383 886 1426 915 ut
1456 876 1588 915 omnia
1618 876 1741 920 vobis,

337 956 422 994 quae
443 942 542 982 mihi
562 944 768 982 constituta
788 943 889 990 sunt,
920 944 1057 997 poffim
1078 958 1282 997 exponere.
1317 944 1599 996 Qamobrem,
1621 942 1743 995 quaes-

338 1009 423 1047 tura
443 1009 547 1047 istius
569 1010 837 1055 demonstrata,
869 1011 1063 1062 primique
1084 1011 1325 1063 magistratus
1353 1021 1390 1049 et
1409 1010 1529 1055 furto,
1551 1019 1589 1048 et
1609 1009 1745 1048 scelere

339 1075 547 1128 perspecto,
570 1075 717 1127 reliqua
737 1076 922 1113 attendite
940 1090 948 1114 :
981 1076 1021 1113 in
1042 1076 1183 1128 quibus
1211 1077 1309 1114 illud
1330 1086 1482 1129 tempus
1504 1076 1745 1128 Syllanarum

338 1141 664 1194 proscriptionum
696 1155 739 1179 ac
771 1142 989 1193 rapinarum
1022 1143 1340 1194 praetermittam:
1373 1155 1498 1195 neque
1528 1156 1600 1195 ego
1629 1141 1746 1180 istum

339 1207 409 1245 fibi
430 1221 477 1245 ex
510 1207 715 1245 communi
749 1206 966 1244 calamitate
987 1207 1244 1245 defensionem
1279 1208 1399 1246 ullam
1430 1208 1550 1246 finam
1571 1208 1744 1246 sumere:

339 1273 414 1312 suis
435 1287 527 1312 eum
547 1273 674 1317 certis,
696 1272 936 1325 propriisque
956 1272 1186 1311 criminibus
1218 1272 1414 1311 accusabo.
1459 1273 1745 1324 Qamobrem‚

338 1339 416 1379 hoc
435 1341 545 1380 omni
565 1350 738 1393 tempore
759 1339 912 1392 Syllano
932 1354 979 1379 ex
998 1339 1236 1379 accusatione
1256 1339 1562 1394 circumscripto,
1585 1340 1747 1394 legatio-

339 1421 431 1446 nem
451 1407 531 1459 ejus
553 1406 772 1460 praeclaram
792 1406 1024 1459 cognoscite.

396 1473 649 1526 Posteaquam
682 1473 758 1511 Cn.
788 1472 1003 1512 Dolabellae
1034 1474 1231 1528 provincia
1247 1474 1384 1521 &licia
1404 1474 1610 1513 constituta
1628 1473 1693 1520 est,
1725 1474 1749 1512 ὂ

341 1541 412 1581 Dii
443 1539 707 1580 immortales!
740 1549 881 1593 quanta
914 1540 982 1579 iste
1016 1542 1241 1595 cupiditate,
1277 1542 1419 1594 quibus
1455 1541 1749 1594 allegationibus

342 1608 451 1646 illam
471 1608 542 1647 fibi
570 1608 804 1662 legationem
825 1609 1061 1662 expugnavit
1079 1609 1092 1646 ?
1122 1609 1162 1646 id
1183 1609 1288 1661 quod
1310 1610 1385 1647 Cn.
1407 1608 1621 1646 Dolabellae
1641 1608 1749 1661 prin-

341 1674 490 1726 cipium
512 1675 691 1712 maximae
712 1675 939 1712 calamitatis
959 1674 1049 1713 fuit.
1073 1675 1181 1713 Nam
1202 1683 1245 1712 ut
1265 1674 1331 1712 iste
1348 1673 1542 1726 profectus
1563 1674 1628 1718 est,
1650 1686 1747 1725 qua-

342 1753 496 1792 cunque
517 1740 587 1778 iter
607 1738 715 1784 fecit,
746 1739 933 1791 ejusmodi
954 1739 1043 1785 fuit,
1075 1753 1152 1778 non
1174 1748 1217 1777 ut
1237 1739 1384 1791 legatus
1405 1739 1541 1792 populi
1562 1738 1747 1783 Romani,

343 1806 404 1844 sed
426 1815 469 1844 ut
489 1806 665 1858 quaedam
684 1806 879 1844 calamitas
900 1806 1101 1859 pervadere
1122 1805 1326 1844 videretur.

387 1872 520 1910 XVII.
545 1872 590 1910 In
607 1871 755 1910 Achaia
775 1872 1084 1924 (praetermittam
1105 1871 1256 1910 minora
1275 1871 1419 1915 omnia,
1443 1883 1610 1923 quorum
1626 1869 1750 1908 fimile

342 1937 498 1977 forsitan
519 1938 615 1978 alius
636 1952 793 1992 quoque
814 1938 962 1991 aliquid
981 1937 1188 1991 aliquando
1207 1936 1368 1982 fecerit,
1400 1936 1500 1975 nihil
1521 1937 1662 1982 dicam,
1681 1936 1749 1974 nifi

344 2006 544 2059 lingulam,
577 2007 644 2044 nis]
671 2006 791 2058 quod,
827 2006 852 2044 s1
874 2007 914 2044 in
934 2006 1056 2044 alium
1076 2018 1186 2044 reum
1207 2005 1411 2050 diceretur,
1444 2004 1670 2042 incredibile
1690 2004 1749 2042 vi-

345 2072 512 2124 deretur)
536 2073 800 2124 magistratum
822 2073 1045 2124 Sicyonium
1067 2085 1252 2110 nummos
1282 2071 1471 2124 poposcit.
1510 2071 1574 2110 Ne
1602 2070 1646 2109 s1t
1676 2069 1751 2108 hoc

345 2138 494 2176 crimen
520 2138 561 2175 in
581 2139 771 2183 Verrem3
804 2138 979 2177 fecerunt
1000 2138 1078 2176 alii.
1112 2139 1218 2176 Cum
1246 2137 1311 2175 ille
1332 2151 1410 2175 non
1431 2138 1547 2182 daret,
1576 2137 1749 2175 animad-

346 2203 472 2242 vertit.
505 2204 753 2256 Improbum,
785 2203 847 2242 sed
873 2218 951 2242 non
982 2204 1215 2242 inauditum.
1249 2204 1384 2242 Genus
1417 2202 1750 2241 animadversionis

344 2270 483 2308 videte.
535 2269 724 2321 Qaeretis
740 2299 750 2315 ‚
796 2283 842 2308 ex
876 2284 954 2322 quo
987 2283 1126 2324 genere
1162 2269 1368 2309 hominem
1407 2269 1522 2307 istum
1549 2267 1747 2320 judicetis.

347 2336 484 2389 Ignem
515 2349 562 2374 ex
583 2336 698 2390 lignis
720 2337 908 2375 viridibus
940 2347 1054 2390 atque
1089 2336 1261 2376 humidis
1296 2338 1337 2375 in
1367 2337 1454 2374 loco
1475 2333 1632 2386 angusto
1667 2332 1750 2370 fieri

342 2403 476 2454 juffit:
508 2403 564 2441 ibi
594 2402 800 2442 hominem
831 2405 1061 2457 ingenuum,
1083 2404 1190 2443 domi
1212 2403 1398 2445 nobilem,
1427 2399 1559 2453 populi
1582 2399 1750 2437 Romani

349 2467 496 2507 socium
519 2478 633 2521 atque
653 2471 840 2516 amicum,
871 2470 984 2509 fumo
1003 2470 1279 2511 excruciatum,
1314 2466 1541 2504 semivivum
1576 2465 1747 2518 reliquit.

351 2533 452 2584 Jam,
483 2548 570 2587 quae
590 2535 656 2574 iste
686 2536 802 2588 signa,
835 2550 926 2589 quas
962 2537 1108 2575 tabulas
1135 2535 1266 2587 pictaS,
1298 2546 1344 2571 ex
1376 2530 1520 2570 Achaia
1546 2530 1749 2575 sustulerit,

1361 2600 1397 2638 X
1426 2612 1448 2638 2
