2201 2792
635 228 926 268 ACTIO
1000 227 1311 267 PRIMA.

1615 245 1689 285 135

264 329 345 375 hic,
360 342 444 382 quae
464 341 561 382 opus
583 327 714 373 essent,
737 337 992 381 compararet,
1015 327 1168 366 causam
1189 328 1334 366 interea
1353 335 1441 366 ante
1462 341 1553 366 eum
1576 329 1683 367 dice-

265 404 334 434 ret.
358 395 515 446 Qibus
536 408 608 447 ego
629 395 759 440 rebus,
780 394 877 447 quid
897 394 964 432 iste
985 394 1121 447 speret,
1142 402 1181 432 et
1197 408 1277 446 quo
1292 394 1471 432 animum
1493 395 1682 439 intendat,

263 460 378 500 facile
397 462 614 515 perspicio:
647 462 903 514 quamobrem
938 474 1028 499 vero
1050 460 1086 498 se
1116 460 1287 499 confidat
1320 461 1468 513 aliquid
1500 461 1682 514 perficere

261 527 380 582 posse,
412 528 488 567 hoc
509 528 723 567 Glabrione
753 529 933 573 Praetore‚
966 537 1005 566 et
1035 526 1111 566 hoc
1146 528 1319 573 consilio,
1354 528 1571 581 intelligere
1601 542 1680 566 non

262 595 431 648 possum.
463 597 602 634 Unum
622 595 722 633 illud
742 595 935 647 intelligo,
957 595 1062 647 quod
1082 594 1249 647 populus
1270 596 1473 633 Romanus
1494 596 1534 632 in
1556 596 1677 647 rejec-

262 661 369 700 tione
385 662 566 714 judicum
580 662 787 714 judicavit,
800 675 842 699 ea
862 660 925 714 spe
945 661 1063 699 istum
1082 659 1193 699 fuiffe
1211 661 1433 714 praeditum‚
1455 671 1497 699 ut
1518 675 1682 699 omnem

263 728 454 767 rationem
473 728 602 766 salutis
623 728 664 766 in
683 728 848 780 pecunia
866 737 1026 781 poneret
1038 746 1050 772 3
1073 726 1150 765 hoc
1170 738 1301 781 erepto
1321 728 1506 781 praefidio,
1526 738 1568 766 ut
1587 728 1679 766 nul-

263 792 340 831 lam
362 794 434 832 fibi
453 807 535 832 rem
555 793 780 847 adjumento
800 792 882 832 fore
901 793 1161 832 arbitraretur.

273 889 280 892 -
319 860 392 899 IV.
423 861 586 900 Etenim
616 861 722 914 quod
742 861 797 899 est
824 861 1030 914 ingenium
1060 861 1246 900 tantum?
1282 875 1368 914 quae
1397 870 1499 900 tanta
1518 861 1680 900 facultas

266 924 420 965 dicendi
434 936 477 967 >et
497 928 621 980 copia,
649 942 735 979 quae
755 928 862 966 istius
894 928 1030 973 vitam,
1066 937 1125 967 tot
1144 929 1248 966 vitiis
1270 928 1500 981 flagitiisque
1520 929 1680 966 convic-

266 999 361 1037 tam,
377 993 615 1045 jampridem
635 995 815 1030 omnium
836 995 1034 1032 voluntate
1049 996 1278 1047 judicioque
1298 996 1534 1040 damnatam,
1553 996 1682 1047 aliqua

267 1071 315 1096 ex
334 1067 441 1111 parte
461 1058 574 1111 poffit
594 1058 823 1097 defendere?
848 1060 970 1112 Cujus
991 1069 1034 1098 ut
1047 1060 1309 1099 adolescentiae
1322 1062 1492 1099 maculas
1505 1063 1680 1114 ignomi-

268 1123 424 1176 niasque
444 1134 689 1176 praeteream;
716 1125 916 1176 quaestura,
936 1126 1086 1177 primus
1107 1125 1246 1178 gradus
1267 1125 1440 1172 honoris,
1460 1127 1555 1178 quid
1576 1127 1682 1165 aliud

267 1188 385 1227 habet
404 1190 445 1228 in
466 1190 515 1235 se,
538 1191 606 1228 nifi
629 1192 704 1228 Cn.
730 1191 951 1228 Carbonem
977 1191 1186 1243 spoliatum
1213 1206 1234 1229 a
1254 1192 1450 1241 Qaestore
1471 1193 1537 1230 suo
1558 1207 1680 1244 pecu-

267 1255 331 1293 nia
345 1255 532 1308 publica?
555 1257 745 1294 nudatum
766 1265 803 1294 et
823 1256 1024 1308 proditum
1047 1256 1287 1294 Consulem?
1322 1257 1512 1295 desertum
1533 1259 1681 1296 exerci-

268 1321 377 1359 tum?
399 1321 573 1360 relictam
592 1322 867 1375 provinciam?
890 1321 998 1360 sortis
1019 1322 1351 1368 neceffitudinem,
1373 1323 1682 1376 religionemque

254 1387 480 1426 violatam?
502 1389 624 1440 Cujus
645 1389 786 1440 legatio
806 1389 973 1427 exitium
993 1388 1070 1427 fuit
1090 1389 1188 1428 Afiae
1208 1390 1342 1434 totius,
1360 1399 1397 1428 et
1414 1389 1654 1442 Pamphyliae
1671 1406 1679 1428 :

266 1454 410 1507 quibus
439 1454 480 1492 in
500 1454 710 1507 provinciis
731 1454 874 1494 multas
896 1455 1048 1499 domos,
1080 1456 1268 1507 plurimas
1290 1457 1417 1501 urbes,
1442 1458 1576 1494 omnia
1594 1456 1684 1495 fana

267 1520 515 1574 depeculatus
537 1520 603 1567 est,
639 1535 731 1560 cum
754 1521 795 1559 in
816 1522 893 1559 Cn.
917 1521 1166 1560 Dolabellam
1187 1521 1308 1561 scelus
1330 1523 1443 1561 suum
1464 1523 1563 1561 illud
1583 1523 1682 1576 pris-

267 1587 397 1625 tinum
418 1588 627 1633 renovavit,
658 1597 696 1626 et
726 1588 946 1626 instauravit
967 1588 1242 1641 quaestorium;
1275 1603 1368 1628 cum
1398 1604 1504 1635 eum,
1538 1590 1602 1628 cui
1624 1590 1682 1628 le-

267 1662 393 1706 gatus,
415 1664 453 1692 et
470 1669 539 1707 pro
560 1655 757 1706 Qaestore
776 1654 918 1699 fuisset,
948 1664 987 1692 et
1006 1657 1047 1693 in
1068 1656 1256 1694 invidiam
1277 1657 1351 1694 suis
1381 1656 1584 1694 maleficiis
1612 1657 1681 1694 ad-

267 1719 395 1765 duxit,
426 1729 463 1758 et
478 1721 519 1758 in
539 1720 628 1772 ipsis
648 1720 830 1773 periculis
852 1733 930 1759 non
951 1721 1077 1759 solum
1098 1720 1275 1765 deseruit,
1305 1721 1366 1759 sed
1388 1722 1505 1759 etiam
1526 1734 1681 1774 oppug-

266 1787 388 1832 navit,
420 1800 461 1824 ac
482 1786 666 1839 prodidit.
709 1788 831 1839 Cujus
853 1796 1016 1841 praetura
1040 1787 1186 1825 urbana
1207 1787 1348 1825 aedium
1369 1787 1558 1826 sacrarum
1589 1787 1680 1833 fuit,

267 1852 597 1905 publicorumque
631 1866 794 1905 operum
834 1853 1080 1907 depopulatio
1100 1872 1112 1898 5
1159 1853 1273 1891 fimul
1307 1854 1347 1891 in
1381 1855 1468 1905 jure
1502 1854 1681 1900 dicendo,

268 1919 462 1959 bonorum
492 1918 855 1973 poffeffionumque‚
898 1930 1032 1959 contra
1064 1920 1246 1959 omnium
1280 1921 1466 1966 instituta,
1498 1922 1680 1967 addictio,

268 1994 306 2023 et
324 1986 571 2024 condonatio.
605 1987 694 2037 Jam
714 2000 804 2024 vero
833 1988 1017 2025 omnium
1036 1987 1223 2025 vitiorum
1254 1986 1412 2025 suorum
1444 1987 1611 2039 plurima
1645 1998 1683 2025 et

270 2052 442 2090 maxima
475 2052 677 2091 constituit
711 2062 968 2091 monumenta
996 2063 1034 2091 et
1060 2053 1204 2091 indicia
1235 2054 1275 2091 in
1308 2054 1507 2106 provincia
1538 2054 1683 2099 Sicilia,

269 2131 388 2171 quam
410 2118 476 2155 iste
495 2132 562 2170 per
582 2119 794 2157 triennium
815 2120 868 2156 ita
887 2120 1039 2157 vexavit
1063 2133 1106 2157 ac
1126 2120 1307 2172 perdidit,
1340 2130 1382 2158 ut
1415 2134 1455 2157 ea
1476 2120 1620 2158 restitui
1641 2121 1683 2158 in

270 2184 476 2237 antiquum
496 2184 636 2222 statum
657 2185 768 2223 nullo
798 2186 916 2224 modo
936 2186 1049 2238 poffit
1067 2204 1078 2230 3
1112 2186 1176 2223 vix
1197 2196 1326 2224 autem
1357 2200 1423 2239 per
1444 2187 1589 2224 multos
1611 2200 1680 2223 an-

267 2263 351 2295 nos,
383 2250 682 2303 innocentesque
703 2252 886 2290 Praetores
917 2252 1046 2304 aliqua
1076 2266 1122 2290 cx
1154 2262 1259 2305 parte
1290 2254 1448 2291 recreari
1475 2252 1681 2303 aliquando

270 2316 371 2367 poffe
401 2317 585 2355 videatur.
632 2318 724 2355 Hoc
756 2318 921 2356 Praetore
953 2318 1086 2363 Siculi,
1126 2332 1250 2371 neque
1282 2319 1361 2356 suas
1398 2319 1511 2369 lege-S,
1555 2330 1680 2367 neque

272 2393 394 2420 noltra
421 2383 781 2429 senatus-consulta,
814 2373 940 2437 neque
960 2386 1187 2423 communia
1208 2386 1295 2435 jura
1326 2392 1557 2421 tenuerunt:
1592 2391 1678 2420 tan-

273 2455 359 2484 turn
391 2449 551 2501 quisque
582 2448 698 2488 habet
729 2451 769 2488 in
802 2451 944 2496 Sicilia,
976 2460 1166 2503 quantum
1200 2450 1371 2487 hominis
1406 2448 1606 2485 avariffimi
1642 2458 1680 2485 et

274 2512 571 2554 libidinofiffimi
591 2525 656 2553 aut
683 2516 984 2568 imprudentiam
1007 2514 1252 2567 subterfugit,
1284 2524 1347 2553 aut
1368 2514 1527 2553 satietati
1549 2514 1680 2567 super-

273 2576 364 2617 fuit.
