2201 2792
730 128 1271 168 DIVINATIO.
1652 145 1724 185 115

322 229 477 268 tandem
497 225 599 271 esset,
631 225 699 278 qui
720 239 855 265 meum
876 225 1023 265 faitum
1053 235 1119 265 aut
1138 225 1344 265 confilium
1373 227 1491 279 posset
1518 227 1726 281 reprehen-

318 295 407 332 dere
425 295 438 330 ?

376 360 450 398 ΙΙΙ.
488 359 596 410 Qid
618 359 684 404 est,
718 372 788 412 pro
819 358 968 405 Deum,
1004 358 1293 412 hominumque
1313 359 1456 397 fidem!
1498 359 1538 396 in
1560 372 1637 411 quo
1657 372 1729 411 ego

320 425 543 479 reipublicae
574 426 661 478 plus
682 425 758 464 hoc
780 435 953 479 ternpore
981 425 1149 478 prodesse
1183 425 1349 478 poffim?
1382 425 1491 477 Qid
1521 425 1588 470 est,
1624 425 1729 476 quod

318 501 385 530 aut
404 492 550 545 populo
570 493 752 530 Romano
771 493 915 544 gratius
936 491 1007 530 effe
1027 492 1176 536 debeat,
1196 501 1261 529 aut
1281 491 1406 537 sociis,
1429 491 1640 543 exterisque
1661 503 1728 527 na-

320 557 493 596 tionibus
531 558 699 611 optatius
736 557 810 596 effe
845 557 972 612 poffit,
1004 566 1069 597 aut
1107 557 1232 603 saluti,
1277 556 1519 610 fortunisque
1548 556 1731 595 omnium

322 625 446 677 magis
472 624 813 663 accommodatum
847 625 922 662 fit?
954 624 1165 678 Populatae,
1200 632 1357 670 vexatae,
1393 623 1569 662 funditus
1600 621 1731 660 eversae

320 691 556 743 provinciae:
590 691 693 736 socii,
725 691 1037 744 stipendiariique
1065 690 1203 745 populi
1223 690 1395 729 Romani
1415 689 1562 734 afflieri,
1586 687 1731 731 miseri,

315 756 400 808 jam
421 771 499 795 non
519 757 648 795 salutis
668 757 788 812 spem,
819 757 883 795 sed
903 757 1012 796 exitii
1033 757 1227 802 solatium,
1250 765 1440 809 quaerunt.
1487 754 1570 806 Qi
1585 753 1734 806 judicia

323 835 476 860 manere
506 822 607 876 apud
626 823 804 861 ordinem
825 823 1057 862 senatorium
1077 823 1228 868 volunt,
1259 831 1476 875 queruntur
1500 818 1733 859 accusatores

324 887 359 925 se
378 888 536 927 idoneos
557 902 636 928 non
655 888 795 928 habere
812 904 821 928 :
853 889 923 942 qui
943 888 1115 928 accusare
1134 888 1303 943 possunt,
1331 888 1572 942 judiciorum
1594 885 1733 924 severi-

326 962 444 992 tatem
465 955 687 993 desiderant.
738 956 911 1008 Populus
932 956 1135 995 Romanus
1155 956 1310 1001 interea,
1344 954 1493 994 tametfi
1515 953 1650 992 multis
1671 951 1734 988 in-

325 1020 546 1058 commodis
577 1020 947 1072 difficultatibusque
978 1021 1134 1060 affeetus
1155 1022 1222 1067 est,
1259 1031 1390 1060 tamen
1421 1019 1522 1059 nihil
1556 1031 1663 1071 aeque
1694 1018 1736 1055 in

328 1087 539 1138 republica,
571 1096 685 1138 atque
717 1086 825 1125 illam
856 1096 1023 1125 veterem
1049 1087 1292 1140 judiciorum
1322 1087 1405 1125 vim
1431 1086 1737 1138 gravitatemque

328 1152 503 1203 requirit.
535 1152 783 1201 judiciorum
803 1153 987 1190 desiderio
1009 1153 1211 1191 tribunitia
1236 1152 1399 1205 potestas
1420 1151 1626 1204 efflagitata
1655 1149 1707 1187 est
1726 1163 1736 1187 ε

319 1217 565 1268 judiCiorum
586 1217 739 1255 levitate
759 1217 853 1256 ordo
872 1231 1030 1270 quoque
1058 1219 1154 1256 alius
1175 1218 1222 1255 ad
1243 1231 1298 1255 res
1320 1217 1547 1269 judicandas
1568 1215 1738 1268 postula-

328 1291 417 1320 tur:
444 1282 627 1335 judicum
660 1282 776 1335 culpa
811 1291 926 1335 atque
960 1282 1144 1321 dedecore
1177 1282 1295 1320 etiam
1329 1280 1547 1320 censorium
1579 1292 1737 1324 nomen,

326 1348 435 1400 quod
454 1348 619 1402 asperius
654 1357 763 1387 antea
782 1349 931 1402 populo
961 1349 1081 1387 videri
1102 1348 1259 1394 solebat,
1291 1347 1331 1386 id
1361 1360 1466 1386 nunc
1486 1345 1670 1400 poscitur,
1700 1345 1741 1383 id

251 1408 256 1411 ’
322 1415 406 1466 jam
423 1415 608 1468 populare
623 1423 738 1466 atque
757 1415 957 1466 plaufibile
975 1414 1125 1454 facturn
1146 1414 1213 1454 est.

384 1481 431 1519 In
450 1480 523 1519 hac
543 1480 707 1519 libidine
726 1478 938 1518 hominum
959 1480 1334 1525 nocentiffimorum,
1356 1479 1397 1518 in
1418 1478 1553 1532 populi
1570 1476 1743 1516 Romani

327 1544 552 1599 quotidiana
573 1546 830 1599 querimonia,
845 1546 1086 1598 judiciorum
1107 1544 1282 1591 infamia,
1306 1545 1425 1583 totius
1446 1544 1590 1583 ordinis
1615 1542 1742 1582 offen-

329 1612 446 1658 fione,
464 1627 558 1651 cum
570 1612 645 1651 hoc
666 1626 790 1651 unum
810 1612 871 1651 his
893 1622 951 1652 tot
970 1613 1234 1651 incommodis
1252 1611 1471 1651 remedium
1489 1610 1562 1649 effe
1581 1610 1742 1648 arbitra-

331 1691 405 1724 rer,
423 1687 467 1717 ut
482 1678 661 1717 homines
677 1678 806 1716 idonei
825 1688 941 1730 atque
960 1679 1101 1731 integri
1122 1678 1272 1716 causam
1289 1677 1510 1730 reipublicae
1530 1676 1743 1728 legumque

331 1744 591 1798 susciperent;
622 1742 756 1789 fateor,
780 1758 857 1790 me,
888 1744 1016 1782 salutis
1044 1744 1227 1782 omnium
1248 1743 1369 1787 causa,
1402 1742 1447 1779 ad
1478 1754 1562 1779 eam
1594 1749 1742 1793 partem

332 1810 516 1848 acceffiffe
537 1809 759 1862 reipublicae
775 1809 1027 1855 sublevandae,
1050 1823 1134 1862 quae
1155 1809 1326 1848 maxime
1346 1807 1546 1845 laboraret.

388 1877 525 1921 Nunc,
548 1876 750 1929 quoniam,
772 1877 914 1928 quibus
936 1877 1047 1915 rebus
1068 1876 1254 1914 addustus
1275 1875 1321 1913 ad
1339 1873 1491 1912 causam
1511 1871 1741 1916 accesserim,

332 1944 603 1988 demonstravi,
636 1943 846 1982 dicendum
882 1943 1083 1982 neceffario
1114 1943 1166 1981 est
1196 1942 1243 1980 de
1263 1940 1512 1980 contentione
1533 1938 1668 1984 nostra,
1700 1948 1743 1976 ut

335 2011 376 2047 in
396 2009 664 2048 constituendo
685 2010 913 2056 accusatore,
939 2010 1035 2063 quid
1056 2009 1161 2062 sequi
1182 2008 1341 2062 poffitis,
1369 2006 1554 2045 habeatis.
1587 2006 1675 2058 Ego
1694 2005 1744 2042 fic

336 2075 528 2127 intelligo,
545 2075 727 2126 Judices:
750 2089 843 2114 curn
864 2077 910 2114 de
931 2076 1104 2129 pecuniis
1127 2074 1345 2127 repetundis
1367 2086 1509 2111 nornen
1529 2071 1744 2124 cujuspiam

335 2139 542 2185 deferatur,
574 2140 599 2178 fi
620 2149 815 2180 certamen
846 2142 946 2180 inter
978 2142 1126 2194 aliquos
1155 2141 1215 2186 fit,
1245 2141 1310 2179 cui
1342 2139 1583 2194 potifiimum
1603 2137 1744 2174 delatio

336 2207 460 2253 detur,
491 2206 573 2246 haec
594 2207 672 2246 duo
703 2207 742 2245 in
764 2208 899 2261 primis
921 2207 1076 2262 spectari
1107 2216 1281 2261 oportere
1296 2225 1308 2252 ς
1341 2219 1460 2259 quem
1489 2203 1658 2243 maxime
1681 2215 1742 2238 ve-

337 2274 413 2313 lint
431 2275 597 2313 a&orem
618 2274 688 2313 effe
709 2275 751 2320 ii,
783 2275 926 2327 quibus
947 2273 1053 2313 factae
1073 2274 1144 2313 effe
1165 2274 1341 2313 dicantur
1362 2272 1538 2324 injuriae;
1569 2277 1606 2306 et
1627 2279 1744 2319 quem

339 2341 505 2380 minime
524 2341 616 2380 velit
637 2343 683 2387 is,
715 2342 784 2394 qui
803 2355 862 2380 eas
883 2342 1039 2395 injurias
1060 2341 1186 2380 fecifl‘e
1207 2350 1398 2394 arguatur.

395 2408 468 2446 IV.
491 2409 537 2446 In
557 2407 629 2447 hac
649 2409 771 2454 causa,
793 2409 964 2460 Judices,
987 2408 1135 2447 tametfi
1158 2417 1368 2457 utrumque
1390 2403 1459 2440 effe
1480 2400 1641 2439 arbitror
1658 2413 1741 2452 per-

344 2471 534 2523 spicuum,
570 2482 699 2513 tamen
721 2474 768 2512 de
795 2484 959 2527 utroque
991 2475 1132 2518 dicam,
1168 2482 1205 2511 et
1237 2472 1282 2510 de
1303 2483 1347 2508 eo
1368 2469 1487 2521 prius,
1519 2468 1624 2520 quod
1645 2465 1745 2518 apud

1374 2536 1443 2573 1³2
