2201 2792
669 192 804 230 PRO
863 193 913 230 A.
975 193 1286 232 CAECINA.
1625 210 1699 250 523

309 289 522 341 possideret,
553 299 638 328 turn
659 290 852 343 dejectum
870 305 878 329 z
912 304 960 329 ne
989 291 1027 329 id
1048 291 1211 343 quidem
1232 292 1317 329 satis
1339 293 1403 336 est,
1428 293 1494 330 nisi
1517 293 1629 331 docet
1650 294 1703 331 ita

309 355 344 393 se
364 356 572 408 poffediffe,
595 366 638 394 ut
658 370 728 394 nec
749 357 801 401 vi,
825 370 895 395 nec
915 357 1032 402 clam,
1065 371 1136 395 nec
1157 358 1342 410 precario,
1369 358 1584 410 poffederit.
1623 360 1700 397 Ita-

308 435 384 473 que
403 424 449 467 is,
472 423 539 475 qui
560 422 595 460 se
615 423 811 461 restituiss'e
831 424 943 468 dixit,
961 437 1100 476 magna
1120 438 1212 462 voce
1228 424 1321 477 saepe
1342 425 1518 463 confiteri
1540 425 1646 470 solet,
1667 425 1702 463 se

308 488 345 524 vi
366 485 563 540 dejeciffe3
588 502 721 526 verum
741 489 840 527 illud
861 489 980 534 addit,
1003 490 1098 528 Non
1117 489 1350 542 poffidebat:
1375 490 1432 528 vel
1454 491 1587 535 etiam,
1610 504 1703 528 cum

308 553 383 592 hoc
405 555 531 608 ipsum
552 555 746 600 conceffit‚
767 556 890 594 vincit
911 565 1039 594 tamen
1060 556 1270 608 sponsione,
1298 557 1324 594 fi
1345 557 1507 609 planum
1526 556 1633 603 facit,
1655 558 1702 595 ab

308 620 344 658 se
364 621 477 659 illum
500 632 565 660 aut
585 622 635 666 vi,
657 630 722 659 aut
741 622 858 666 clam,
880 631 945 659 aut
964 622 1148 674 precario,
1170 622 1377 674 poffediffe.

366 687 575 732 Videtisne,
613 696 710 740 quot
730 687 1014 726 defenfionibus
1044 702 1149 733 eum,
1179 689 1245 741 qui
1266 689 1343 727 fine
1362 690 1477 728 armis
1498 703 1540 728 ac
1561 690 1701 728 multi-

308 752 441 791 tudine
460 753 542 791 vim
562 751 711 798 fecerit,
735 754 792 791 uti
812 753 914 806 posse
933 755 1094 806 majores
1115 754 1320 793 voluerunt
1337 755 1350 791 ?
1381 754 1487 793 hunc
1508 768 1610 800 vero,
1633 757 1702 807 qui

307 819 354 857 ab
370 820 470 872 jure,
492 819 636 863 officio,
659 819 770 858 bonis
792 820 981 865 moribus,
1015 820 1062 858 ad
1082 819 1242 865 ferrum,
1275 820 1320 859 ad
1341 834 1458 866 arma,
1491 821 1538 859 ad
1557 821 1702 860 caedem

306 885 539 938 confugerit,
562 886 713 924 nudum
732 886 774 924 in
804 886 914 924 causa
934 886 1238 939 destitutumque
1267 887 1403 925 videtis
1423 902 1432 926 z
1465 896 1521 932 ut,
1543 888 1613 940 qui
1641 901 1701 926 ar—

307 960 434 990 matus
455 952 501 990 de
517 951 737 1005 poffeffione
752 952 1015 998 contendisset,
1033 953 1191 991 inermis
1208 952 1321 1006 plane
1338 954 1385 991 de
1399 954 1598 1007 sponsione
1617 967 1701 992 cer—

307 1026 416 1056 taret.
451 1018 606 1070 Ecquid
624 1019 744 1072 igitur
762 1019 930 1065 Interest,
952 1019 1051 1064 Piso,
1076 1019 1178 1058 inter
1197 1019 1278 1058 haec
1298 1020 1498 1058 interdicta
1515 1020 1529 1057 ?
1561 1022 1702 1073 ecquid

306 1084 474 1130 interest,
498 1095 630 1124 utrum
649 1085 726 1124 hoc
745 1086 934 1131 additum,
957 1088 1063 1124 Cum
1082 1088 1133 1125 A.
1150 1087 1304 1125 Caecina
1323 1086 1538 1140 possederit,
1555 1088 1699 1126 necne?

306 1152 447 1204 ecquid
468 1162 505 1191 te
524 1153 619 1191 ratio
633 1153 748 1205 juris,
780 1154 921 1206 ecquid
939 1153 1234 1192 interdi&orum
1253 1154 1537 1199 diffimilitudo,
1560 1155 1701 1207 ecquid

307 1219 509 1258 auctoritas
530 1220 737 1271 majorum,
759 1221 1010 1258 commovet?
1043 1221 1080 1258 Si
1101 1220 1189 1258 esset
1209 1221 1410 1266 additum3
1442 1221 1489 1259 de
1515 1234 1561 1259 eo
1581 1222 1700 1274 quaeri

306 1292 499 1337 oporteret
517 1300 526 1323 :
557 1285 734 1324 additum
756 1299 834 1324 non
853 1286 905 1324 est
920 1305 932 1331 ς
965 1295 1095 1324 tamen
1114 1287 1311 1339 oportebit
1328 1287 1341 1324 ?

361 1353 496 1403 Atque
514 1365 587 1404 ego
606 1352 646 1390 in
667 1350 743 1391 hoc
764 1353 960 1392 Caecinam
982 1366 1060 1392 non
1087 1352 1266 1392 defendo.
1299 1352 1465 1392 Poffedit
1487 1353 1592 1391 enim
1613 1354 1700 1392 Cae-

305 1416 406 1462 cina,
429 1418 729 1470 Recuperatores
746 1433 754 1457 :
787 1427 826 1456 et
845 1418 898 1463 id,
929 1418 1077 1456 tametsi
1097 1427 1203 1456 extra
1222 1418 1373 1457 causam
1393 1418 1460 1464 est,
1480 1432 1701 1471 percurram

306 1491 438 1521 tamen
469 1484 589 1528 brevi,
625 1492 668 1521 ut
699 1497 776 1522 non
808 1484 938 1522 minus
958 1483 1161 1522 hominem
1192 1484 1335 1537 ipsum,
1370 1497 1487 1537 quam
1502 1486 1567 1536 jus
1588 1498 1699 1523 corn-

307 1562 440 1594 mune,
462 1547 662 1587 defensum
680 1550 822 1588 velitis.
855 1549 1092 1588 Caesenniam
1113 1549 1307 1602 possedisse
1326 1564 1394 1603 per
1416 1550 1600 1589 colonum
1622 1564 1701 1590 non

306 1628 447 1668 negas:
491 1615 559 1668 qui
589 1615 748 1653 colonus
780 1614 918 1654 habuit
950 1616 1188 1654 conductum
1219 1616 1266 1653 de
1292 1617 1487 1655 Caesennia
1514 1616 1698 1656 fundum.

307 1683 414 1720 Cum
434 1682 537 1720 idem
568 1695 615 1719 ex
635 1682 767 1720 eadem
798 1683 1053 1721 conductione
1073 1682 1190 1721 fuerit
1221 1683 1261 1720 in
1281 1682 1417 1727 fundo,
1445 1684 1610 1721 dubium
1632 1684 1698 1729 est,

307 1750 418 1801 quin,
454 1748 479 1786 fi
503 1748 698 1787 Caesennia
728 1758 811 1786 tum
833 1749 1054 1802 possidebat,
1088 1763 1180 1787 curn
1211 1758 1288 1787 erat
1314 1750 1473 1788 colonus
1500 1750 1539 1787 in
1561 1749 1697 1795 fundo,

305 1815 388 1867 post
408 1816 489 1867 ejus
510 1824 677 1853 mortem
698 1814 806 1853 heres
828 1816 963 1854 eodem
978 1817 1065 1867 jure
1085 1815 1286 1868 possederit
1305 1816 1318 1853 ?
1341 1816 1493 1854 Deinde
1511 1816 1588 1868 ipse
1609 1818 1697 1855 Cae-

306 1883 406 1927 cina,
427 1894 520 1919 curn
541 1881 721 1919 circuiret
741 1883 893 1933 praedia,
926 1882 1030 1919 venit
1060 1882 1100 1919 in
1122 1881 1236 1920 istum
1267 1881 1436 1920 fundum
1454 1901 1464 1927 3
1497 1883 1659 1921 rationes
1680 1897 1700 1921 a

306 1948 446 1987 colono
465 1948 613 2001 accepit
631 1963 639 1986 :
663 1947 806 1986 suntin
827 1962 911 1986 eam
932 1962 1013 1986 rem
1035 1948 1266 1987 testimonia.
1295 1948 1425 1986 Postea
1440 1962 1521 1993 cur,
1545 1949 1698 1995 AEbuti,

306 2014 352 2052 de
383 2014 453 2052 isto
484 2014 613 2067 potius
646 2013 784 2059 fundo,
820 2028 939 2066 quam
971 2015 1017 2052 de
1048 2015 1137 2059 alio,
1170 2015 1196 2052 fi
1231 2028 1348 2066 quem
1369 2014 1500 2060 habes,
1536 2016 1699 2054 Caecinae

306 2080 555 2118 denuntiabas
570 2108 581 2124 ‚
628 2079 654 2117 fi
694 2080 848 2118 Caecina
885 2094 962 2118 non
993 2080 1202 2133 poffidebat
1225 2081 1238 2117 ?
1280 2080 1363 2134 Ipse
1395 2094 1510 2133 porro
1546 2082 1699 2120 Caecina

305 2160 374 2185 cur
394 2146 429 2184 se
450 2146 625 2184 moribus
646 2145 785 2184 deduci
807 2146 984 2191 volebat3
1017 2147 1134 2198 idque
1155 2146 1226 2184 tibi
1254 2147 1299 2184 de
1320 2148 1549 2193 amicorum,
1581 2148 1696 2185 etiam

306 2213 354 2251 de
372 2213 487 2266 ipsius
505 2214 552 2251 C.
569 2212 737 2265 Aquini,
754 2211 939 2250 sententia
958 2212 1225 2265 responderat?
1247 2214 1303 2251 At
1323 2214 1426 2251 enim
1450 2213 1550 2264 Sylla
1570 2212 1695 2265 legem

306 2279 410 2318 tulit.

361 2345 557 2383 XXXIII.
590 2346 648 2383 Ut
680 2343 779 2382 nihil
801 2345 847 2382 de
867 2344 936 2382 illo
958 2354 1143 2397 tempore,
1177 2344 1275 2382 nihil
1311 2344 1356 2381 de
1383 2343 1597 2380 calamitate
1619 2344 1693 2380 rei—

306 2411 486 2464 publicae,
507 2424 656 2463 querar,
677 2410 752 2449 hoc
769 2412 841 2449 tibi
858 2411 1088 2463 respondeo:
1112 2409 1337 2461 adscripsisse
1354 2409 1518 2446 eundem
1551 2410 1694 2460 Syllam

309 2477 350 2515 in
369 2477 530 2516 eandem
550 2477 692 2530 legem,
724 2477 768 2515 Si
783 2476 938 2529 quidjus
957 2491 1025 2514 nm
1047 2476 1122 2528 slsis
1143 2477 1280 2527 rogari,
1303 2476 1373 2525 ejus
1391 2489 1431 2513 ea
1456 2476 1529 2527 lige
1547 2475 1694 2515 nihilum

1232 2542 1264 2577 V
1287 2555 1307 2578 v
1331 2555 1350 2578 v
1374 2554 1395 2578 2
