2201 2792
440 133 514 174 132
681 119 761 160 IN
818 121 887 171 Q
932 118 1306 162 CAECILIUM
1361 121 1587 164 D1v1N.

430 219 530 267 haec,
560 233 646 274 quae
666 220 762 266 dixi,
794 220 955 260 retinere
974 234 1041 274 per
1065 222 1260 275 populum
1278 222 1507 262 Romanum
1538 222 1765 269 incolumia,
1794 237 1843 265 ac

430 287 529 327 salva
560 287 744 341 poffimus
758 306 771 334 3
802 287 830 327 fi
862 288 1061 328 tantulum
1080 288 1284 336 offensum,
1306 290 1598 344 titubatumque
1623 290 1683 336 fit,
1716 299 1762 329 ut
1779 304 1840 338 ea,

429 368 516 407 quae
535 353 758 407 fingulatim
777 368 820 394 ac
839 355 907 394 diu
926 354 1086 395 collecta
1104 355 1206 403 sunt,
1236 370 1316 396 uno
1345 365 1519 411 ternpore
1547 357 1721 397 universa
1746 370 1839 411 per-

432 419 582 459 damus.

486 487 744 540 Qapropter,
765 486 937 539 judices,
968 487 1135 526 vestrum
1168 487 1221 526 est
1250 488 1429 542 deligere,
1463 502 1584 542 quem
1609 488 1836 529 existimetis

427 551 618 592 facillime
649 553 754 606 poffe
787 554 1099 608 magnitudinem
1132 554 1251 594 causae
1283 568 1326 593 ac
1357 555 1499 608 judicii
1529 555 1711 594 sustinere
1743 555 1834 602 fide,

428 618 645 672 diligentia,
666 620 840 667 confilio,
860 621 1098 660 auctoritate.
1129 621 1210 660 Vos
1241 622 1267 661 fi
1288 620 1390 661 mihi
1410 622 1478 674 Q
1494 617 1700 661 Caecilium
1725 630 1836 661 ante-

427 685 646 738 posueritis,
671 699 744 740 ego
762 700 827 726 me
846 687 1034 741 dignitate
1053 688 1274 741 superatum
1292 701 1373 727 non
1398 688 1611 728 arbitrabor
1621 706 1634 735 3
1665 687 1835 742 populus

427 751 632 791 Romanus
652 767 701 792 ne
721 763 800 793 tam
820 754 1034 800 honestam,
1065 764 1148 794 tam
1175 755 1352 802 severam,
1383 755 1692 809 diligentemque
1715 766 1834 793 accu-

427 817 628 864 sationem,
648 833 774 873 neque
794 821 903 862 vobis
923 821 1117 876 placuisse,
1134 835 1260 876 neque
1277 821 1405 862 ordini
1424 822 1545 863 vestro
1559 821 1709 876 placere
1728 819 1835 860 arbi·

426 890 563 931 tretur,
583 885 794 939 providete.

491 1248 1764 1327 PROOEMIUM

618 1441 982 1489 PRIMAE
1071 1443 1636 1489 ACTIONIS

548 1622 694 1680 IN
813 1620 881 1677 C.
999 1619 1695 1711 VERREM.

888 1816 1244 1856 ORATIO
1301 1818 1354 1857 V.

624 2008 671 2046 ad
691 2008 877 2046 invidiam
898 2008 1007 2046 vestri
1028 2008 1187 2054 ordinis,
1209 2008 1489 2063 infamiamque
1502 2011 1743 2062 judiciorum
1764 2011 1823 2050 se-

624 2074 788 2112 dandam
820 2075 989 2113 maxime
1021 2075 1251 2128 pertinebat,
1280 2076 1321 2115 id
1350 2091 1429 2116 non
1454 2076 1627 2116 humano
1646 2078 1820 2123 consilio,

421 2139 479 2178 sed
496 2152 614 2192 prope
626 2140 811 2178 divinitus
828 2140 962 2178 datum
983 2150 1097 2194 atque
1112 2142 1288 2180 oblatum
1304 2143 1412 2182 vobis
1429 2143 1584 2183 summo
1599 2143 1823 2197 reipublicae

419 2215 590 2258 tempore
609 2206 774 2244 videtur.
807 2207 1036 2245 Invcteravit
1056 2208 1163 2246 enim
1178 2211 1261 2262 jam
1281 2210 1414 2262 opinio
1433 2209 1642 2263 perniciosa
1659 2208 1820 2260 reipub-

418 2270 513 2316 licae,
548 2271 732 2324 vobisque
764 2272 973 2325 periculosa
990 2292 1001 2317 ;
1034 2287 1118 2325 quas
1138 2288 1216 2312 non
1237 2275 1355 2313 modo
1386 2276 1539 2320 Romae,
1570 2274 1632 2311 sed
1651 2283 1688 2311 et
1719 2273 1821 2326 apud

416 2347 560 2375 exteras
582 2339 767 2383 nationes,
799 2339 978 2377 omnium
999 2339 1171 2378 sermone
1198 2341 1430 2393 percrebuit,
1460 2339 1521 2378 his
1537 2340 1710 2391 judiciis,
1734 2353 1820 2392 quse

418 2416 519 2441 nunc
540 2404 625 2449 sint,
662 2405 910 2458 pecuniosum
931 2404 1150 2451 hominem,
1182 2407 1357 2458 quamvis
1378 2407 1423 2445 fit
1441 2419 1597 2451 nocens,
1620 2405 1819 2444 neminem

416 2469 517 2520 posse
537 2470 724 2513 damnari.
756 2472 892 2518 Nune,
922 2472 962 2512 in
982 2472 1064 2527 ipso
1083 2472 1304 2512 discrimine
1325 2474 1482 2520 ordinis,
1500 2473 1821 2528 judiciorumque

426 1951 451 1985 Ι,
463 1942 682 2091 QUO
695 1943 732 1980 D
761 1950 838 1980 erat
858 1942 1073 1995 optandum
1093 1944 1278 1990 maxime,
1300 1943 1471 1996 Judices,
1493 1952 1544 1991 et,
1572 1945 1677 1998 quod
1697 1957 1823 1985 unum
