2201 2792
713 188 851 226 PRo
910 188 962 226 A.
1023 189 1335 230 CAECINA.
1637 211 1713 250 517

317 286 407 338 jure
428 286 613 340 mancipii
632 286 718 333 sint,
749 301 791 325 ea
810 288 971 341 possisne
990 289 1181 328 retinere?
1213 291 1238 328 s1
1258 304 1395 344 parum
1417 293 1461 331 fit
1487 298 1713 334 communi—

324 363 410 392 tum
425 354 519 405 jus?
550 354 576 392 fi
607 355 714 392 civili
734 368 777 393 ac
798 356 954 407 publica
973 356 1057 408 lege
1077 366 1210 395 contra
1229 358 1391 410 alicujus
1412 362 1573 412 gratiam
1596 364 1714 401 teneri

321 434 402 458 non
422 421 571 473 potest?
599 421 722 472 Qid,
745 422 919 474 inquam,
941 423 1091 475 prodest
1110 422 1279 462 fundum
1299 424 1452 472 habere,
1476 428 1515 473 fi,
1539 442 1624 480 quae
1645 430 1713 467 de-

320 488 536 527 centiffima
554 488 739 542 descripta
756 503 779 527 a
797 490 1006 542 majoribus
1021 491 1108 543 jura
1124 491 1576 545 finium‚-poffeffionum,
1594 510 1712 549 aqua-

320 567 423 599 rum,
444 554 708 607 itinerumque
727 555 828 601 sunt,
846 555 927 593 haec
947 556 1161 608 perturbari
1177 557 1303 609 aliqua
1323 559 1467 597 ratione
1487 572 1711 600 commuta-

318 620 430 672 rique
459 620 641 673 poffunt?
672 620 781 659 Mihi
812 622 981 665 credite;
1014 623 1137 673 major
1154 621 1342 661 hereditas
1374 627 1477 663 venit
1499 628 1712 680 unicuique

320 686 500 731 vestrum,
521 687 562 723 in
582 686 718 724 iisdem
735 687 860 731 bonis,
882 700 902 723 a
915 687 1002 738 jure
1022 695 1060 725 et
1077 701 1098 724 a
1115 688 1281 740 legibus,
1298 703 1415 741 quam
1436 692 1483 729 ab
1503 692 1563 737 iis,
1579 707 1599 730 a
1619 695 1709 746 qui-

318 751 390 790 bus
409 752 476 790 illa
493 752 574 805 ipsa
593 752 692 790 bona
711 753 840 790 relie‘ta
859 753 960 791 sunt.
984 753 1105 798 Nam,
1123 763 1167 792 ut
1186 757 1381 807 perveniat
1400 758 1446 795 ad
1466 772 1529 796 me
1548 758 1706 805 fundus,

316 818 543 857 testamento
562 819 724 871 alicujus
745 819 827 857 fieri
846 819 991 871 potest:
1015 828 1058 858 ut
1077 821 1260 859 retineam
1282 824 1387 874 quod
1407 837 1541 862 meum
1562 824 1707 864 faetum

315 884 374 930 fit,
406 884 483 922 fine
497 886 585 936 jure
604 885 711 922 civili
731 899 809 923 non
839 885 974 938 potest.
1006 886 1167 925 Fundus
1187 900 1207 924 a
1236 898 1342 940 patre
1362 889 1527 942 relinqui
1553 892 1675 942 potest
1695 908 1703 930 :

314 960 352 988 at
372 950 553 1003 usucapio
572 950 700 996 fundi,
721 950 798 989 hoc
817 951 885 996 est,
905 951 994 989 finis
1014 951 1299 998 sollicitudinis,
1315 967 1357 992 ac
1375 956 1539 1006 periculi
1557 957 1704 1002 litium,

313 1030 392 1055 non
412 1030 433 1054 a
452 1027 558 1070 patre
573 1017 817 1070 relinquitur,
835 1018 897 1056 sed
917 1032 936 1056 a
952 1018 1117 1071 legibus.
1140 1021 1418 1071 AquaedustuS‚
1433 1020 1602 1067 haustus,
1618 1025 1701 1069 iter,

313 1085 431 1129 a&us‚
453 1098 474 1122 a
492 1093 623 1137 patre:
654 1084 717 1122 sed
737 1094 815 1123 rata
833 1085 1033 1123 auctoritas
1053 1084 1192 1124 harum
1222 1100 1350 1124 rerum
1380 1089 1561 1126 omnium
1583 1104 1601 1127 a
1616 1092 1704 1142 jure

312 1150 420 1189 civili
440 1150 616 1189 sumitur.
647 1152 892 1204 Qapropter
911 1165 991 1190 non
1014 1152 1144 1190 minus
1165 1152 1369 1205 diligenter
1385 1167 1440 1199 ea,
1469 1169 1553 1206 quae
1578 1170 1598 1193 a
1618 1171 1701 1194 ma-

304 1217 457 1268 joribus
486 1217 694 1270 accepistis,
726 1218 884 1270 publica
914 1219 1144 1271 patrimonia
1166 1220 1279 1270 juris,
1313 1233 1429 1272 quam
1463 1222 1618 1273 privatae
1649 1225 1701 1261 rei

310 1283 451 1329 vestrae,
472 1284 633 1322 retinere
659 1283 831 1322 debetis:
864 1298 942 1322 non
962 1284 1086 1322 solum
1115 1285 1221 1337 quod
1252 1285 1333 1324 haec
1357 1287 1444 1338 jure
1464 1288 1570 1325 civili
1599 1289 1702 1342 septa

308 1348 396 1388 sunt
410 1369 423 1395 5
455 1350 516 1388 sed
535 1350 652 1387 etiam
673 1351 778 1402 quod
797 1351 1077 1404 patrimonium
1108 1352 1222 1389 unius
1243 1351 1497 1391 incommodo
1527 1354 1697 1393 dimitti-

308 1416 463 1467 tur2jus
484 1415 613 1454 amitti
635 1428 711 1454 non
731 1416 855 1468 potest
874 1416 950 1454 fine
969 1430 1113 1468 magno
1133 1417 1386 1455 incommodo
1405 1419 1585 1457 civitatis.

352 1482 525 1522 XXVII.
558 1484 604 1520 In
624 1482 696 1521 hac
717 1483 794 1534 ipsa
813 1483 933 1527 causa,
956 1483 1271 1534 Recuperatores,
1293 1484 1319 1521 fi
1341 1483 1415 1521 hoc
1437 1499 1504 1523 nos
1525 1499 1602 1524 non
1623 1488 1696 1525 ob-

307 1547 534 1592 tinebimus,
555 1548 606 1592 vi,
629 1548 782 1585 armatis
804 1546 1045 1591 hominibus,
1069 1548 1259 1599 deje&um
1285 1549 1355 1587 effe
1375 1563 1480 1595 eum,
1504 1565 1619 1603 quem
1643 1553 1694 1598 vi,

304 1614 458 1651 armatis
483 1612 726 1658 hominibus,
761 1613 914 1666 pulsum
949 1613 1208 1666 fugatumque
1240 1614 1311 1652 effe
1340 1616 1508 1661 conste13
1543 1618 1696 1656 Caecina

303 1693 387 1718 rem
407 1694 485 1718 non
506 1681 671 1725 amittet,
703 1693 820 1732 quam
839 1680 959 1732 ipsam
981 1681 1112 1718 animo
1131 1679 1237 1725 forti,
1269 1680 1296 1718 fi
1317 1689 1470 1734 tempus
1492 1683 1543 1720 ita
1563 1682 1691 1729 ferret,

303 1746 496 1784 amitteret
514 1760 522 1784 :
554 1746 595 1783 in
628 1745 889 1798 poffeffionem
911 1746 952 1783 in
982 1745 1176 1797 praesentia
1208 1759 1285 1783 non
1317 1746 1533 1785 restituetur
1547 1766 1560 1791 3
1593 1748 1692 1787 nihil

302 1811 483 1864 amplius.
507 1811 647 1864 Populi
669 1811 840 1850 Romani
860 1811 981 1856 causa,
998 1811 1163 1849 civitatis
1178 1811 1257 1862 jus,
1272 1811 1384 1856 bona,
1402 1811 1579 1858 fortunae,
1600 1814 1689 1866 pos-

300 1877 559 1930 seffionesque,
584 1879 624 1916 in
645 1879 810 1916 dubium
828 1878 1099 1930 incertumque
1119 1878 1398 1916 revocabuntur
1417 1893 1425 1915 :
1459 1879 1575 1916 vestra
1595 1893 1687 1918 auc-

299 1945 451 1983 toritate
471 1943 546 1983 hoc
576 1945 841 1990 constituetur,
870 1944 945 1983 hoc
966 1944 1250 1997 praescribetur:
1283 1945 1445 1996 quicum
1473 1956 1514 1982 tu
1533 1945 1688 1998 posthac

299 2010 346 2048 de
365 2010 584 2062 poffeffione
603 2011 824 2056 contendes,
856 2024 961 2055 eum,
995 2011 1021 2048 fi
1041 2010 1248 2062 ingreffum
1275 2011 1392 2048 modo
1423 2011 1616 2061 dejeceris,
1648 2013 1687 2050 in

297 2076 485 2130 praedium
508 2076 677 2114 restituas
698 2077 891 2129 oportebit
909 2092 917 2114 :
950 2076 1003 2113 fin
1022 2086 1151 2114 autem
1172 2077 1402 2128 ingredienti
1432 2090 1523 2114 cum
1545 2088 1688 2116 armata

295 2142 552 2181 multitudine
581 2142 716 2180 obvius
747 2141 879 2187 fueris,
912 2152 950 2180 et
979 2143 1032 2180 ita
1061 2143 1278 2180 venientem
1300 2142 1496 2195 repuleris,
1525 2142 1682 2195 fugaris,

295 2211 487 2254 averteris,
509 2223 585 2247 non
607 2209 792 2248 restitues.
815 2210 925 2247 Tum
946 2209 1148 2246 statueritis
1168 2209 1248 2247 vim
1270 2209 1310 2247 in
1331 2209 1431 2247 caede
1451 2209 1588 2254 solum,
1605 2223 1682 2247 non

293 2276 411 2313 etiam
432 2276 471 2313 in
493 2277 648 2314 animo:
680 2276 748 2314 nifi
769 2289 881 2314 cruor
911 2285 1098 2328 appareat,
1131 2276 1212 2313 vim
1232 2289 1310 2313 non
1331 2275 1400 2313 effe
1420 2274 1557 2312 factam
1577 2289 1586 2312 ε
1618 2276 1680 2312 in-

287 2341 478 2393 juriarum
500 2342 683 2380 delidtum
705 2342 788 2387 effe,
822 2343 888 2394 qui
910 2341 1128 2394 prohibitus
1151 2341 1220 2379 fit:
1253 2341 1321 2378 nifi
1342 2354 1388 2378 ex
1409 2353 1453 2377 eo
1482 2340 1579 2383 loco,
1614 2341 1679 2377 ubi

292 2406 495 2458 vestigium
516 2408 755 2460 impresserit,
778 2408 891 2460 dejici
913 2408 1110 2446 neminem
1132 2406 1246 2458 poffe.
1289 2406 1391 2455 Juris
1413 2405 1572 2442 retinere
1593 2404 1677 2442 sen-

292 2473 466 2517 tentiam,
499 2483 534 2512 et
556 2474 773 2525 aequitatem
794 2475 1010 2527 plurimum
1042 2472 1162 2510 valere
1192 2480 1379 2524 oportere,
1411 2484 1457 2508 an
1488 2470 1604 2508 verbo
1634 2484 1676 2510 ac
