2201 2792
599 191 943 230 ACTIONIS
981 192 1033 229 II.
1094 191 1304 230 LIBER
1342 195 1391 232 V.
1609 209 1685 245 42⁶

1667 228 1685 250 .)

352 290 443 342 Qo
473 289 559 328 loco
580 289 680 328 mihi
711 304 788 328 non
809 290 1132 343 praetermittenda
1162 291 1312 329 videtur
1333 292 1501 344 praeclari
1522 293 1689 346 impera-

298 357 389 394 toris
410 357 574 409 egregia,
596 370 638 394 ac
660 356 857 408 fingularis
879 357 1092 409 diligentia.
1125 358 1230 395 Nam
1253 358 1386 396 scitote
1407 359 1476 396 effe
1499 360 1690 411 oppidum

296 422 337 458 in
358 422 488 460 Sicilia
507 422 661 460 nullum
682 436 728 460 ex
763 423 809 460 iis
830 423 996 475 oppidis,
1029 423 1070 460 in
1091 423 1233 475 quibus
1265 424 1460 462 consistere
1493 426 1688 470 Praetores,

295 495 333 524 et
353 497 589 526 conventum
609 501 716 540 agere
736 488 870 533 solent,
893 501 971 540 quo
992 488 1031 526 in
1051 489 1196 541 oppido
1227 503 1303 527 non
1325 490 1383 527 isti
1419 504 1465 528 ex
1486 490 1614 543 aliqua
1632 490 1691 528 fa-

292 552 414 597 milia,
447 567 524 591 non
544 553 724 605 ignobili,
755 553 898 591 delecta
928 554 974 590 ad
1009 553 1212 592 libidinem
1248 556 1389 593 mulier
1422 555 1523 594 effet.
1557 558 1692 608 Itaque

297 620 494 657 nonnullae
520 633 566 657 ex
586 633 630 657 eo
662 632 824 658 numero
858 619 898 656 in
933 619 1158 657 convivium
1180 620 1462 659 adhibebantur
1482 623 1631 674 palam:
1665 624 1691 661 fi

296 697 382 736 quae
402 685 576 722 castiores
596 693 716 728 erant,
747 685 793 722 ad
824 693 979 737 tempus
1004 685 1233 730 veniebant,
1266 687 1410 731 lucem,
1432 698 1692 727 conventum-

296 763 372 801 que
392 750 576 788 vitabant.
610 751 730 788 Erant
749 759 878 788 autem
899 750 1087 795 convivia,
1109 764 1185 789 non
1202 751 1271 790 illo
1292 753 1440 790 filentio
1462 755 1690 799 Praetorum,

296 823 411 867 atque
446 817 719 868 imperatorum
739 845 750 860 ,
793 829 919 868 neque
952 829 998 854 eo
1030 817 1189 869 pudore,
1227 819 1295 870 qui
1329 819 1369 856 in
1400 819 1691 872 magistratuum

296 883 484 920 conviviis
506 881 639 919 versari
659 882 766 927 solet,
798 882 859 919 sed
881 895 972 920 cum
1000 883 1172 921 maximo
1199 884 1379 929 clamore,
1411 895 1524 936 atque
1555 887 1690 923 convi-

296 949 385 987 cio:
420 961 700 1000 nonnunquam
733 949 847 986 etiam
871 962 926 986 res
957 949 1002 986 ad
1034 963 1185 994 manus,
1217 960 1332 1002 atque
1360 952 1405 989 ad
1433 965 1604 1004 pugnam
1627 966 1690 989 ve-

298 1015 440 1053 niebat.
473 1014 546 1053 Iste
579 1015 684 1052 enim
706 1015 849 1052 Praetor
879 1014 1039 1060 severus,
1072 1029 1114 1053 ac
1135 1016 1314 1068 diligens,
1351 1018 1417 1069 qui
1450 1018 1582 1070 populi
1607 1020 1691 1056 Ro-

297 1082 404 1119 mani
424 1081 574 1133 legibus
607 1093 806 1132 nunquam
839 1081 1045 1133 paruissem
1071 1081 1146 1120 illis
1178 1082 1383 1135 diligenter
1412 1083 1576 1136 legibus,
1608 1099 1693 1137 quae

297 1147 337 1184 in
357 1147 507 1199 poculis
528 1147 782 1199 ponebantur,
813 1147 1114 1199 obtemperabat.
1148 1149 1281 1200 Itaque
1311 1159 1417 1187 erant
1447 1150 1571 1188 exitus
1592 1151 1690 1203 ejus-

297 1214 420 1258 modi,
445 1222 486 1251 ut
506 1213 601 1251 alius
622 1214 721 1250 inter
742 1226 877 1250 manus
899 1227 918 1250 e
938 1215 1130 1260 convivio,
1154 1223 1335 1267 tanquam
1358 1230 1377 1253 e
1397 1217 1540 1268 praelio,
1563 1216 1692 1255 aufer-

297 1287 424 1323 retur;
457 1279 567 1323 alius,
589 1288 772 1330 tanquam
793 1279 953 1324 occisus,
986 1280 1292 1332 relinqueretur5
1325 1281 1498 1334 plerique
1524 1282 1595 1320 fufi
1617 1284 1692 1320 fine

297 1355 442 1390 mente,
461 1359 503 1384 ac
524 1345 600 1383 fine
622 1345 702 1383 ullo
723 1345 828 1383 sensu
843 1346 1027 1397 jacerent,
1049 1347 1174 1398 quivis
1196 1357 1251 1392 ut,
1273 1361 1364 1385 cum
1386 1348 1593 1400 aspexisset,
1614 1364 1692 1387 non

299 1412 334 1450 se
355 1413 530 1450 Praetoris
552 1412 790 1457 convivium,
814 1412 875 1449 sed
908 1422 949 1450 ut
971 1413 1210 1450 Cannensem
1232 1428 1402 1467 pugnam
1431 1416 1609 1467 nequitiae
1633 1416 1693 1453 vi-

298 1479 383 1516 dere
404 1479 660 1516 arbitraretur.

353 1545 446 1582 XII.
481 1546 584 1583 Cum
608 1557 696 1581 vero
725 1543 825 1581 aestas
846 1543 996 1581 summa
1016 1544 1086 1582 effe
1101 1545 1182 1596 jam
1205 1555 1385 1598 coeperat,
1417 1547 1520 1599 quod
1540 1557 1691 1600 tempus

297 1623 430 1648 omnes
453 1610 592 1647 Siciliae
613 1609 758 1661 semper
781 1611 961 1647 Praetores
982 1610 1021 1647 in
1043 1611 1243 1649 itineribus
1278 1612 1500 1650 consumere
1531 1614 1691 1651 consue-

298 1686 447 1719 verunt,
474 1685 671 1728 propterea
691 1675 796 1726 quod
817 1684 902 1712 tum
932 1685 1068 1727 putant
1087 1677 1303 1715 obeundam
1323 1677 1391 1714 effe
1412 1680 1580 1716 maxime
1600 1693 1691 1730 pro-

299 1743 480 1786 vinciam,
515 1755 607 1779 cum
642 1742 681 1778 in
713 1742 806 1779 areis
842 1740 1038 1779 frumenta
1070 1742 1171 1786 sunt,-
1203 1744 1306 1795 quod
1339 1753 1375 1780 et
1402 1743 1560 1782 familia]
1595 1758 1690 1782 con-

293 1818 511 1860 gregantur,
544 1817 582 1844 et
616 1807 844 1859 magnitudo
880 1807 1020 1845 servitii
1054 1807 1308 1860 perspicitur,
1355 1819 1391 1846 ct
1426 1810 1533 1847 labor
1567 1811 1690 1862 operis

298 1874 467 1912 maxime
485 1873 708 1918 offenditur,
740 1882 777 1910 et
797 1872 984 1911 frumenti
1005 1875 1115 1926 copia
1149 1884 1386 1920 commonet,
1419 1885 1571 1928 tempus
1602 1876 1692 1914 anni

300 1954 377 1979 non
398 1941 590 1993 impedit;
625 1949 724 1985 tum,
747 1940 921 1992 inquam,
959 1953 1050 1978 cum
1081 1941 1307 1979 concursant
1341 1943 1465 1979 caetcri
1494 1944 1691 1988 Praetores,

298 2007 366 2044 iste
386 2021 486 2045 novo
517 2006 686 2058 quodam
718 2020 765 2044 ex
785 2019 922 2059 genere
942 2007 1163 2059 imperator,
1198 2006 1461 2060 pulcherrimo
1493 2009 1691 2060 Syracusa-

299 2085 386 2110 rum
406 2072 494 2110 luco
514 2072 645 2110 stativa
665 2072 734 2109 fibi
757 2072 873 2110 castra
892 2071 1069 2110 faciebat.
1142 2076 1148 2080 ‘

353 2138 460 2176 Nam
492 2137 533 2175 in
567 2137 649 2190 ipso
679 2137 798 2182 aditu,
830 2146 945 2189 atque
975 2152 1038 2175 ore
1068 2136 1214 2190 portus,
1247 2138 1314 2176 ubi
1342 2140 1514 2191 primum
1536 2153 1582 2178 ex
1614 2140 1692 2177 alto

298 2204 398 2241 finus
430 2203 475 2241 ad
503 2203 639 2241 urbem
670 2203 717 2240 ab
747 2203 858 2241 litore
889 2203 1109 2249 inflectitur,
1142 2204 1382 2242 tabernacula
1413 2206 1593 2243 carbaseis
1627 2206 1690 2242 in-

298 2279 402 2308 tenta
421 2270 515 2308 velis
536 2270 763 2308 collocabat.
824 2270 917 2308 Huc
948 2283 994 2308 ex
1024 2271 1090 2308 illa
1110 2271 1228 2309 domo
1260 2272 1446 2323 praetoria,
1479 2285 1562 2322 quae
1593 2271 1690 2322 regis

301 2338 484 2374 Hieronis
505 2336 594 2381 fuit,
627 2337 676 2374 fic
708 2336 934 2389 emigrabat,
966 2346 1009 2375 ut
1038 2351 1106 2389 per
1124 2351 1187 2375 eos
1215 2338 1292 2375 dies
1326 2352 1440 2374 nemo
1474 2337 1588 2373 istum
1621 2350 1691 2373 ex-

300 2402 671 2440 travillumlucum
703 2403 829 2440 videre
862 2403 1007 2456 posset:
1040 2404 1080 2440 in
1113 2417 1204 2441 eum
1238 2412 1366 2439 autem
1396 2402 1520 2453 ipsum
1555 2402 1689 2438 lucum

299 2468 422 2505 aditus
454 2477 532 2505 erat
562 2469 724 2513 nemini,
756 2469 824 2506 nifi
855 2470 922 2520 qui
955 2478 1019 2506 aut
1049 2469 1186 2512 socius,
1219 2477 1282 2505 aut
1314 2468 1484 2504 minister
1518 2467 1689 2504 libidinis

300 2532 370 2571 effe
390 2533 521 2586 poffet.
555 2535 648 2573 Huc
675 2548 808 2574 omnes
840 2535 1037 2581 mulieres,
1069 2534 1302 2587 quibuscum
1338 2534 1404 2571 ille
1435 2533 1689 2577 consueverat,
