2201 2792
485 197 564 234 204
907 181 998 221 IN
1073 180 1454 221 VERREM

481 280 649 326 tunleis,
681 279 957 332 frumentoque
988 279 1253 333 suppeditato,
1284 278 1476 317 maximos
1509 276 1699 317 exercitus
1733 275 1877 315 nostros

481 347 643 391 vestivit,
665 345 774 389 aluit,
796 345 969 382 armavit.

536 413 611 451 III.
643 411 753 463 Qid
786 410 864 456 illa,
901 424 986 462 quae
1019 409 1174 447 forfitan
1208 423 1256 447 ne
1286 408 1471 447 sentimus
1505 408 1677 460 quidem,
1706 406 1878 458 JudiceS,

481 487 622 530 quanta
641 477 728 515 sunt
746 477 758 513 ?
790 477 893 528 quod
912 476 1048 514 multis
1068 475 1385 528 locupletioribus
1405 475 1554 512 civibus
1575 475 1723 512 utimur
1740 491 1751 517 3
1774 471 1880 525 quod

480 544 624 582 habent
656 543 928 596 propinquam,
964 542 1133 586 fidelem,
1163 540 1475 591 fructuosamque
1507 539 1761 592 provinciam,
1802 550 1881 589 quo

481 608 594 647 facile
614 616 815 646 excurrant
830 625 842 652 3
867 607 933 644 ubi
953 607 1117 644 libenter
1136 605 1337 658 negotium
1357 613 1490 657 gerant
1502 622 1514 648 5
1537 616 1633 655 quos
1655 603 1720 640 illa
1738 602 1880 655 partim

483 674 677 713 mercibus
712 673 1012 726 suppeditandis,
1048 686 1139 710 cum
1170 671 1314 723 quaestu
1347 669 1655 723 compendioque
1685 667 1878 711 dimittit;

483 740 625 791 partim
639 739 790 783 retinet,
805 747 847 775 ut
863 751 977 782 arare,
996 746 1038 775 ut
1057 737 1220 790 pascere,
1235 745 1278 774 ut
1300 735 1485 789 negotiari
1504 734 1635 779 libeat,
1657 742 1699 771 ut
1718 733 1882 784 denique

482 805 586 843 sedes
606 819 649 843 ac
670 804 918 842 domicilium
938 803 1137 841 collocare.
1175 802 1294 855 Qod
1314 802 1569 840 commodum
1589 814 1666 838 non
1688 799 1880 837 mediocre

481 871 617 923 populi
638 869 807 908 Romani
826 869 878 907 est
893 887 905 914 ς
928 877 1081 907 tantum
1101 868 1248 906 civium
1269 869 1539 906 Romanorum
1559 878 1781 909 numerum,
1800 873 1879 902 tam

482 949 602 989 prope
635 936 681 973 ab
703 936 834 980 domo,
870 945 949 973 tam
970 935 1096 979 bonis,
1133 933 1408 985 fructuosisque
1442 933 1554 970 rebus
1589 931 1764 969 detineri.
1811 930 1879 974 Et,
1925 964 1927 966 .

480 1003 666 1054 quoniam
698 1001 800 1053 quasi
835 1001 1012 1052 quaedam
1042 1000 1182 1052 praedia
1213 999 1350 1051 populi
1376 997 1547 1035 Romani
1578 996 1664 1034 sunt
1683 994 1883 1047 vectigalia

481 1069 619 1113 nostra,
651 1076 766 1119 atque
797 1067 1029 1119 provinciae,
1061 1063 1396 1117 quemadmodum
1416 1062 1644 1116 propinquis
1664 1074 1729 1099 vos
1750 1061 1881 1100 vestris

481 1135 633 1188 praediis
653 1126 825 1172 maxim'e
856 1133 1115 1176 delectamini,
1148 1132 1198 1169 fic
1218 1131 1365 1184 populo
1385 1130 1567 1168 Romano
1593 1128 1768 1180 jucunda
1786 1127 1881 1166 sub-

482 1197 675 1238 urbani'tas
696 1199 748 1237 est
767 1198 926 1250 hujusce
946 1197 1166 1250 provinciae.

536 1267 625 1317 Jam
657 1277 745 1303 vero
768 1263 978 1301 hominum
1009 1261 1194 1314 ipsorum,
1231 1260 1402 1311 Judices‚
1438 1273 1481 1298 ea
1514 1260 1710 1312 patientia,
1741 1258 1879 1303 virtus,

488 1330 761 1383 frugalitasque
780 1329 846 1373 est,
878 1337 921 1366 ut
940 1328 1118 1381 proxime
1138 1327 1183 1364 ad
1215 1327 1382 1365 nostram
1413 1326 1655 1379 disciplinam
1682 1325 1792 1362 illam
1812 1337 1879 1361 ve-

482 1407 617 1441 terem,
641 1410 718 1434 non
751 1396 796 1433 ad
826 1394 940 1439 hanc,
972 1408 1056 1446 quae
1077 1407 1181 1431 nunc
1212 1393 1419 1437 increbuit,
1450 1392 1650 1430 videantur
1684 1390 1881 1428 accedere.

481 1461 599 1500 Nihil
630 1469 855 1499 caeterorum
892 1459 1014 1496 simile
1050 1459 1294 1502 Graecorum,
1325 1456 1431 1495 nulla
1460 1456 1611 1501 defidia,
1634 1455 1741 1493 nulla
1758 1454 1878 1491 luxu-

482 1529 561 1566 ria:
594 1536 739 1572 contra,
771 1525 944 1564 summus
971 1525 1078 1562 labor
1099 1525 1139 1562 in
1158 1523 1327 1576 publicis
1358 1521 1589 1576 privatisque
1624 1521 1749 1565 rebus,
1771 1519 1880 1557 sum-

482 1608 545 1633 ma
564 1594 804 1647 parsimonia,
836 1592 986 1630 summa
1010 1591 1224 1643 diligentia.
1285 1590 1346 1628 Sic
1377 1602 1490 1642 porro
1520 1587 1665 1626 nostros
1698 1581 1878 1624 homines

480 1661 663 1712 diligunt,
695 1668 737 1696 ut
769 1657 828 1695 his
857 1657 959 1701 solis,
991 1669 1115 1708 neque
1135 1655 1380 1708 publicanus,
1411 1667 1536 1706 neque
1557 1652 1771 1705 negotiator
1790 1651 1881 1689 odio

480 1728 537 1765 fit.
570 1725 870 1777 Magistratuum
893 1731 1023 1760 autem
1043 1708 1261 1760 nostrorum
1280 1720 1437 1773 injurias
1465 1721 1518 1757 ita
1538 1719 1754 1757 multorum
1776 1717 1878 1755 tule-

481 1802 585 1838 runt,
604 1802 659 1836 >ut
680 1803 880 1842 nunquam
901 1798 988 1827 ante
1006 1788 1082 1826 hoc
1104 1798 1257 1841 tempus
1278 1787 1324 1824 ad
1345 1799 1448 1824 aram
1468 1786 1616 1838 legum,
1638 1784 1878 1837 praefidium-

482 1872 557 1911 que
589 1858 770 1900 vestrum,
812 1856 972 1907 publico
1006 1855 1165 1892 consilio
1196 1853 1470 1904 confugerint:
1516 1851 1664 1888 tametsi
1693 1858 1731 1887 et
1764 1849 1880 1886 illum

480 1937 628 1962 annum
648 1921 894 1974 pertulerant,
927 1919 993 1970 qui
1027 1919 1076 1956 fic
1104 1931 1167 1955 eos
1191 1917 1390 1961 afflixerat,
1422 1926 1464 1954 ut
1483 1916 1572 1953 salvi
1600 1914 1672 1952 effe
1691 1928 1770 1953 non
1790 1914 1879 1967 pos-

484 1990 577 2034 sent,
609 1988 677 2026 nis1
700 1989 747 2024 C.
772 1984 982 2023 Marcellus
1014 1984 1116 2036 quas1
1143 1984 1273 2035 aliquo
1293 1982 1373 2020 fato
1402 1982 1571 2026 venisset,
1604 1990 1647 2019 ut
1668 1981 1726 2019 bis
1748 1995 1795 2019 ex
1815 1994 1878 2018 ea-

483 2056 572 2093 dem
603 2052 751 2091 familia
782 2050 877 2088 salus
909 2049 1047 2088 Siciliae
1081 2049 1387 2093 constitueretur,
1418 2057 1455 2085 et
1476 2047 1603 2099 postea
1628 2047 1691 2085 M.
1714 2046 1881 2084 Antonii

482 2120 682 2158 infinitum
702 2116 799 2154 illud
820 2115 1030 2168 imperium
1051 2115 1251 2153 senserant.
1275 2115 1336 2151 Sic
1357 2127 1376 2150 a
1397 2112 1606 2164 majoribus
1623 2112 1696 2150 suis
1718 2125 1878 2164 accepe-

482 2194 579 2229 rant,
611 2192 713 2221 tanta
747 2180 882 2233 populi
910 2180 1079 2218 Romani
1109 2180 1151 2217 in
1182 2179 1330 2217 Siculos
1359 2177 1430 2216 effe
1459 2177 1656 2221 beneficia,
1691 2185 1732 2214 ut
1762 2177 1879 2213 etiam

481 2250 637 2302 injurias
658 2247 874 2286 nostrorum
895 2245 1102 2283 hominum
1122 2243 1361 2296 perferendas
1382 2252 1573 2296 putarent.
1612 2243 1657 2280 In
1678 2242 1878 2279 neminem

481 2318 653 2355 civitates
673 2324 760 2352 ante
790 2311 895 2350 hunc
930 2311 1195 2349 testimonium
1222 2311 1378 2363 publice
1403 2310 1605 2348 dixerunt:
1640 2306 1744 2344 hunc
1766 2307 1877 2344 deni-

481 2396 555 2435 que
591 2381 714 2433 ipsum
750 2376 1010 2430 pertulissent,
1043 2377 1068 2414 s1
1096 2375 1268 2413 humano
1302 2376 1433 2420 modo,
1464 2375 1489 2412 fi
1519 2374 1652 2411 ufitato
1683 2385 1813 2417 more,
1851 2371 1877 2410 fi

480 2449 645 2498 denique
666 2459 743 2483 uno
769 2445 898 2497 aliquo
928 2444 968 2481 in
999 2456 1134 2495 genere
1156 2441 1351 2494 peccasset.
1385 2441 1456 2478 Sed
1482 2453 1573 2478 cum
1606 2438 1767 2491 perferre
1798 2452 1876 2476 non

480 2514 627 2568 poss'ent
660 2512 869 2557 luxuriem,
912 2509 1203 2554 crudelitatem,
1245 2507 1466 2553 avaritiam,
1509 2505 1756 2559 superbiam5
1795 2518 1844 2542 cu
1867 2518 1909 2543 m
