2201 2792
422 172 472 211 80
942 173 1299 212 ORATIO

420 270 553 307 multi.
585 271 640 308 At
669 283 738 323 ego
771 270 833 322 (ut
853 279 934 308 tute
955 271 1099 323 arguis)
1131 272 1308 324 agricola,
1342 278 1379 308 et
1399 271 1573 309 rusticus.
1607 271 1702 309 Non
1723 284 1819 309 con«

420 337 545 380 tinuo,
573 337 599 374 fi
620 350 683 374 me
712 337 753 374 in
773 350 928 389 gregem
950 337 1168 375 ficariorum
1189 337 1351 381 contuli,
1374 337 1458 375 sum
1479 338 1643 376 sicarius.
1676 340 1731 375 At
1750 351 1822 389 ego

419 401 604 453 profecto,
640 402 709 453 qui
744 415 791 439 ne
822 402 913 439 novi
941 403 1099 454 quidem
1132 416 1369 454 quemquam
1392 403 1582 448 ficarium,
1616 403 1730 455 longe
1750 402 1818 439 ab-

420 468 504 505 sum
525 469 570 506 ab
591 468 778 520 ejusmodi
799 468 975 506 crimine.
999 469 1194 506 Permulta
1214 468 1314 512 sunt,
1337 483 1421 520 quae
1442 469 1519 506 dici
1538 468 1703 521 possunt,
1723 481 1819 520 qua-

420 547 458 570 re
480 534 732 586 intelligatur,
763 533 955 572 summam
988 534 1060 571 tibi
1082 533 1306 571 facultatem
1328 533 1435 571 fuiffe
1459 533 1641 572 maleficii
1662 533 1821 585 suscipi-

418 598 534 636 endi:
568 612 652 650 quae
673 612 749 635 non
779 599 896 636 modo
931 599 1076 636 idcirco
1108 607 1301 650 praetereo,
1334 598 1437 652 quod
1459 598 1624 650 teipsum
1655 611 1733 635 non
1768 597 1819 634 li-

420 665 554 702 benter
573 663 733 707 accuso,
765 677 899 701 verum
931 677 976 702 eo
996 665 1117 716 magis
1139 665 1270 708 etiarn,
1293 664 1410 715 quod,
1444 663 1470 701 s1
1492 664 1537 701 de
1558 663 1633 701 illis
1654 662 1821 701 caedibus

418 731 539 768 velim
560 743 877 775 commemorare,
891 744 975 782 quae
996 740 1082 768 tum
1102 729 1209 768 faetae
1231 730 1316 768 sunt
1337 730 1405 768 ista
1420 730 1552 768 eadem
1573 730 1730 773 ratione,
1747 741 1822 780 qua

421 799 506 835 Sex.
529 797 691 834 Roscius
712 796 859 835 occisus
891 796 956 841 est,
989 810 1130 841 vereor,
1162 810 1210 834 ne
1238 797 1285 834 ad
1305 796 1433 850 plures
1454 797 1575 834 oratio
1595 809 1681 834 mea
1700 795 1820 848 perti-

419 877 507 900 nere
527 863 710 901 videatur.

455 930 646 967 XXXIV.
670 929 879 967 Videamus
900 942 1003 967 nunc
1024 929 1199 975 strictim,
1221 929 1316 968 ficut
1336 938 1483 973 caetera,
1505 942 1590 980 quae
1610 927 1693 980 post
1713 939 1821 965 mor-

420 1003 500 1032 tem
523 996 606 1032 Sex.
636 993 766 1032 Roscii
784 995 849 1032 abs
872 1004 922 1038 te,
946 996 997 1031 T.
1022 995 1152 1039 Rosci,
1187 994 1284 1032 faCta
1303 994 1415 1038 sunt,
1448 1007 1532 1045 quae
1557 994 1611 1030 ita
1629 1001 1756 1045 aperta
1783 999 1822 1029 et

418 1059 617 1097 manifesta
636 1059 737 1102 sunt,
759 1068 796 1096 et
814 1059 963 1097 medius
984 1059 1113 1103 fidius,
1135 1059 1305 1110 Judices,
1335 1058 1481 1096 invitus
1499 1071 1541 1096 ea
1560 1058 1701 1096 dicam.
1738 1058 1820 1094 Ve-

418 1140 502 1163 reor
521 1127 641 1170 enim,
673 1125 911 1163 cuicuimodi
942 1138 995 1170 es,
1017 1126 1069 1163 T.
1094 1125 1225 1169 Rosci,
1258 1139 1305 1162 ne
1325 1125 1378 1162 ita
1395 1124 1502 1162 hunc
1522 1124 1648 1162 videar
1667 1122 1823 1161 voluiffe

418 1193 574 1235 servare,
592 1201 635 1228 ut
656 1191 727 1228 tibi
749 1191 912 1228 omnino
933 1204 1008 1228 non
1030 1191 1279 1242 pepercerim.
1313 1191 1418 1228 Cum
1435 1189 1509 1227 hoc
1530 1202 1673 1233 vereor,
1696 1197 1733 1226 et
1749 1202 1820 1226 cu-

418 1258 484 1309 pio
506 1257 577 1294 tibi
597 1256 725 1307 aliqua
750 1268 797 1292 ex
817 1264 922 1307 parte
944 1255 1068 1306 (quod
1100 1254 1196 1292 salva
1216 1254 1290 1292 fide
1310 1255 1465 1306 poffim)
1503 1267 1667 1306 parcere,
1697 1254 1821 1292 rursus

419 1324 590 1360 immuto
610 1321 847 1358 voluntatem
880 1333 1030 1358 meam:
1064 1321 1168 1358 venit
1198 1320 1304 1358 enim
1339 1319 1439 1358 mihi
1470 1321 1508 1358 in
1540 1330 1714 1358 mentem
1745 1321 1820 1358 oris

419 1389 491 1425 tui.
515 1389 638 1431 Tene,
674 1399 766 1424 cum
787 1387 913 1423 caeteri
933 1386 1024 1423 socii
1058 1386 1116 1423 tui
1147 1385 1340 1438 fugerent,
1372 1399 1414 1423 ac
1435 1386 1470 1423 se
1491 1386 1743 1430 occultarent,
1778 1394 1822 1423 ut

418 1453 494 1491 hoc
509 1452 705 1504 judicium
727 1465 805 1488 non
827 1451 872 1488 de
893 1451 1051 1488 illorum
1072 1451 1209 1503 praeda,
1241 1451 1302 1489 sed
1323 1451 1368 1489 de
1391 1450 1506 1503 hujus
1529 1451 1720 1489 maleficio
1740 1450 1823 1490 fieri

419 1519 623 1562 videretur,
646 1516 885 1569 potissimum
907 1517 977 1554 tibi
998 1526 1120 1568 partes
1142 1517 1226 1555 istas
1248 1516 1518 1569 depoposcisse,
1555 1526 1597 1554 ut
1617 1517 1657 1554 in
1671 1517 1823 1569 judicio

420 1585 613 1628 versarere,
645 1593 682 1621 et
703 1582 841 1620 sederes
861 1597 953 1620 cum
973 1582 1184 1621 accusatore
1203 1584 1215 1619 ?
1248 1584 1337 1634 Qa
1357 1584 1396 1620 in
1418 1597 1455 1621 re
1476 1582 1575 1622 nihil
1595 1583 1699 1621 aliud
1728 1583 1821 1621 affe-

417 1650 561 1701 queris,
579 1649 648 1687 nis1
670 1656 712 1685 ut
732 1647 778 1685 ab
799 1648 982 1686 omnibus
1001 1647 1228 1686 mortalibus
1249 1647 1404 1686 audacia
1424 1658 1487 1686 tua
1506 1648 1769 1702 cognoscatur,
1784 1657 1822 1687 et

418 1716 674 1768 impudentia.
1183 1708 1186 1712 ⁴

476 1781 617 1830 Occiso
649 1783 733 1820 Sex.
758 1782 914 1828 Roscio,
943 1783 1011 1835 qui
1042 1783 1191 1836 primus
1214 1783 1414 1822 Ameriam
1442 1783 1628 1821 nuntiat?
1660 1780 1821 1820 Mallius

421 1847 599 1892 Glaucia,
631 1861 750 1900 quem
776 1848 859 1899 jam
893 1858 1002 1885 antea
1021 1849 1234 1892 nominavi,
1264 1858 1352 1885 tuus
1388 1848 1508 1885 cliens
1540 1857 1578 1885 et
1607 1847 1821 1885 familiaris.

419 1914 529 1964 Qid
548 1913 706 1951 attinuit
736 1925 826 1950 eum
845 1912 1087 1964 potifflmum
1118 1914 1307 1957 nuntiare,
1339 1913 1458 1964 quod,
1492 1913 1517 1950 fi
1552 1913 1708 1951 nullum
1737 1914 1822 1964 jam

420 1988 508 2016 ante
538 1978 742 2016 consilium
777 1977 822 2015 de
854 1988 978 2016 morte
1008 1991 1050 2015 ac
1078 1978 1123 2016 de
1158 1979 1269 2017 bonis
1296 1979 1376 2030 ejus
1410 1979 1561 2024 inieras,
1595 1979 1823 2031 nullamque

420 2043 653 2088 societatem,
691 2056 814 2095 neque
848 2043 1010 2088 sceleris,
1050 2057 1174 2096 neque
1209 2044 1358 2096 praemii
1377 2073 1387 2088 ,
1423 2058 1515 2082 cum
1550 2043 1709 2082 homine
1743 2045 1822 2082 ullo

419 2110 575 2154 coieras,
607 2109 652 2146 ad
674 2118 709 2146 te
739 2109 902 2147 minime
922 2110 1103 2147 omnium
1124 2110 1338 2162 pertinebat
1358 2111 1370 2147 ?
1403 2111 1475 2147 Sua
1499 2110 1631 2162 sponte
1661 2111 1822 2149 Mallius

421 2176 586 2213 nuntiat.
621 2174 741 2225 Qid‚
774 2174 912 2226 quaeso,
943 2176 1024 2226 ejus
1054 2176 1262 2213 intererat?
1295 2189 1355 2220 an,
1387 2189 1478 2213 cum
1513 2177 1713 2214 Ameriam
1744 2189 1822 2213 non

420 2240 578 2292 hujusce
598 2241 650 2278 rei
671 2239 779 2278 causa
810 2240 979 2285 venisset,
1011 2241 1096 2278 casu
1116 2241 1270 2285 accidit,
1304 2251 1346 2278 ut
1376 2242 1429 2285 id,
1461 2242 1565 2293 quod
1587 2242 1724 2278 Romae
1752 2255 1820 2278 au-

420 2308 552 2351 dierat,
583 2307 731 2358 primus
763 2306 986 2344 nuntiaret?
1020 2307 1142 2358 Cujus
1176 2307 1226 2344 rei
1258 2307 1367 2344 causti
1401 2316 1551 2343 venerat
1587 2307 1818 2343 Ameriam?

425 2373 516 2409 Non
538 2371 700 2423 poffum,
729 2372 873 2424 inquit,
895 2372 1076 2410 divinare.
1121 2373 1180 2409 Eo
1212 2385 1292 2409 rem
1319 2373 1400 2422 jam
1423 2372 1624 2415 adducam,
1661 2381 1703 2408 ut
1724 2371 1822 2409 nihil

419 2437 655 2474 divinatione
675 2451 770 2490 opus
793 2437 849 2475 sit.
892 2438 981 2488 Qa
1001 2437 1144 2475 ratione
1166 2437 1305 2474 Roscio
1323 2437 1505 2489 Capitoni
1527 2437 1699 2489 primum
1721 2451 1822 2474 nun-

421 2502 529 2540 tiavit
548 2501 561 2538 ?
594 2503 697 2540 Cum
720 2504 887 2541 Ameria:
907 2504 992 2542 Sex.
1015 2503 1144 2542 Roscii
1166 2503 1318 2546 domus,
1338 2516 1446 2547 uxor,
1469 2502 1658 2555 liberique
1679 2502 1819 2547 ess‘ent5
