2201 2792
663 176 954 216 ACTIO
1024 176 1335 215 PRIMA.
1633 194 1705 236 143

296 278 506 318 hominum
527 289 590 315 me
611 275 836 321 inimicum,
864 274 1123 314 accusatorem
1143 275 1336 322 odiosum,
1367 276 1571 324 affiduurn,
1602 293 1709 319 acer-

298 346 393 384 bum
422 343 690 383 adversarium.
736 344 828 381 Hoc
861 341 962 381 mihi
993 342 1118 388 sumo,
1155 341 1231 381 hoc
1263 342 1365 381 mihi
1397 343 1573 397 deposco,
1604 348 1710 398 quod

294 425 405 464 agam
426 412 467 450 in
488 410 725 463 magistratu,
758 410 864 462 quod
884 423 995 463 agam
1016 424 1063 448 ex
1093 424 1139 448 eo
1159 410 1260 455 loco,
1293 424 1341 449 ex
1361 424 1440 463 quo
1460 426 1523 450 me
1544 414 1710 466 populus

294 479 497 517 Romanus
518 492 566 516 ex
586 477 675 516 Kal.
693 478 850 528 Januar.
874 477 1002 515 secum
1021 490 1130 529 agere
1149 477 1196 515 de
1217 478 1428 530 republica,
1447 492 1489 516 ac
1509 479 1556 517 de
1577 478 1710 518 homi-

294 545 409 584 nibus
431 546 622 599 improbis
642 545 785 583 voluit:
808 543 884 582 hoc
906 558 1049 583 munus
1066 544 1258 582 aedilitatis
1281 558 1376 583 meae
1391 546 1538 598 populo
1559 547 1711 585 Roma·

294 626 347 650 no
366 612 649 666 amplissimum
683 610 1073 665 pulcherrimumque
1093 611 1294 664 polliceor.
1338 613 1501 658 Moneo,
1528 614 1711 666 praedico,

296 689 383 718 ante
403 680 615 718 denuntio:
649 679 718 732 qui
737 688 803 717 aut
823 679 1028 732 deponere,
1060 688 1125 717 aut
1146 679 1326 732 recipere,
1349 689 1414 718 aut
1434 681 1619 734 accipere,
1647 692 1714 720 aut

294 747 485 799 polliceri,
517 756 582 785 aut
602 746 822 799 sequestres,
853 755 919 784 aut
940 746 1165 799 interpretes
1186 747 1463 800 corrumpendi
1487 748 1630 800 judicii
1651 749 1712 787 so-

295 812 378 852 lent
395 814 480 860 effe,
516 814 663 867 quique
682 814 729 852 ad
752 813 852 852 hanc
873 827 954 851 rem
989 823 1054 852 aut
1074 814 1305 867 potentiam,
1342 824 1406 853 aut
1426 815 1713 868 impudentiam

297 879 403 919 suam
423 880 575 934 profefii
596 881 698 926 sunt,
716 881 927 919 abstineant
947 881 988 918 in
1006 879 1082 920 hoc
1094 880 1247 934 judicio
1263 895 1400 920 manus
1418 881 1645 936 animosque
1665 884 1712 921 ab

297 943 374 984 hoc
395 946 531 984 scelere
552 946 710 986 nefario.

354 1011 470 1049 XIII.
503 1013 590 1050 Erit
621 1020 707 1050 tum
741 1014 887 1050 Consul
909 1015 1138 1053 Hortensius
1173 1029 1265 1054 cum
1298 1016 1453 1055 summo
1484 1016 1648 1070 imperio
1675 1027 1713 1055 et

297 1077 510 1130 potestate3
533 1091 604 1131 ego
625 1088 754 1116 autem
775 1079 910 1125 aedilis‚
931 1078 1008 1117 hoc
1029 1080 1095 1125 est,
1119 1082 1235 1134 paulo
1255 1083 1423 1134 amplius
1445 1097 1563 1135 quam
1585 1085 1714 1136 priva-

301 1152 378 1180 tus.
419 1144 572 1181 Tamen
599 1142 682 1181 haec
702 1143 927 1196 hujusmodi
949 1159 1004 1184 res
1025 1147 1091 1191 est,
1122 1161 1240 1198 quarn
1260 1162 1322 1186 me
1340 1151 1515 1187 ac'tururn
1533 1149 1604 1187 effe
1624 1151 1713 1202 pol-

295 1208 428 1254 11ce0r,
459 1210 512 1246 ita
541 1210 689 1261 populo
710 1211 892 1248 Romano
911 1221 1018 1262 grata
1043 1222 1158 1263 atque
1173 1214 1361 1264 jucunda,
1394 1225 1437 1252 ut
1465 1215 1543 1266 ipse
1566 1217 1714 1254 Consul

296 1274 338 1312 in
358 1273 430 1312 hac
449 1276 558 1313 causa
577 1289 654 1328 prae
675 1289 739 1313 me
760 1276 890 1314 minus
912 1277 1044 1322 etiam,
1077 1277 1103 1315 s1
1123 1277 1205 1315 fieri
1226 1279 1352 1331 poffit‚
1387 1293 1505 1332 quam
1526 1281 1712 1333 privatus,

296 1340 368 1378 effe
389 1341 575 1381 videatur.
617 1343 766 1381 Omnia
786 1357 864 1382 non
886 1344 1004 1382 modo
1025 1347 1454 1392 commemorabuntur,
1488 1348 1551 1385 sed
1580 1349 1714 1394 etiam,

248 1414 252 1417 “
297 1406 477 1459 expositis
514 1409 627 1445 certis
659 1409 788 1452 rebus,
819 1419 995 1460 agentur,
1028 1425 1114 1463 quae
1146 1411 1247 1449 inter
1274 1412 1409 1450 decem
1442 1427 1575 1458 annos,
1608 1415 1714 1467 post-

297 1486 460 1526 eaquam
485 1473 635 1526 judicia
663 1474 709 1512 ad
739 1473 914 1512 senatum
946 1475 1120 1514 transsata
1150 1478 1252 1522 sunt,
1284 1479 1324 1516 in
1355 1480 1468 1518 rebus
1492 1481 1714 1533 judicandis

297 1540 439 1579 nefarie
472 1541 734 1594 flagitioseque
765 1541 863 1580 fasta
883 1542 984 1582 sunt.
1019 1544 1237 1597 Cognoscet
1263 1559 1310 1584 ex
1342 1561 1405 1584 me
1424 1548 1594 1600 populus
1628 1549 1714 1587 Ro-

297 1621 449 1652 manus,
495 1608 591 1660 quid
621 1609 678 1653 fit,
722 1610 992 1661 quamobrem,
1040 1624 1133 1649 cum
1170 1613 1341 1664 equester
1385 1615 1479 1652 ordo
1506 1615 1712 1666 judicaret,

297 1687 416 1712 annos
439 1688 558 1727 prope
592 1675 876 1726 quinquaginta
910 1677 1131 1722 continuos,
1162 1679 1272 1716 nullo
1299 1680 1435 1730 judice
1465 1682 1597 1732 equite
1629 1683 1714 1720 Ro-

297 1753 415 1779 mano
439 1740 654 1793 judicante,
686 1754 734 1778 ne
768 1740 985 1779 tenuiffima
1011 1743 1172 1794 quidem
1200 1743 1365 1796 suspicio
1391 1755 1556 1798 acceptae
1591 1761 1713 1800 pecu-

296 1807 370 1844 niae
399 1807 450 1845 ob
481 1821 564 1845 rem
592 1807 843 1860 judicandam
867 1809 1072 1847 constituta
1092 1810 1164 1855 fit;
1197 1811 1293 1862 quid
1323 1811 1381 1857 fit,
1410 1812 1530 1865 quod,
1553 1814 1714 1866 judiciis

297 1874 343 1912 ad
364 1874 598 1912 senatorium
619 1875 796 1913 ordinem
827 1876 1026 1922 transsatis,
1064 1877 1287 1930 sublataque
1314 1880 1449 1932 populi
1482 1882 1653 1919 Romani
1673 1883 1714 1920 in

298 1954 625 1994 unumquemque
655 1941 829 1980 nostrum
860 1943 1058 1995 potestate,
1091 1945 1344 1996 QCalidius
1367 1947 1570 1986 damnatus
1603 1949 1714 1987 dixe-

298 2008 362 2052 rit,
385 2009 545 2047 minoris
568 2010 660 2047 H-S
684 2010 810 2048 tricies
832 2011 1057 2062 praetorium
1089 2011 1296 2050 hominem
1316 2012 1474 2052 honeste
1504 2029 1582 2053 non
1612 2016 1715 2069 poii'e

299 2074 501 2119 damnari;
544 2075 638 2127 quid
669 2075 727 2121 fit,
770 2077 890 2128 quod,
924 2078 967 2115 P.
1003 2078 1192 2130 Septimio
1227 2079 1395 2118 senatore
1430 2082 1624 2127 damnato,
1658 2085 1726 2135 Q

299 2140 508 2178 Hortensio
530 2142 693 2178 Fra-tore
714 2142 759 2179 de
781 2143 953 2194 pecuniis
973 2145 1210 2196 repetundis,
1239 2146 1286 2184 lis
1309 2147 1490 2185 aestirnata
1511 2149 1557 2186 fit
1574 2163 1618 2187 eo
1641 2164 1712 2187 no-

298 2207 420 2251 mine,
443 2207 548 2259 quod
568 2207 634 2245 ille
667 2208 717 2246 ob
739 2222 820 2246 rem
846 2209 1098 2260 judicandam
1118 2214 1325 2264 pecuniam
1346 2215 1571 2268 accepissem
1605 2215 1712 2266 quod

297 2273 339 2311 in
380 2275 427 2312 C,
453 2275 668 2319 Herennio,
701 2275 806 2327 quod
838 2276 877 2312 in
913 2277 961 2314 C.
999 2278 1167 2330 Popilio,
1200 2279 1449 2325 senatoribus,
1493 2282 1559 2332 qui
1594 2281 1712 2318 ambo

298 2340 497 2392 peculatus
529 2341 699 2379 damnati
721 2341 835 2386 sunt3
868 2342 973 2394 quod
1008 2344 1047 2381 in
1070 2345 1133 2382 M.
1158 2346 1314 2390 Attilio,
1352 2347 1420 2397 qui
1453 2347 1499 2383 de
1520 2347 1713 2399 majestate

298 2406 502 2445 damnatus
534 2408 600 2452 est,
631 2407 707 2446 hoe
739 2408 899 2461 planum
935 2409 1081 2448 suetum
1113 2412 1180 2455 est,
1212 2425 1275 2448 cos
1307 2412 1512 2463 pecuniam
1548 2414 1598 2450 ob
1630 2428 1711 2452 rem

293 2471 544 2521 judicandam
565 2474 772 2526 accepisse;
797 2475 902 2527 quod
924 2477 1069 2513 inventi
1092 2476 1179 2513 sunt
1200 2476 1399 2521 senatore&
1422 2479 1504 2529 qui,
1529 2480 1575 2516 C.
1594 2480 1710 2516 Vera-c

300 2537 465 2576 Praetore
487 2541 631 2578 urbano
655 2540 845 2586 sortiente,
868 2543 1015 2579 exirent
1035 2543 1074 2579 in
1097 2555 1186 2579 eum
1217 2556 1339 2588 reum,
1362 2558 1480 2596 quem
1513 2547 1710 2598 incognita
