2201 2792
529 172 662 212 PRO
707 171 844 210 SEX.
887 170 1150 209 ROSCIO
1192 171 1548 214 AMERINO.
1694 191 1747 230 79

336 273 405 327 qui
422 272 617 311 summam
637 283 767 309 rerum
790 269 1075 307 adminibrabat
1091 287 1103 315 3
1135 278 1242 308 erant
1262 270 1408 308 interea
1427 272 1496 323 qui
1518 272 1592 311 suis
1613 276 1751 313 vulne-

335 339 440 378 ribus
462 337 709 375 mederentur
721 354 733 381 3
766 336 849 388 qui,
884 345 1068 388 tanquam
1089 336 1115 374 fi
1137 335 1258 375 offusa
1277 336 1502 390 reipublicae
1523 338 1754 392 sempiterna

335 418 411 443 nox
431 403 534 449 effet,
559 404 612 442 ita
631 403 794 441 ruebant
816 403 856 441 in
877 403 1059 449 tenebris,
1090 403 1300 456 omniaque
1321 403 1550 443 miscebant.
1601 408 1638 444 A
1659 408 1749 459 qui-

335 472 406 510 bus
442 471 576 516 miror,
609 484 656 508 ne
689 470 795 523 quod
819 470 1063 522 judiciorum
1083 470 1171 508 effet
1203 470 1425 523 vestigium,
1461 485 1540 510 non
1559 472 1752 524 ,subsellia

332 551 490 591 quoque
508 537 579 576 effe
598 537 823 576 combusta:
847 550 938 575 nam
960 546 998 575 et
1018 536 1251 575 accusatores
1270 546 1308 575 et
1328 537 1480 589 judices
1501 538 1750 578 sustulerunt.

333 606 425 643 Hoc
446 604 647 643 commodi
667 604 734 649 est,
766 603 873 656 quod
893 604 947 642 ita
966 604 1160 649 vixerunt,
1193 613 1236 642 ut
1268 604 1378 642 testes
1399 618 1549 650 omnes,
1581 606 1607 644 s1
1630 619 1751 659 cupe-

333 682 431 718 rent,
463 671 678 710 interficere
697 685 776 710 non
800 670 962 725 poffent.
994 671 1118 716 Nam,
1150 671 1246 709 dum
1267 669 1480 710 hominum
1508 686 1631 726 genus
1664 675 1751 718 erit,

332 739 401 790 qui
435 738 584 776 accuset
615 751 694 783 eos,
735 751 815 775 non
845 737 993 776 deerit:
1037 737 1133 776 dum
1165 737 1299 776 civitas
1332 738 1420 783 erit,
1460 739 1611 790 judicia
1641 739 1749 777 fient,

332 805 497 850 Verum,
528 814 572 844 ut
602 805 706 857 coepi
737 805 876 849 dicere,
907 814 946 842 et
977 805 1159 849 Erucius,
1191 803 1273 843 haec
1301 804 1328 843 fi
1359 804 1520 843 haberet
1554 806 1595 844 in
1626 806 1749 851 causa,

332 885 417 924 quse
440 872 762 917 commemoravi,
793 871 912 924 poffet
944 885 985 908 ea
1015 872 1193 923 quamvis
1215 871 1283 909 diu
1318 871 1476 918 dicere,
1508 882 1546 911 et
1567 886 1653 926 ego,
1675 874 1750 924 Ju-

332 938 451 983 dices,
484 938 663 990 poffum:
695 937 759 976 sed
790 938 832 976 in
859 938 992 977 animo
1026 938 1092 983 est,
1127 938 1495 990 (quemadmodum
1529 949 1617 978 ante
1648 940 1748 992 dixi)

333 1003 468 1042 leviter
488 1004 654 1047 transire,
672 1017 714 1041 ac
736 1004 1010 1042 tantummodo
1030 1004 1282 1057 perstringere
1303 1019 1623 1059 unamquamque
1644 1021 1750 1052 rem;

332 1078 376 1106 ut
395 1083 531 1108 omnes
553 1068 785 1121 intelligant,
818 1082 882 1107 me
902 1082 981 1107 non
1001 1069 1127 1108 studio
1147 1070 1333 1115 accusare,
1367 1071 1429 1109 sed
1461 1072 1592 1110 officio
1613 1072 1749 1110 defen-

332 1135 433 1173 dere.

372 1201 568 1239 XXXIII.
589 1200 715 1238 Video
735 1201 856 1253 igitur
876 1200 1000 1238 causas
1021 1200 1092 1238 esse
1115 1202 1340 1253 permultas,
1359 1216 1445 1253 quae
1466 1203 1583 1241 istum
1604 1205 1749 1257 impes,

330 1267 465 1306 lerent.
498 1267 711 1304 Videamus
732 1280 853 1312 nunc,
882 1280 1006 1319 ecqua
1025 1265 1188 1305 facultas
1210 1267 1439 1320 suscipiendi
1457 1269 1640 1307 maleficii
1661 1269 1748 1307 fue-

330 1334 393 1372 rit.
426 1333 508 1372 Ubi
529 1333 677 1372 occisus
698 1334 751 1372 est
772 1335 859 1372 Sex.
882 1333 1075 1372 Roscius?
1108 1335 1260 1372 Romae.
1287 1334 1395 1385 Qid
1415 1335 1427 1371 ?
1450 1344 1506 1381 tu,
1530 1336 1661 1382 Rosci,
1680 1338 1749 1375 ubi

331 1409 425 1439 tunc
445 1401 553 1439 eras?
596 1401 749 1440 Romae.
783 1401 931 1439 Verum
951 1401 1048 1454 quid
1079 1414 1125 1439 an
1157 1401 1273 1439 rem?
1305 1411 1343 1439 et
1370 1401 1434 1439 alii
1454 1402 1586 1440 multi.
1630 1404 1749 1457 Qasl

330 1481 435 1506 nunc
455 1467 496 1505 id
515 1476 661 1521 agatur,
682 1468 770 1520 quis
790 1481 838 1506 ex
859 1476 964 1506 tanta
983 1467 1240 1506 multitudine
1259 1467 1446 1506 occiderit
1462 1487 1475 1514 ;
1507 1482 1550 1507 ac
1570 1482 1649 1508 non
1670 1469 1749 1508 hoc

329 1544 534 1587 quaeratur,
564 1548 669 1580 eum,
702 1535 771 1587 qui
792 1535 931 1573 Romae
952 1534 997 1573 fit
1017 1534 1180 1580 occisus,
1212 1542 1347 1573 utrum
1368 1536 1614 1574 verifimilius
1635 1537 1680 1575 fit
1699 1537 1749 1575 ab

329 1614 374 1638 eo
394 1600 464 1638 effe
483 1600 672 1646 occisum,
695 1601 764 1653 qui
783 1601 948 1640 affiduus
969 1615 1016 1639 eo
1036 1610 1212 1654 tempore
1233 1602 1373 1639 Romae
1393 1600 1532 1648 fuerit,
1555 1616 1602 1641 an
1618 1603 1665 1641 ab
1686 1617 1747 1648 eo,

330 1666 400 1718 qui
419 1666 556 1704 multis
576 1667 685 1705 annis
706 1668 879 1705 Romam
900 1667 1064 1704 omnino
1084 1681 1163 1705 non
1182 1666 1391 1706 accesserit.

384 1733 485 1784 Age,
508 1745 612 1770 nunc
634 1741 783 1770 caeteras
804 1731 1007 1770 facultates
1029 1745 1185 1784 quoque
1206 1732 1505 1770 confideremus.
1538 1733 1632 1771 Erat
1659 1743 1746 1774 tum

330 1798 547 1837 multitudo
565 1798 802 1844 ficariorum,
833 1799 874 1836 id
895 1798 1001 1850 quod
1021 1799 1344 1836 commemoravit
1372 1798 1567 1843 Erucius,
1600 1809 1638 1838 et
1668 1799 1745 1839 ho-

329 1865 453 1902 mines
474 1865 638 1917 impune
657 1865 947 1902 occidebantur.
967 1865 1106 1916 Qid?
1128 1878 1170 1901 ea
1186 1864 1401 1902 multitudo
1422 1878 1506 1916 quae
1527 1866 1634 1904 erat?
1656 1867 1743 1919 opi-

328 1943 412 1975 nor,
449 1940 515 1968 aut
534 1944 687 1975 eorum,
722 1930 791 1983 qui
811 1930 852 1968 in
873 1931 985 1969 bonis
1014 1939 1121 1968 erant
1152 1930 1331 1982 occupati
1349 1949 1360 1975 ς
1393 1940 1457 1967 aut
1489 1944 1639 1976 eorum,
1675 1933 1746 1984 qui

329 1996 376 2034 ab
407 1997 454 2034 iis
486 1996 814 2042 conducebantur,
842 2005 886 2034 ut
905 1996 1075 2048 aliquem
1096 1996 1330 2035 occiderent.
1376 1996 1412 2034 Si
1433 2009 1495 2033 eos
1517 2006 1643 2049 putas,
1676 1998 1747 2050 qui

330 2062 500 2101 alienum
522 2063 781 2115 appetebant;
814 2072 857 2101 tu
878 2077 915 2101 es
938 2063 978 2100 in
1000 2076 1045 2101 eo
1066 2076 1243 2107 numero,
1265 2063 1334 2115 qui
1352 2063 1477 2100 nostra
1498 2064 1661 2115 pecunifi
1682 2065 1743 2101 di-

329 2140 393 2165 ves
414 2141 451 2165 es
471 2143 479 2165 1
512 2129 565 2166 sm
587 2142 666 2174 eos,
695 2143 809 2181 quos,
844 2130 912 2181 qui
933 2129 1075 2167 leviore
1096 2129 1256 2166 nomine
1283 2128 1490 2181 appellant,
1512 2130 1742 2181 percussores

327 2203 494 2237 vocant;
527 2207 668 2246 quaere,
700 2195 741 2232 in
761 2195 872 2246 cujus
892 2194 970 2232 fide
989 2194 1075 2239 sint,
1108 2204 1145 2231 et
1166 2194 1367 2232 clientela:
1400 2193 1501 2232 mihi
1522 2195 1645 2239 crede,
1670 2195 1740 2232 ali-

328 2272 446 2311 quem
469 2260 514 2297 de
535 2260 712 2298 societate
732 2269 797 2298 tua
818 2260 991 2312 reperies.
1043 2261 1109 2304 Et,
1143 2260 1334 2312 quidquid
1369 2270 1410 2298 tu
1431 2270 1564 2297 contra
1584 2260 1740 2305 dixeris,

328 2325 369 2362 id
403 2339 496 2363 cum
531 2325 747 2364 defensione
778 2326 901 2371 nostra
931 2327 1184 2365 contendito:
1219 2327 1272 2364 ita
1301 2326 1490 2364 facillime
1524 2324 1631 2362 causa
1652 2329 1740 2365 Sex,

328 2391 459 2429 Roscii
477 2406 568 2430 cum
590 2402 655 2431 tua
675 2393 909 2432 conferetur.

390 2457 524 2503 Dices,
556 2459 665 2511 Qid
696 2459 836 2511 postea,
859 2460 885 2497 fi
908 2460 1046 2497 Romae
1067 2458 1231 2496 affiduus
1253 2456 1340 2493 fui?
1389 2455 1660 2508 Respondebo,
1685 2460 1742 2496 At

328 2533 400 2573 ego
431 2524 594 2562 omnino
626 2538 703 2562 non
724 2523 796 2563 fui.
830 2526 984 2570 Fateor,
1012 2537 1077 2562 me
1106 2523 1288 2560 sedorcm
1321 2521 1416 2559 esse:
1451 2536 1584 2560 verum
1607 2534 1644 2561 et
1677 2525 1744 2561 alii
