2201 2792
481 104 559 155 426
914 104 1005 144 IN
1075 103 1460 143 VERREM

482 213 645 242 matrem
665 204 826 257 populo,
859 204 1042 257 plebique
1062 206 1250 243 Romanae
1275 205 1459 243 ludorum
1480 204 1701 243 celebritate
1721 203 1879 258 placan-

481 271 570 309 dam
590 286 598 309 :
631 270 731 309 mihi
753 271 863 309 ludos
885 272 1182 324 antiquissimos,
1215 273 1281 323 qui
1303 272 1421 324 primi
1447 272 1618 310 Romani
1639 271 1725 310 sunt
1746 271 1879 309 nomi-

482 338 575 383 nati,
599 338 769 376 maxima
789 352 881 375 cum
896 338 1097 390 dignitate,
1112 351 1154 374 ac
1169 337 1354 389 religione
1363 338 1465 388 Jovi‚
1481 339 1642 389 Junoni,
1665 338 1878 376 Minervae-

480 417 556 456 que
576 403 647 442 effe
666 403 861 441 faciendos
885 419 893 441 :
927 402 1028 441 mihi
1059 403 1247 441 sacrarum
1268 403 1409 441 aedium
1430 405 1756 456 procurationem,
1778 402 1879 442 mihi

481 479 605 508 totam
627 470 763 508 urbem
785 470 967 508 tuendam
988 469 1059 507 effe
1080 468 1324 508 commiffam
1343 485 1352 508 ε
1385 470 1436 508 ob
1462 483 1593 509 earum
1620 485 1749 508 rerum
1769 470 1879 508 labo-

481 549 562 573 rem
584 544 621 573 et
652 535 939 573 solicitudinem
959 534 1106 573 fructus
1139 535 1225 574 illos
1246 535 1367 581 datos,
1398 536 1659 588 antiquiorem
1678 535 1719 574 in
1750 535 1881 574 senatu

481 601 677 640 sententiae
704 601 874 639 dicendae
905 601 1053 647 locum,
1089 612 1220 654 togam
1251 611 1490 655 praetextam,
1526 602 1656 642 sellam
1686 601 1880 646 curulem,

474 669 539 721 jus
561 668 741 721 imaginis
773 668 818 706 ad
840 669 1083 714 memoriam,
1107 668 1458 722 posteritatemque,
1481 669 1698 722 prodendae.
1731 669 1794 707 Ex
1819 667 1880 706 his

479 749 552 788 ego
573 735 685 773 rebus
706 735 903 780 omnibus,
925 736 1099 786 Judices,
1127 736 1179 773 ita
1200 735 1299 773 mihi
1321 737 1425 774 Deos
1445 750 1581 774 omnes
1602 735 1788 789 propitios
1809 735 1881 773 effe

478 802 613 846 velim,
636 811 692 847 ut,
716 802 862 839 tametfi
883 801 1296 855 mihijucundiffimus
1327 803 1380 840 est
1409 801 1532 841 honos
1565 803 1715 855 populi,
1750 811 1880 840 tamen

479 881 725 920 nequaquam
746 876 900 905 tantum
926 868 1037 921 capio
1069 869 1292 921 voluptatis,
1315 879 1505 921 quantum
1538 868 1807 913 solicitudinis,
1842 878 1880 906 et

480 933 636 978 laboris,
659 942 701 971 ut
721 931 803 970 haec
820 932 899 986 ipsa
919 933 1092 979 aedilitas,
1116 947 1207 978 non,
1228 934 1318 985 quia
1334 934 1477 972 necefle
1497 933 1628 978 fuerit,
1651 933 1766 971 alicui
1786 947 1879 971 can-

478 999 608 1038 didato
639 1000 738 1044 data,
777 998 839 1036 sed
860 1000 951 1052 quia
970 1000 1019 1038 fic
1051 1001 1278 1054 oportuerit,
1315 1002 1414 1039 reete
1444 1000 1644 1046 collocata,
1677 1009 1715 1038 et
1729 1000 1882 1053 judicio

478 1066 613 1119 populi
635 1066 674 1103 in
693 1066 780 1104 loco
801 1065 919 1118 posita
939 1066 1009 1104 effe
1030 1067 1215 1105 videatur.

531 1133 624 1171 XV.
657 1133 722 1170 Tu
745 1145 837 1170 cum
859 1132 949 1170 effes
972 1134 1114 1172 Praetor
1137 1134 1376 1173 renuntiatus
1398 1148 1558 1187 quoquo
1592 1133 1711 1172 modo
1745 1134 1880 1187 (mitto

477 1200 598 1244 enim,
621 1208 657 1237 et
679 1209 873 1252 praetereo,
895 1199 990 1251 quid
1012 1208 1098 1238 tum
1129 1201 1172 1239 fit
1192 1201 1339 1253 aetum)
1363 1200 1425 1239 sed
1445 1215 1538 1240 cum
1564 1201 1653 1239 effes
1680 1201 1877 1239 renuntia·

477 1275 553 1310 tus,
577 1274 619 1303 ut
640 1265 735 1310 dixi,
751 1278 827 1302 non
848 1265 927 1317 ipsa
945 1267 1131 1318 praeconis
1153 1281 1245 1305 voce
1263 1268 1451 1305 excitatus
1472 1281 1525 1312 es,
1547 1267 1615 1320 qui
1636 1276 1672 1305 te
1692 1267 1879 1320 totiess-

477 1333 629 1377 niorum,
639 1332 894 1385 juniorumque
913 1333 1085 1371 centurizk
1104 1334 1160 1372 illo
1179 1334 1307 1373 honore
1326 1334 1422 1387 (ffci
1437 1333 1717 1387 pronuntiavit,
1739 1343 1782 1372 ut
1802 1333 1879 1372 hoc

476 1408 641 1451 putares,
663 1398 834 1450 aliquam
869 1399 1092 1451 reipublicae
1113 1409 1260 1452 partem
1283 1400 1355 1438 tibi
1391 1400 1606 1439 creditam?
1638 1413 1783 1438 annum
1805 1400 1879 1438 tibi

475 1465 590 1504 illum
612 1479 736 1503 unum
768 1465 885 1503 domo
920 1466 1129 1504 carendum
1162 1466 1232 1504 effe
1262 1467 1506 1505 meretricis?
1540 1468 1644 1505 Cum
1664 1466 1749 1505 .tibi
1781 1466 1879 1505 sorte

474 1531 682 1584 obtigiss'et,
705 1540 747 1569 ut
762 1532 826 1584 jus
848 1531 1018 1578 diceres;
1051 1543 1242 1585 quantum
1264 1534 1423 1586 negotii,
1445 1533 1540 1586 quid
1560 1533 1685 1572 oneris
1705 1532 1876 1578 haberes,

475 1613 677 1652 nunquam
697 1599 894 1651 cogitasti:
927 1612 1053 1652 neque
1073 1600 1171 1638 illud
1192 1601 1348 1639 rationis
1368 1599 1548 1645 habuisti,
1572 1601 1598 1638 fi
1619 1599 1718 1638 forte
1738 1614 1877 1653 exper-

474 1665 647 1719 gefacere
674 1675 710 1704 te
730 1665 866 1718 poffeS,
897 1679 981 1704 eam
1013 1668 1269 1720 provinciam,
1305 1682 1423 1721 quam
1444 1668 1543 1706 tueri
1563 1667 1742 1720 singulari
1776 1667 1876 1720 sapi-

474 1735 589 1778 entia,
623 1742 737 1785 atque
772 1732 991 1784 integritate
1026 1733 1185 1772 difficile
1215 1734 1316 1780 esset,
1348 1735 1394 1772 ad
1428 1734 1621 1773 summam
1656 1733 1874 1779 stultitiam,

475 1800 768 1852 nequitiamque
788 1799 937 1838 veniffe.
972 1801 1107 1853 Itaque
1138 1815 1216 1839 non
1238 1801 1357 1839 modo
1378 1802 1495 1840 domo
1528 1810 1592 1839 tua
1614 1799 1874 1839 Chelidonem

475 1868 513 1904 in
534 1877 696 1918 praetura
716 1866 917 1904 extrudere
937 1866 1108 1913 noluisti,
1141 1868 1203 1906 sed
1224 1869 1263 1906 in
1287 1867 1516 1907 Chelidonis
1537 1868 1701 1906 domum
1730 1876 1874 1919 praetu-

474 1947 555 1971 ram
577 1942 683 1971 tuam
706 1941 827 1969 totam
848 1932 1032 1971 detulisti.

530 2002 665 2036 Secuta
685 1998 883 2050 provincia
908 1999 960 2036 est
979 2013 987 2037 :
1022 1999 1060 2037 in
1084 2013 1159 2052 qua
1181 2001 1253 2038 tibi
1274 2014 1474 2054 nunquam
1495 2000 1602 2040 venit
1622 2000 1661 2038 in
1683 2008 1872 2046 mentem,

473 2079 549 2104 non
573 2065 645 2103 tibi
666 2065 810 2102 idcirco
832 2063 963 2110 fasces,
995 2074 1032 2103 et
1053 2066 1213 2112 secures,
1245 2077 1282 2105 et
1310 2076 1456 2106 tantam
1477 2067 1632 2120 imperii
1653 2067 1751 2112 vim,
1785 2076 1872 2105 tan-

472 2142 628 2185 tamque
649 2140 965 2169 ornamentorum
997 2132 1179 2171 omnium
1210 2133 1442 2186 dignitatem
1474 2134 1600 2172 datam
1622 2163 1633 2179 ,
1665 2141 1708 2171 ut
1739 2146 1870 2171 earum

472 2213 600 2237 rerum
623 2198 674 2243 vi,
705 2207 743 2235 et
774 2197 995 2236 auctoritate
1026 2200 1157 2238 omnia
1187 2201 1493 2253 repagulajuris‚
1519 2200 1690 2254 pudoriS,
1726 2209 1763 2237 et
1782 2199 1871 2237 offi—

472 2267 522 2304 cii
544 2263 819 2318 perfringere55
853 2273 894 2301 ut
915 2265 1094 2303 omnium
1117 2266 1229 2311 bona,
1248 2267 1415 2319 praedam
1437 2276 1543 2305 tuam
1565 2267 1747 2310 duceres,
1779 2264 1870 2302 nul-

471 2333 544 2370 lius
567 2345 623 2369 res
645 2339 741 2376 tuta,
773 2329 918 2368 nullius
952 2330 1091 2369 domus
1123 2331 1258 2376 clausa,
1291 2333 1436 2371 nullius
1462 2334 1547 2371 -vita
1578 2332 1693 2385 septa,
1725 2331 1870 2369 nullius

472 2398 659 2451 pudicitia
687 2397 837 2436 munita
864 2406 996 2437 contra
1028 2407 1133 2437 tuam
1155 2398 1424 2454 cupiditatem,
1456 2408 1493 2437 et
1522 2398 1719 2438 audaciam
1750 2397 1871 2451 poffet
