2201 2792
424 135 498 172 116
815 131 892 169 IN
949 131 1018 181 Q
1061 130 1431 169 cAECILIUM

418 247 484 271 vos
505 233 721 286 plurimum
742 230 854 269 debet
873 231 1009 275 valere,
1038 229 1113 268 hoc
1133 230 1200 275 est,
1220 230 1266 268 de
1286 230 1481 269 voluntate
1499 241 1648 273 eorum,
1670 228 1815 281 quibus

419 300 566 351 injuriae
586 298 692 336 fastae
712 297 798 335 sunt
814 316 825 341 3
852 310 1018 348 quorum
1037 296 1145 334 causa
1158 296 1352 348 judicium
1373 296 1419 333 de
1439 295 1610 348 pecuniis
1631 304 1812 347 repetun-

419 363 477 401 dis
497 364 548 401 est
569 363 835 401 constitutum.
865 361 1034 399 Siciliam
1050 361 1288 413 provinciam
1306 362 1353 398 C.
1368 361 1504 398 Verres
1520 373 1586 412 per
1601 360 1813 397 trien-nium

420 429 672 481 depopulatus
693 427 776 472 effe,
810 427 1030 464 Siculorum
1056 427 1229 464 civitates
1250 425 1410 471 vastaffe,
1433 427 1568 464 domos
1596 424 1812 469 exinanisse,

419 495 505 533 fana
525 494 705 548 spoliasse,
745 494 899 531 dicitur.
942 492 1107 536 Adsunt,
1143 501 1354 543 queruntur
1388 492 1508 529 Siculi
1542 491 1726 529 univerfi:
1768 490 1814 528 ad

420 574 548 600 meam
569 560 700 604 fidem,
721 572 837 611 quam
855 558 999 596 habent
1018 557 1220 610 speftatam
1235 558 1317 609 jam
1337 567 1374 595 et
1394 557 1460 595 diu
1480 557 1690 608 cognitam,
1717 569 1815 593 con-

419 625 601 678 fugiunt:
633 625 822 663 auxilium
842 624 911 661 fibi
932 637 997 675 per
1016 636 1079 660 me
1098 636 1118 659 a
1148 623 1270 667 vobis,
1301 632 1415 674 atque
1443 635 1463 660 a
1481 622 1618 675 populi
1646 620 1817 659 Romani

421 693 570 743 legibus
586 699 746 744 petunt:
770 704 833 728 me
853 688 1088 726 defensorem
1108 688 1365 726 calamitatem
1385 687 1550 732 suarum,
1569 700 1632 725 me
1648 686 1817 724 ultorem

420 758 662 809 injuriarum,
694 769 758 794 me
787 755 1026 808 cognitorem
1052 754 1149 806 juris
1171 753 1241 799 sui,
1273 767 1336 792 me
1366 755 1533 792 aitorern
1558 752 1675 791 causae
1696 751 1816 790 totius

421 823 491 861 effe
511 823 728 862 voluerunt.

477 890 639 933 Utrum,
675 889 742 939 Q
764 886 911 933 Caeci}i‚
943 887 1019 925 hoc
1040 887 1156 930 dices,
1179 901 1243 924 me
1274 900 1350 925 non
1372 886 1591 925 Siculorum
1612 892 1746 936 rogatu
1771 881 1823 919 ad*

421 953 572 991 causam
606 954 782 991 accedere
802 971 813 997 5
856 966 903 990 an
933 953 1175 1004 optimorum
1210 952 1591 1002 fideliflimorumque
1625 948 1824 986 sociorum-

420 1020 660 1057 voluntatem
691 1018 790 1070 apud
810 1017 880 1055 hos
911 1031 1065 1069 gravem
1091 1017 1161 1053 effe
1186 1030 1265 1054 non
1295 1015 1498 1068 oportere?
1531 1015 1569 1052 Si
1600 1014 1640 1051 id
1659 1012 1817 1051 audebis

421 1084 559 1128 dicere,
582 1083 686 1135 quod
719 1084 766 1119 C.
789 1082 939 1126 Verres,
971 1081 1034 1118 cui
1067 1089 1103 1118 te
1122 1080 1328 1118 inimicum
1356 1079 1427 1118 esse
1454 1079 1622 1123 fimulas,
1647 1078 1818 1116 maxime

421 1148 629 1186 existimari
649 1147 746 1190 vult,
782 1146 929 1184 Siculos
951 1145 1026 1184 hoc
1047 1159 1068 1182 a
1087 1159 1150 1184 me
1170 1159 1247 1182 non
1274 1145 1404 1196 petisse
1419 1163 1431 1189 3
1463 1142 1636 1197 primum
1667 1142 1826 1180 causam*

422 1215 574 1252 inimici
594 1213 651 1250 tui
671 1211 897 1254 sublevabis,
929 1211 975 1247 de
994 1223 1072 1261 quo
1105 1223 1182 1246 non
1203 1210 1485 1261 praejudicium,
1519 1208 1581 1246 sed
1615 1208 1726 1259 plane
1750 1208 1819 1258 ju-

421 1279 569 1317 dicium
590 1277 672 1327 jam
705 1273 852 1312 factum
878 1282 1047 1326 putat-ur,
1070 1273 1174 1325 quod
1194 1274 1246 1311 ita
1265 1274 1499 1326 percrebuit,
1519 1273 1666 1310 Siculos
1686 1285 1819 1310 omnes

423 1346 590 1381 actorem
609 1341 682 1380 suae
702 1339 818 1379 causae
838 1347 968 1378 contra
989 1339 1093 1377 illius
1112 1339 1268 1391 injurias
1290 1338 1466 1391 quaesisse.
1505 1339 1596 1376 Hoc
1616 1337 1642 1375 s1
1664 1346 1720 1381 tu,
1741 1336 1820 1374 ini-

423 1410 548 1448 micus
571 1409 665 1460 ejus,
686 1405 831 1444 faC'mm
851 1406 1021 1458 negabis,
1053 1405 1158 1457 quod
1182 1405 1273 1457 ipse,
1295 1404 1359 1442 cui
1379 1404 1549 1441 maxime
1568 1402 1648 1440 haec
1670 1415 1725 1439 res
1745 1401 1819 1440 ob-

423 1476 506 1520 stat,
534 1486 668 1526 negare
702 1485 779 1509 non
811 1471 923 1508 audet
940 1489 951 1515 ς
983 1471 1124 1514 videto,
1158 1482 1204 1507 ne
1224 1469 1393 1507 nimium
1413 1467 1652 1506 familiariter
1682 1467 1820 1506 inimi-

425 1541 531 1579 citias
567 1550 739 1576 exercere
760 1536 920 1574 videare.
964 1535 1115 1573 Deinde
1135 1534 1221 1572 sunt
1241 1534 1348 1572 testes
1379 1534 1451 1572 viri
1471 1533 1664 1571 clariffimi
1690 1532 1822 1570 nostrae

425 1606 603 1647 civitatis,
639 1615 734 1654 quos
765 1614 899 1638 omnes
925 1613 946 1638 a
966 1613 1029 1638 me
1048 1599 1240 1638 nominari
1259 1612 1337 1637 non
1356 1599 1410 1636 est
1443 1596 1611 1636 neceffe:
1643 1610 1721 1641 e05‚
1752 1597 1822 1648 qui

424 1669 571 1713 adsunt,
602 1667 832 1719 appellabo:
883 1678 996 1716 quos,
1036 1664 1063 1702 fi
1093 1665 1289 1715 mentirer,
1321 1663 1429 1701 testes
1461 1663 1531 1701 effe
1568 1662 1821 1714 impudentiae

424 1749 519 1774 meae
540 1733 702 1772 minime
722 1731 874 1768 vellem.
918 1729 996 1767 Scit
1015 1729 1062 1774 is,
1085 1730 1154 1781 qui
1173 1729 1224 1767 est
1244 1730 1284 1767 in
1305 1729 1477 1774 confilio,
1510 1729 1557 1766 C.
1578 1727 1788 1766 Marcellus
1807 1742 1827 1766 τ’

426 1802 494 1839 scit
523 1800 568 1844 is,
601 1811 718 1850 quem
738 1796 856 1834 adeffe
875 1796 998 1839 video,
1031 1796 1106 1833 Cn.
1127 1795 1316 1833 Lentulus
1337 1794 1590 1833 Marcellinus
1608 1808 1617 1831 ε
1655 1806 1821 1844 quorum

426 1866 500 1903 fide
519 1874 634 1916 atque
653 1862 825 1915 praefidio
845 1861 963 1898 Siculi
984 1861 1152 1897 maxime
1178 1861 1369 1905 nituntur,
1394 1859 1498 1911 quod
1517 1859 1679 1907 omnino
1708 1858 1821 1895 Mar-

426 1931 613 1968 cellorum
634 1926 785 1965 nomini
806 1934 884 1963 tota
904 1925 969 1961 illa
990 1925 1188 1976 provincia
1206 1925 1381 1976 adjuncta
1399 1924 1466 1962 est.
1509 1924 1567 1961 Hi
1585 1923 1722 1968 sciunt,
1745 1922 1822 1961 hoc

428 2009 505 2033 non
526 1994 642 2032 modo
669 2006 691 2030 a
721 2005 783 2029 me
813 1990 978 2042 petitum
1003 1989 1087 2034 effe,
1119 1989 1256 2027 sedita
1284 1989 1392 2042 saepe,
1422 1998 1460 2027 et
1496 1990 1547 2027 ita
1579 1988 1828 2028 vehementer.

429 2061 499 2098 effe
519 2059 700 2112 petitum,
728 2065 774 2093 ut
800 2065 863 2093 aut
884 2055 990 2093 causa
1009 2054 1110 2093 mihi
1139 2054 1373 2108 suscipienda
1403 2053 1532 2099 fuerit,
1563 2064 1627 2092 aut
1648 2054 1823 2092 officium

429 2123 710 2164 neceffitudinis
733 2121 1023 2174 repudiandum.
1048 2120 1119 2158 Sed
1140 2121 1234 2172 quid
1250 2134 1321 2173 ego
1341 2119 1402 2158 his
1420 2120 1576 2158 testibus
1598 2129 1697 2164 utor,
1720 2120 1824 2172 quafi

429 2204 484 2229 res
505 2190 635 2234 dubia,
656 2197 721 2225 aut
741 2186 897 2224 obscura
917 2186 987 2224 fit?
1010 2185 1161 2224 Adsunt
1175 2185 1353 2224 homines
1374 2199 1419 2224 ex
1440 2195 1519 2224 tota
1537 2185 1733 2237 provincia
1749 2197 1822 2222 no-

430 2256 616 2300 biliffimi,
661 2254 728 2306 qui
763 2252 959 2305 praesentes
990 2265 1056 2289 vos
1094 2261 1215 2296 orant,
1258 2261 1373 2303 atque
1410 2251 1618 2294 obsecrant,
1650 2249 1826 2300 Judices,

430 2331 473 2358 ut
493 2322 531 2358 in
551 2323 673 2358 ειᾶὶοῑε
693 2318 808 2357 causa>
824 2318 895 2356 suae
913 2317 1117 2368 deligendo
1135 2318 1301 2355 vestrum
1316 2318 1510 2369 judicium
1528 2316 1574 2353 ab
1590 2315 1656 2353 suo
1671 2314 1822 2366 judicio

431 2399 478 2423 ne
505 2386 702 2438 discrepet.
763 2383 957 2421 Omnium
978 2383 1179 2420 civitatum
1201 2383 1318 2420 totius
1347 2382 1484 2419 Siciliae
1515 2381 1719 2432 legationes
1754 2380 1822 2417 ad-

432 2451 530 2496 sunt,
561 2460 695 2502 praeter
728 2450 819 2489 duas
855 2449 1057 2495 civitates,
1089 2461 1253 2501 quarum
1274 2447 1450 2494 duarum,
1481 2447 1507 2485 fi
1539 2440 1714 2493 adessent,
1746 2445 1824 2484 duo
