2201 2792
344 154 393 193 30
863 135 1219 175 ORATIO

343 239 510 292 Qintio
531 237 789 278 controverfiae
809 235 908 274 nihil
927 235 1119 274 futurum.
1152 235 1354 281 Posterius,
1377 235 1519 288 inquit,
1547 235 1614 274 ista
1632 235 1740 275 vide·

340 308 486 351 bimus,
519 305 730 357 Qintius:
763 316 865 341 nunc
897 301 973 340 hoc
994 302 1112 340 velim
1133 314 1239 339 cures
1273 300 1318 353 (fi
1338 301 1411 339 tibi
1435 301 1603 353 videtur)
1636 301 1741 354 quod

340 373 482 412 dixisti.
527 372 656 423 Negat
676 370 711 408 se
730 370 802 407 alia
831 370 977 407 ratione
1007 366 1213 412 facturum,
1245 368 1349 420 quod
1379 367 1629 420 promififfet3
1661 379 1741 405 non

340 441 426 493 plus
448 439 511 477 sua
531 437 681 480 referre,
714 450 831 488 quam
852 435 892 480 fi,
925 448 1016 474 cum
1044 435 1218 473 aufflone
1246 435 1439 479 venderet,
1471 432 1740 486 dominijuffu

340 506 542 559 quippiam
562 502 798 557 promififfet.

394 571 654 610 Destitutione
684 569 749 606 illa
783 567 976 621 perculsus
1007 567 1209 618 Qinfius,
1240 580 1260 604 a
1287 565 1459 619 Scapulis
1487 579 1626 619 paucos
1661 564 1740 603 dies

338 637 461 677 aufert
478 656 489 681 ;
521 637 560 674 in
583 636 754 674 Galliam
785 635 922 679 mittit,
955 643 997 672 ut
1030 647 1084 679 ea,
1115 647 1200 686 quae
1230 632 1508 686 proscripserat,
1539 632 1737 670 venirent:

338 704 522 742 deteriore
542 711 715 754 tempore
745 701 875 739 absens
896 701 1161 738 auffionatur:
1196 698 1365 751 Scapulis
1397 698 1615 737 difficiliore
1642 710 1738 734 con-

337 771 483 808 ditione
513 767 691 807 dissolvit.
734 768 851 805 Tunc
884 765 1049 819 appellat
1083 765 1184 804 ultro
1214 765 1411 810 Naevium,
1455 773 1512 810 ut,
1552 763 1738 817 quoniam

338 837 585 888 suspicaretur
615 834 742 886 aliqua
772 833 819 871 de
854 846 892 870 re
912 831 994 870 fore
1014 831 1323 876 controverslam‚
1354 832 1512 876 videret,
1544 840 1588 869 ut
1621 842 1739 884 quam

336 904 524 955 primum,
560 910 597 938 et
628 914 746 953 quam
781 900 945 938 minima
978 912 1070 936 cum
1105 898 1277 936 molestia
1311 906 1390 935 tota
1425 911 1481 936 res
1516 897 1738 948 tranfigere-

335 978 412 1006 tur.
445 969 523 1005 Dat
551 966 616 1004 iste
647 966 818 1003 amicum
850 965 912 1002 M.
936 963 1207 1002 Trebellium:
1242 977 1310 1001 nos
1334 975 1589 1000 communem
1609 959 1737 999 neces-

336 1035 488 1077 sarium,
520 1033 586 1084 qui
610 1032 713 1069 istius
735 1031 842 1068 domi
869 1039 945 1067 erat
966 1030 1161 1072 educatus,
1193 1038 1232 1065 et
1265 1041 1344 1079 quo
1365 1028 1542 1065 utebatur
1561 1027 1628 1063 iste
1648 1026 1737 1078 plu-

335 1101 496 1143 rimum,
528 1098 791 1150 propinquum
824 1095 1009 1140 nostrum,
1042 1096 1126 1132 Sex.
1150 1092 1392 1146 Alphenum.
1436 1093 1512 1130 Res
1534 1091 1739 1129 convenire

334 1166 443 1203 nullo
474 1165 590 1203 modo
624 1171 797 1215 poterat;
830 1170 1026 1213 propterea
1056 1159 1161 1210 quod
1194 1158 1259 1195 hic
1280 1158 1517 1196 mediocrem
1547 1158 1737 1209 ja&uram

334 1232 455 1270 facere
476 1229 680 1282 cupiebat3
713 1227 778 1265 iste
800 1226 985 1264 mediocri
1007 1226 1130 1277 praeda
1150 1233 1353 1262 contentus
1376 1237 1452 1261 non
1472 1233 1562 1261 erat.
1602 1223 1737 1274 Itaque

334 1312 381 1336 ex
402 1311 447 1335 eo
468 1306 641 1348 tempore
672 1306 727 1331 res
759 1292 829 1330 effe
860 1293 899 1329 in
921 1291 1188 1329 vadimonium
1215 1291 1348 1343 coepit.
1393 1292 1497 1328 Cum
1519 1289 1739 1327 vadimonia

335 1365 428 1417 saepe
458 1363 574 1402 dilata
603 1360 732 1405 essent,
764 1368 801 1397 et
832 1372 923 1397 cum
953 1358 1197 1411 aliquantum
1229 1358 1412 1409 temporis
1445 1357 1483 1394 in
1511 1369 1553 1393 ea
1583 1370 1620 1393 re
1650 1356 1737 1394 effer

334 1430 626 1483 consumptum,
659 1440 782 1479 neque
801 1425 1016 1480 quidquam
1047 1424 1260 1479 perfeffiwm
1281 1423 1383 1470 effet,
1414 1423 1519 1463 venit
1546 1422 1592 1460 ad
1626 1422 1733 1461 vadi-

334 1497 513 1535 monium
535 1494 707 1534 Naevius.

389 1563 460 1600 VI.
495 1561 664 1599 Obsecro
695 1570 745 1605 te,
778 1561 826 1598 C.
860 1559 1010 1612 Aquili,
1041 1560 1196 1612 vosque,
1228 1559 1296 1611 qui
1327 1558 1459 1596 adestis
1490 1557 1529 1595 in
1561 1557 1733 1600 confilio,

333 1638 375 1667 ut
397 1629 598 1681 diligenter
618 1627 833 1672 attendatis,
866 1635 909 1664 ut
929 1627 1113 1680 singulare
1132 1639 1252 1679 genus
1273 1625 1430 1669 fraudis,
1457 1633 1495 1662 et
1515 1637 1653 1662 novam
1674 1637 1733 1661 ra-

332 1695 480 1733 tionem
511 1694 730 1732 insidiarum
762 1691 987 1744 cognoscere
1021 1692 1179 1745 poffitis.
1211 1692 1294 1735 Ait,
1326 1691 1360 1729 se
1381 1690 1643 1728 auc‘tionatum
1664 1688 1734 1726 effe

332 1762 371 1798 in
395 1760 544 1799 Gallia:
578 1760 682 1812 quod
714 1759 782 1797 fibi
817 1758 1021 1803 videretur,
1053 1759 1088 1796 se
1122 1756 1355 1797 vendidisse:
1392 1756 1545 1801 curaffe,
1573 1769 1620 1794 ne
1639 1756 1735 1808 quid

331 1827 400 1865 fibi
422 1826 578 1864 societas
597 1825 773 1863 deberet:
806 1824 840 1862 se
866 1825 948 1876 jam
969 1838 1092 1876 neque
1112 1824 1238 1861 vadari
1270 1824 1450 1875 amplius,
1482 1835 1606 1873 neque
1626 1822 1732 1859 vadi-

332 1893 511 1931 monium
541 1891 792 1944 promittere:
825 1890 851 1927 fi
884 1889 979 1941 quid
1005 1903 1112 1941 agere
1132 1889 1262 1927 secum
1299 1888 1390 1926 velit
1422 1887 1624 1939 Qintius,
1656 1901 1734 1925 non

332 1958 512 1997 recusare.
547 1958 641 2002 Hic,
664 1970 754 1995 cum
777 1970 858 1994 rem
880 1955 1123 1993 Gallicanam
1152 1964 1306 2007 cuperet
1327 1953 1496 1998 revisere,
1528 1952 1732 1991 hominem

331 2025 369 2062 in
392 2023 585 2077 praesentia
605 2036 681 2061 non
702 2023 871 2060 vadatur.
916 2022 973 2059 Ita
992 2021 1067 2059 fine
1089 2021 1309 2059 vadimonio
1330 2019 1547 2058 disceditur.
1582 2020 1734 2058 Deinde

331 2092 468 2129 Romae
489 2089 567 2128 dies
591 2103 677 2128 xxx
701 2088 778 2126 fere
800 2088 987 2138 Qintius
1014 2096 1287 2125 commoratur.
1321 2087 1426 2124 Cum
1457 2085 1616 2130 caeteris‚
1649 2100 1734 2137 quae

330 2157 508 2201 habebat,
541 2156 759 2194 vadimonia
789 2153 930 2199 differt,
962 2163 1003 2193 ut
1036 2154 1236 2206 expeditus
1271 2154 1311 2191 in
1339 2152 1509 2190 Galliam
1540 2151 1732 2204 proficisci

329 2222 473 2276 poffet:
506 2221 772 2275 proficiscitur.

339 2307 341 2309 v
385 2290 512 2326 Roma
530 2289 724 2341 egreditur
754 2297 840 2326 ante
873 2288 978 2326 diem
999 2287 1039 2325 in
1062 2300 1094 2325 11
1119 2287 1282 2326 Kalend.
1306 2285 1517 2330 Februarii,
1552 2284 1731 2337 Scipione

329 2363 366 2392 et
383 2355 569 2392 Norbano
583 2353 830 2393 Consulibus.
854 2353 1006 2405 Qaeso,
1021 2362 1064 2390 ut
1084 2366 1172 2390 eum
1193 2353 1296 2390 diem
1315 2352 1509 2390 memoria²
1527 2351 1729 2390 mandetis.

329 2422 377 2459 L.
401 2420 556 2465 Albius,
582 2424 665 2459 Sex.
688 2420 805 2465 filius,
828 2421 1006 2472 Qirina,
1027 2419 1084 2456 vir
1105 2418 1243 2463 bonus,
1265 2427 1303 2456 et
1323 2431 1413 2456 cum
1436 2418 1570 2471 primis
1592 2415 1731 2455 hones-

326 2496 403 2532 ωε,
428 2499 501 2524 una
530 2485 723 2539 profcdtus
759 2487 824 2526 est.
877 2488 982 2526 Cum
1003 2484 1185 2525 venissent
1205 2485 1249 2523 ad
1271 2485 1363 2524 vada
1383 2484 1627 2523 Volaterrana
1646 2497 1730 2536 quae
