2201 2792
586 165 933 206 ACTIONIS
976 165 1029 203 II.
1101 166 1310 205 LIBER
1354 169 1385 206 Ι,
1617 173 1691 225 183

279 270 566 323 investigamus,
598 267 886 305 redundarunt:
919 265 1013 304 hinc
1049 267 1144 304 ratio
1178 280 1271 305 cum
1303 269 1370 319 Q
1391 278 1429 307 et
1452 271 1527 308 Cn.
1552 272 1691 310 Postu-

281 337 385 381 miis,
417 334 578 378 Curtiis,
611 333 748 372 multis
769 333 1012 378 nominibus,
1043 347 1212 386 quorum
1243 335 1284 372 in
1316 335 1456 373 tabulis
1478 336 1545 373 iste
1576 337 1694 377 habet

280 402 462 440 nullum:
494 399 587 439 hinc
623 401 716 439 H-S
747 400 1007 453 quaterdecies
1040 400 1085 437 P.
1114 399 1243 438 Tadio
1277 411 1476 440 numerata
1510 401 1692 449 Athenis,

278 468 438 506 testibus
459 467 621 521 planum
648 466 817 506 faciam:
850 466 945 506 hinc
975 476 1107 520 empta
1138 467 1369 520 apertiffime
1402 478 1592 522 praetura,
1625 471 1695 508 nifi

277 533 377 573 forte
397 534 437 573 id
457 534 574 573 etiarn
596 534 764 572 dubium
784 534 851 580 est,
884 533 1084 586 quomodo
1115 533 1182 571 iste
1203 535 1347 573 Praetor
1365 534 1488 574 fastus
1510 537 1568 576 fit.
1601 538 1694 576 Ho-

277 615 345 640 mo
366 602 511 641 scilicet
531 611 596 640 aut
617 602 814 647 industria,
849 610 915 640 aut
935 615 1049 655 opera
1069 601 1242 655 probata,
1276 611 1341 641 aut
1372 602 1603 656 frugalitatis
1624 618 1695 644 ex-

278 669 512 708 istimatione
532 669 723 722 praeclara,
755 678 820 707 aut
841 669 1022 721 denique,
1055 669 1094 706 id
1115 669 1221 721 quod
1241 669 1475 709 levifiimum
1510 671 1575 717 est,
1607 671 1696 710 affi-

276 735 449 775 duitate:
482 737 552 789 qui
586 745 674 774 ante
704 736 933 789 quaesturam
968 749 1062 774 cum
1097 736 1381 782 meretricibus,
1412 737 1696 791 lenonibusque

275 802 447 841 vixifl‘et:
492 803 723 855 quaesturam
752 803 805 841 ita
835 802 1021 856 gestisset,
1064 802 1398 855 quemadmodum
1429 805 1693 857 cognovistis:

275 868 414 907 Romae
433 869 518 922 post
537 869 766 922 quaesturam
798 869 908 907 illam
930 868 1116 907 nefariam
1147 870 1214 907 vix
1245 870 1420 908 triduum
1441 871 1693 911 constitisset:

275 934 407 973 absens
428 949 506 974 non
526 936 566 974 in
587 935 785 974 oblivione
799 934 988 987 jacuisset,
1011 935 1073 973 sed
1097 935 1138 974 in
1159 935 1300 974 affidua
1320 938 1695 976 commemoratione

276 1001 460 1040 omnibus
492 1002 675 1040 omnium
710 1001 948 1054 flagitiorum
979 1000 1136 1040 fuisset:
1170 1002 1200 1040 is
1235 1011 1406 1056 repente,
1442 1012 1486 1042 ut
1521 1005 1695 1043 Romam

275 1068 395 1114 venit,
427 1068 544 1122 gratis
566 1069 709 1106 Praetor
740 1067 861 1106 faetus
883 1068 948 1106 est.
992 1069 1084 1106 Alia
1113 1081 1228 1121 porro
1262 1070 1440 1122 pecunia,
1471 1084 1521 1109 ne
1539 1071 1694 1110 accusa-

276 1143 395 1179 retur,
418 1135 517 1172 data.
551 1135 628 1172 Cui
650 1135 695 1172 fit
715 1134 813 1179 data,
836 1133 937 1172 nihil
957 1134 1003 1172 ad
1024 1148 1101 1180 me,
1130 1133 1230 1172 nihil
1251 1135 1298 1173 ad
1317 1149 1400 1174 rem
1421 1137 1613 1190 pertinere
1632 1151 1694 1176 ar-

276 1200 399 1238 bitror
414 1218 426 1245 ;
458 1200 586 1237 datam
609 1200 770 1252 quidem
791 1199 862 1237 effe
884 1209 971 1237 tum
1000 1201 1101 1238 inter
1120 1214 1258 1239 omnes
1289 1203 1435 1240 recenti
1456 1204 1614 1256 negotio
1633 1203 1695 1242 fa-

276 1265 350 1304 cile
369 1265 579 1304 constabat.

332 1334 471 1372 Homo
492 1332 710 1371 stultiffime
729 1340 768 1371 et
793 1332 1064 1378 amentiffime,
1096 1333 1246 1372 tabulas
1278 1347 1371 1372 cum
1402 1333 1625 1382 conficeres,
1657 1345 1696 1376 et

249 1413 369 1438 ·cum
399 1400 705 1439 extraordinariae
739 1399 912 1453 pecuniae
945 1400 1095 1438 crimen
1131 1399 1395 1454 subterfugere
1428 1401 1546 1440 velles
1562 1421 1575 1448 ;
1608 1403 1695 1442 satis

276 1474 314 1506 te
334 1467 553 1521 elapsurum
586 1467 696 1506 omni
717 1467 930 1521 suspicione
957 1467 1201 1514 arbitrabare,
1233 1467 1275 1514 fi,
1312 1469 1454 1522 quibus
1486 1471 1696 1522 pecuniam

275 1534 468 1580 credebas,
500 1535 545 1573 iis
567 1534 779 1588 expensum
801 1548 879 1573 non
900 1534 1031 1580 ferres,
1063 1549 1189 1588 neque
1218 1536 1259 1573 in
1280 1545 1364 1574 tuas
1396 1536 1542 1575 tabulas
1564 1537 1695 1576 ullum

275 1614 421 1639 nomen
441 1601 613 1646 referres,
645 1616 738 1640 cum
759 1611 819 1640 tot
849 1602 922 1640 tibi
942 1602 1171 1641 nominibus
1198 1612 1405 1656 acceptum
1426 1604 1555 1642 Curtii
1575 1603 1695 1642 refer-

276 1674 361 1703 rent
380 1665 392 1701 ?
415 1666 525 1716 Qid
546 1666 723 1718 proderat
744 1667 831 1710 tibi,
854 1675 892 1704 te
912 1667 1126 1718 expensum
1146 1667 1224 1705 illis
1247 1681 1324 1706 non
1348 1667 1501 1706 tulisse?
1531 1670 1595 1707 An
1617 1669 1694 1708 tuis

275 1732 362 1770 solis
385 1732 526 1770 tabulis
548 1742 585 1770 te
606 1731 757 1770 causam
779 1732 975 1770 disturum
995 1733 1246 1770 existimasti?

332 1800 423 1836 XL.
456 1799 605 1837 Verum
641 1798 687 1836 ad
721 1799 832 1837 illam
861 1801 944 1852 jam
977 1800 1178 1837 veniamus
1213 1800 1434 1852 praeclaram
1469 1809 1692 1853 praeturam,

275 1864 517 1918 criminaque
552 1878 607 1910 ea,
639 1879 724 1918 quae
745 1866 894 1904 notiora
925 1866 1013 1904 sunt
1048 1865 1123 1911 his,
1156 1867 1223 1918 qui
1245 1866 1394 1911 adsunt,
1427 1880 1546 1919 quam
1577 1867 1691 1906 nobiS

275 1932 344 1983 qui
365 1932 540 1970 meditati
560 1932 607 1969 ad
641 1932 869 1978 dicendum,
900 1932 1098 1986 paratique
1128 1933 1336 1971 venimus:
1370 1934 1409 1970 in
1443 1933 1585 1985 quibus
1615 1947 1694 1972 non

276 1997 426 2044 dubito,
461 1999 555 2051 quin
577 1998 826 2037 offenfionem
862 1999 1109 2053 negligentiae
1143 2000 1262 2038 vitare
1292 2009 1407 2053 atque
1426 1999 1594 2053 effugere
1615 2014 1694 2039 non

275 2063 429 2116 poffim.
462 2065 588 2103 Multi
622 2066 728 2104 enim
760 2067 813 2104 ita
846 2066 977 2104 dicent
994 2085 1006 2112 3
1039 2068 1103 2106 De
1131 2067 1187 2105 illo
1218 2067 1313 2105 nihil
1337 2067 1442 2112 dixit,
1474 2068 1511 2106 in
1538 2083 1604 2121 quo
1633 2082 1695 2121 ego

275 2130 432 2184 intfflfm'
445 2147 458 2169 .·
489 2131 585 2170 illam
605 2131 775 2183 injuriam
795 2147 863 2171 non
890 2133 1034 2185 attzgit,
1068 2148 1148 2186 qzcae
1166 2134 1266 2179 mihi,
1298 2143 1365 2173 aut
1395 2149 1475 2188 quae
1493 2136 1603 2174 [ἰωὰ-ο
1623 2148 1695 2173 meo

261 2197 378 2250 fasta
396 2197 440 2250 est
454 2216 466 2242 3
499 2197 625 2251 quibus
643 2213 703 2250 ego
733 2198 771 2236 in
790 2198 894 2237 rebus
924 2199 1091 2252 interfiti.
1139 2200 1216 2238 His
1249 2201 1451 2246 omnibus,
1486 2201 1554 2254 qui
1585 2201 1692 2238 istius

276 2263 433 2316 injurias
465 2273 622 2310 norunt,
654 2264 730 2303 hoc
766 2265 832 2311 est,
863 2266 1010 2319 populo
1040 2267 1222 2306 Romano
1254 2267 1443 2313 universo,
1475 2280 1539 2305 me
1572 2265 1690 2304 vehe-

277 2340 427 2369 menter
460 2331 686 2370 excusatum
721 2332 825 2377 volo,
857 2346 935 2371 non
967 2333 1203 2386 negligentia
1241 2334 1327 2372 mea
1356 2333 1453 2377 fore,
1493 2341 1536 2369 ut
1565 2331 1691 2368 multa

278 2406 495 2448 praeteream
516 2413 525 2437 ε
558 2398 620 2436 sed
641 2399 746 2451 quod
767 2399 840 2437 alia
859 2399 1017 2438 testibus
1039 2401 1185 2453 integra
1206 2399 1379 2437 reservari
1402 2398 1519 2435 velim
1538 2415 1550 2441 3
1582 2397 1691 2434 mul-

278 2470 317 2499 ta
336 2471 464 2502 autem
485 2473 641 2518 propter
671 2466 860 2504 rationem
893 2467 1087 2505 brevitatis
1108 2479 1150 2503 ac
1172 2464 1355 2516 temporis
1388 2463 1691 2516 pra-[ermitten-

279 2526 325 2565 da
356 2528 589 2570 existimem.
633 2532 800 2571 Fatebor
832 2533 951 2570 etiam
982 2532 1081 2570 illud
1112 2530 1270 2575 invitus,
1302 2543 1366 2568 me
1398 2529 1565 2583 prorsus,
1596 2544 1693 2570 cum
