2201 2792
528 178 606 219 270
953 162 1045 203 IN
1120 161 1501 201 VERREM

523 264 670 309 virtus,
712 272 750 302 et
780 262 1004 316 integritas?
1049 261 1195 301 Odistis
1224 261 1437 300 hominum
1472 272 1662 299 novorum
1695 258 1895 299 industrias
1912 277 1924 305 ς

522 330 718 384 despicitis
738 343 875 368 eorum
892 327 1154 381 frugalitatem
1170 346 1182 373 3
1214 327 1403 381 pudorem
1424 327 1674 366 contemnitis
1693 341 1702 366 :
1724 326 1930 380 ingenium

522 411 640 442 vero,
671 405 708 435 et
738 396 936 440 virtutem,
970 393 1203 447 depressam,
1248 394 1535 446 extinctamque
1565 394 1720 446 cupitis.
1765 393 1928 431 Verrem

523 464 672 502 amatis.
705 464 762 501 Ita
781 462 919 500 credo:
952 461 978 498 fi
1000 474 1078 498 non
1098 460 1253 505 virtute,
1276 473 1353 497 non
1374 459 1570 505 industria,
1591 473 1669 498 non
1690 459 1926 504 innocentia,

522 543 602 567 non
622 528 780 582 pudore,
810 541 889 565 non
908 526 1095 579 pudicitia
1110 544 1121 570 ;
1153 534 1191 563 at
1220 525 1407 571 sermone,
1442 535 1480 564 at
1507 525 1643 570 literis,
1680 534 1718 563 at
1742 524 1928 563 humani-

523 604 600 634 tate
620 596 700 647 ejus
721 593 979 633 delectamini.
1017 591 1134 630 Nihil
1165 590 1308 630 horum
1339 591 1417 630 est:
1449 600 1659 644 contraque
1678 591 1765 629 sunt
1796 590 1928 629 omnia

522 675 617 700 cum
650 661 804 699 summo
830 659 1027 704 dedecore,
1058 672 1100 696 ac
1135 658 1390 711 turpitudine,
1421 667 1508 697 tum
1538 658 1719 711 fingulari
1752 656 1927 700 stultitia,

523 737 637 781 atque
657 726 939 766 inhumanitate
958 725 1092 763 oblita.
1137 725 1247 763 Huic
1267 723 1422 763 homini
1452 725 1479 763 fi
1510 726 1619 779 cujus
1650 724 1788 762 domus
1809 730 1927 776 patet,

522 804 655 832 utrum
691 807 733 831 ea
764 800 904 845 patere,
934 805 980 829 an
1011 790 1131 835 hiare,
1161 804 1205 829 ac
1235 791 1386 844 poscere
1418 790 1567 843 aliquid
1591 789 1773 829 videtur?
1804 789 1927 827 Hunc

521 860 846 912 vestrijanitores‚
881 857 988 896 hunc
1020 858 1249 896 cubicularii
1279 858 1476 911 diligunt:
1508 857 1615 896 hunc
1646 856 1775 895 liberti
1802 854 1927 899 vestri,

521 926 628 964 hunc
660 925 767 970 servi,
798 924 1022 975 ancillaeque
1047 933 1204 962 amant:
1236 923 1302 962 hic
1337 938 1430 963 cum
1464 924 1584 968 venit,
1615 932 1721 961 extra
1750 921 1928 959 ordinem

521 1002 680 1031 vocatur
699 1007 707 1030 :
739 990 804 1028 hic
825 990 924 1028 solus
946 990 1204 1028 introducitur
1222 1008 1232 1033 ;
1264 990 1389 1028 caeteri
1408 989 1503 1042 saepe
1531 988 1775 1042 frugalissimi
1794 985 1926 1026 homi-

521 1072 588 1097 nes
608 1057 881 1096 excluduntur.
914 1057 976 1094 Ex
1008 1069 1086 1108 quo
1105 1054 1272 1108 intelligi
1292 1055 1428 1107 potest,
1463 1068 1526 1094 eos
1546 1055 1654 1093 vobis
1681 1053 1752 1092 effe
1782 1052 1926 1092 cariffi-

521 1139 622 1170 mos,
644 1125 712 1177 qui
733 1125 784 1162 ita
803 1123 994 1168 vixerunt,
1028 1131 1072 1161 ut
1090 1121 1167 1160 fine
1197 1122 1318 1161 vestro
1336 1122 1508 1176 praefidio
1528 1121 1619 1160 salvi
1644 1121 1714 1160 effe
1739 1134 1818 1160 non
1836 1119 1925 1174 pos-

522 1191 608 1229 fint.

577 1257 687 1306 Qid
705 1257 717 1294 ?
763 1255 838 1293 hoc
873 1255 1058 1307 cuiquam
1089 1254 1291 1293 ferendum
1322 1264 1432 1308 putas
1469 1255 1539 1293 effe
1554 1284 1566 1300 ,
1605 1267 1673 1293 nos
1709 1254 1763 1292 ita
1803 1253 1927 1292 vivere

521 1325 562 1362 in
594 1323 757 1376 pecunia
784 1322 904 1367 tenui,
941 1331 983 1359 ut
1004 1321 1154 1374 prorsus
1175 1320 1275 1359 nihil
1292 1322 1485 1374 acquirere
1505 1321 1667 1360 velimus
1685 1339 1696 1366 3
1731 1330 1775 1359 ut
1795 1319 1925 1373 digni-

521 1399 640 1428 tatem
675 1389 865 1433 nostram,
901 1388 1114 1440 populique
1150 1388 1319 1426 Romani
1353 1388 1539 1426 beneficia
1571 1401 1649 1425 non
1685 1387 1832 1440 copiis,
1863 1385 1927 1424 sed

521 1457 664 1495 virtute
686 1465 886 1499 tueamur;
921 1453 1035 1491 istum
1058 1454 1170 1491 rebus
1190 1455 1374 1492 omnibus
1396 1454 1566 1506 undique
1585 1454 1737 1506 ereptis,
1765 1454 1930 1505 impune

521 1523 758 1566 eludentem,
789 1520 1070 1564 circumfluere,
1092 1529 1206 1572 atque
1227 1520 1446 1558 abundare?
1478 1519 1593 1572 hujus
1614 1528 1769 1572 argento
1789 1520 1926 1557 domos

522 1588 671 1632 vestras,
694 1586 808 1638 hujus
831 1586 942 1638 lignis
964 1594 1002 1622 et
1023 1585 1162 1623 tabulis
1185 1584 1315 1623 forum
1335 1586 1622 1637 comitiumque
1642 1585 1796 1622 ornari?
1828 1598 1926 1637 prae-

521 1654 650 1692 sertim
672 1667 764 1691 cum
786 1664 851 1689 vos
874 1651 994 1688 vestro
1010 1651 1138 1688 Marte
1157 1649 1217 1688 his
1238 1651 1349 1689 rebus
1371 1651 1552 1688 omnibus
1572 1651 1803 1688 abundetis?
1824 1650 1925 1688 Ver-

522 1732 603 1757 rem
624 1718 709 1762 effe,
731 1718 799 1769 qui
819 1716 953 1754 vestras
976 1716 1084 1753 villas
1105 1715 1179 1754 suis
1201 1708 1394 1754 manubiis
1415 1715 1550 1754 ornet?
1570 1716 1731 1754 Verrem
1750 1715 1835 1761 effe,
1857 1715 1926 1768 qui

522 1799 618 1829 cum
637 1785 685 1822 L.
707 1783 912 1821 Mummio
931 1791 1074 1827 certet;
1107 1792 1149 1820 ut
1169 1783 1296 1835 plures
1327 1782 1393 1820 hic
1424 1782 1615 1821 sociorum
1646 1783 1772 1827 urbes,
1808 1795 1926 1833 quam

522 1852 588 1889 ille
609 1850 793 1894 hostium,
816 1848 983 1901 spoliaffe
1004 1849 1173 1886 videatur
1192 1849 1205 1884 ?
1236 1849 1363 1900 plures
1384 1848 1449 1886 hic
1470 1849 1569 1886 solus
1590 1848 1698 1886 villas
1718 1861 1925 1886 ornamen-

522 1918 571 1954 tis
592 1916 786 1959 fanorum,
823 1927 938 1966 quam
972 1914 1037 1951 ille
1058 1913 1144 1951 fana
1164 1914 1291 1966 spoliis
1322 1913 1492 1951 hostium
1524 1913 1666 1952 ornaffe
1685 1914 1697 1950 ?
1729 1915 1781 1951 Et
1801 1914 1832 1951 is
1853 1914 1925 1952 erit

521 1983 573 2019 ob
595 1995 678 2019 eam
700 1995 781 2019 rem
802 1980 910 2018 vobis
931 1980 1066 2025 carior,
1104 1989 1145 2018 ut
1165 1981 1290 2018 caeteri
1311 1980 1495 2018 libentius
1516 1979 1581 2017 suo
1601 1980 1774 2032 periculo
1794 1980 1924 2018 vestris

522 2047 799 2100 cupiditatibus
822 2046 980 2083 serviant
997 2046 1009 2082 ?

576 2114 628 2151 V.
649 2113 795 2150 Verum
818 2111 898 2150 hac
919 2121 956 2150 et
977 2112 1153 2151 dicentur
1173 2114 1247 2151 alio
1266 2113 1367 2159 loco,
1389 2122 1426 2152 et
1446 2114 1546 2152 dieta
1566 2114 1674 2152 sunt:
1708 2127 1813 2152 nunc
1833 2127 1924 2166 pro-

521 2179 739 2218 ficiscemur
771 2178 815 2215 ad
849 2179 1007 2230 reliqua,
1038 2179 1062 2216 sl
1095 2192 1213 2231 pauca
1243 2189 1329 2217 ante
1350 2180 1535 2218 fuerimus
1556 2194 1577 2217 a
1606 2180 1729 2224 vobis,
1751 2180 1922 2230 Judices,

522 2245 726 2298 deprecati.
771 2245 968 2296 Superiore
1002 2245 1109 2281 omni
1141 2246 1310 2283 oratione
1340 2255 1570 2298 perattentos
1605 2245 1742 2282 vestros
1773 2244 1923 2282 animos

522 2312 746 2350 habuimus.
781 2312 825 2348 ld
845 2309 921 2347 fuit
943 2310 1051 2347 nobis
1071 2319 1223 2361 gratum
1243 2311 1454 2349 admodum
1474 2326 1482 2348 :
1515 2311 1576 2348 sed
1603 2311 1729 2348 multo
1745 2311 1816 2347 erit
1835 2324 1922 2362 gra-

524 2380 614 2422 tius,
649 2378 674 2415 fi
707 2377 853 2428 reliqua
884 2376 1017 2414 voletis
1049 2376 1266 2421 attendere;
1303 2386 1501 2429 propterea
1532 2377 1636 2428 quod
1667 2377 1706 2414 in
1740 2375 1799 2413 his
1833 2390 1922 2414 om-

524 2445 652 2488 nibus,
690 2458 773 2495 quae
794 2452 902 2481 antea
922 2443 1021 2480 dicta
1053 2443 1154 2487 sunt,
1185 2452 1261 2481 erat
1293 2443 1467 2495 quasdam
1501 2457 1547 2481 ex
1569 2443 1645 2496 ipsa
1678 2443 1856 2481 varietate
1881 2456 1923 2481 ac

522 2510 692 2549 novitate
715 2524 843 2548 rerum
875 2524 916 2548 ac
948 2509 1159 2548 criminum
1190 2509 1401 2548 delectatio.
1434 2510 1554 2548 Nunc
1590 2511 1744 2548 tractare
1774 2508 1924 2547 causam
