2201 2792
544 185 622 238 256
971 185 1062 225 IN
1134 180 1517 225 VERREM

540 287 581 324 in
603 284 687 324 foro
704 303 714 331 3
747 293 784 324 et
804 285 936 324 eadem
971 286 1017 323 de
1037 285 1146 324 causa
1165 299 1310 338 equum
1331 286 1487 325 inanem
1516 285 1767 339 reliquerunt.
1813 285 1946 324 Leon-

541 353 647 398 tinis,
684 353 817 391 misera
838 353 878 390 in
908 353 1063 391 civitate
1083 362 1197 405 atque
1217 353 1335 398 inani,
1361 362 1490 391 tamen
1510 353 1630 398 istius,
1662 353 1702 390 in
1733 352 1945 405 gymnasio,

541 420 660 458 statua
679 419 822 472 dejesta
841 419 905 457 est.
952 419 1058 457 Nam
1085 418 1180 471 quid
1211 433 1282 471 ego
1312 419 1358 457 de
1390 419 1626 470 Syracusanis
1661 419 1809 472 loquar,
1841 418 1948 471 quod

542 500 619 524 non
655 486 707 524 est
738 486 938 538 proprium
960 485 1293 537 Syracusanorum,
1324 485 1386 523 sed
1406 495 1444 524 et
1475 486 1632 525 illorum
1653 497 1878 530 commune,
1909 492 1948 522 et

542 551 754 590 conventus
776 552 893 597 illius,
924 565 967 590 ac
1000 565 1118 605 prope
1137 552 1255 590 totius
1288 552 1524 605 provinciae?
1554 561 1697 604 quanta
1722 552 1818 590 illuc
1839 550 1947 589 mul-

542 618 683 663 titudo,
706 625 848 671 quanta
867 618 922 656 vis
952 617 1160 656 hominum
1181 617 1395 656 convenisse
1415 618 1613 656 dicebatur
1632 626 1733 663 tum,
1761 631 1853 655 cum
1873 617 1948 655 sta-

541 690 616 721 tuae
637 684 722 722 sunt
742 684 845 721 illius
867 684 1019 736 dejestae
1048 692 1162 736 atque
1181 684 1313 722 eversae
1332 684 1344 720 ?
1376 692 1413 721 at
1444 698 1523 736 quo
1547 683 1666 722 loco?
1697 682 1950 721 celeberrimo

540 763 584 788 ac
606 750 905 803 religiofiffim03
937 760 1023 788 ante
1044 750 1170 803 ipsum
1193 751 1376 804 Serapim,
1408 751 1448 789 in
1466 751 1594 804 primo
1610 750 1717 789 aditu
1737 749 1947 788 vestibulo-

543 830 618 869 que
639 817 789 869 templi.
823 817 940 870 Qod
975 817 1043 855 nifi
1065 817 1253 856 Metellus
1274 816 1349 856 hoc
1371 826 1450 856 tam
1470 818 1635 870 graviter
1654 816 1798 870 egiffet,
1833 824 1948 868 atque

541 884 649 921 illam
672 897 753 921 rem
785 883 946 936 imperio
965 883 1168 936 edietoque
1199 883 1477 937 prohibuiffet;
1510 884 1712 937 vestigium
1740 883 1948 922 statuarum

542 951 647 988 istius
669 951 709 988 in
731 959 810 988 tota
830 951 959 988 Sicilia
980 950 1135 988 nullum
1155 951 1242 989 efi'et
1263 951 1455 990 relidhim.
1498 952 1631 1003 Atque
1660 964 1732 1003 ego
1762 948 1838 988 hoc
1870 962 1948 987 non

541 1032 685 1063 vereor,
717 1031 764 1056 ne
795 1017 889 1070 quid
920 1016 1062 1055 horum
1084 1031 1161 1055 non
1183 1018 1300 1056 modo
1321 1018 1506 1070 impulsu,
1532 1032 1668 1056 verum
1688 1018 1850 1056 omnino
1879 1016 1947 1055 ad-

540 1094 659 1122 ventu
681 1097 770 1122 meo
787 1083 932 1121 fadhun
954 1083 1024 1121 effe
1044 1083 1229 1121 videatur.
1264 1084 1410 1121 Omnia
1430 1083 1497 1121 ista
1516 1093 1603 1122 ante
1622 1083 1720 1122 faeta
1739 1083 1840 1127 sunt,
1869 1095 1946 1121 non

542 1150 674 1195 modo,
693 1149 810 1203 quam
830 1163 902 1202 ego
919 1149 1104 1195 Siciliam,
1122 1163 1255 1188 verum
1277 1152 1392 1188 etiarn
1409 1148 1528 1202 quam
1548 1150 1614 1188 iste
1636 1150 1788 1189 Italiam
1803 1148 1943 1202 attigit.

541 1217 652 1255 Dum
674 1230 745 1268 ego
766 1216 805 1253 in
828 1215 955 1253 Sicilia
975 1215 1073 1260 sum,
1102 1215 1209 1252 nulla
1227 1215 1346 1252 statua
1365 1215 1507 1267 dejmsta
1526 1215 1590 1253 est.
1625 1216 1874 1268 Posteaquam
1895 1214 1946 1252 il-

542 1282 623 1320 linc
643 1281 799 1326 discesti,
822 1295 906 1334 quae
926 1281 1026 1334 gesta
1047 1281 1146 1325 sunt,
1164 1281 1398 1334 cognoscite.

598 1349 768 1386 LXVII.
802 1348 1149 1400 Centuripinorum
1181 1346 1327 1385 senatus
1348 1346 1530 1393 decrevit,
1563 1347 1805 1401 populusque
1824 1346 1946 1400 juffit,

539 1424 595 1459 ut,
631 1428 716 1467 quae
747 1414 874 1452 statuae
906 1413 954 1452 C.
977 1413 1105 1451 Verris
1140 1412 1270 1466 ipfius,
1305 1422 1343 1451 et
1370 1415 1501 1466 patris,
1537 1420 1575 1452 et
1600 1413 1686 1459 filii,
1721 1413 1851 1459 essent,
1887 1426 1947 1452 eas

542 1481 756 1533 Qaestores
792 1478 1050 1518 demoliendas
1086 1479 1255 1518 locarent
1272 1498 1283 1524 ;
1316 1479 1488 1533 dumque
1518 1494 1560 1518 ea
1590 1480 1790 1519 demolitio
1826 1480 1946 1524 fieret,

543 1549 727 1586 senatores
749 1560 795 1585 ne
817 1561 905 1585 xxx
929 1547 1059 1584 minus
1081 1546 1257 1584 adeffent.
1291 1547 1431 1585 Videte
1451 1547 1677 1600 gravitatem
1703 1547 1882 1592 civitatis,
1910 1554 1948 1585 et

541 1614 798 1668 dignitatern:
832 1626 956 1665 neque
976 1625 1034 1650 eas
1064 1613 1103 1650 in
1135 1612 1229 1650 urbe
1256 1612 1319 1650 sua
1346 1612 1480 1651 statuas
1512 1612 1582 1651 effe
1603 1613 1820 1657 voluerunt,
1853 1622 1947 1665 quas

542 1682 655 1719 inviti
682 1694 748 1734 per
778 1680 859 1718 vim
890 1689 1005 1732 atque
1026 1679 1234 1732 imperium
1257 1679 1468 1725 dediffent;
1501 1693 1627 1733 neque
1647 1680 1727 1732 ejus
1759 1678 1947 1725 hominis,

541 1749 582 1786 in
603 1761 720 1801 quem
742 1747 810 1800 ipfi
832 1761 923 1785 cum
944 1746 1161 1799 graviffimo
1183 1746 1401 1785 testimonio
1422 1747 1593 1800 publice,
1615 1747 1719 1800 quod
1747 1756 1948 1799 nunquam

541 1824 663 1860 antea,
687 1817 858 1853 Romam
886 1814 1064 1852 mandata
1082 1812 1300 1866 legatosque
1329 1813 1537 1853 mififfent:
1569 1823 1608 1852 et
1637 1813 1676 1852 id
1696 1815 1847 1866 gravius
1876 1814 1948 1852 effe

542 1889 786 1934 putaverunt,
806 1880 829 1917 fi
852 1879 1011 1932 publico
1032 1879 1202 1924 consilio,
1220 1893 1337 1931 quam
1355 1880 1379 1917 fi
1396 1893 1463 1932 per
1483 1880 1564 1917 vim
1581 1879 1844 1917 multitudinis
1865 1879 1946 1918 fac->

543 1952 629 1985 tum
651 1946 855 1984 videretur.

600 2014 704 2050 Cum
748 2010 822 2048 hoc
857 2010 1014 2048 consilio
1051 2010 1186 2048 statuas
1223 2011 1468 2063 Centuripini
1503 2010 1658 2064 publice
1691 2011 1918 2051 sustulissent
1936 2043 1946 2059 ‚

544 2078 650 2117 audit
673 2077 857 2116 Metellus
878 2095 887 2121 ;
919 2077 1082 2129 graviter
1101 2076 1201 2115 fert:
1234 2086 1365 2115 evocat
1396 2078 1442 2115 ad
1472 2077 1507 2115 se
1539 2079 1841 2131 Centuripinum
1863 2093 1947 2117 ma>-

542 2146 769 2198 gistratum,
802 2153 838 2181 et
873 2144 1191 2196 decem-primos.
1238 2143 1322 2181 Nifi
1357 2144 1596 2182 restituissent
1626 2145 1787 2190 statuas,
1832 2144 1948 2184 vehe—

545 2219 695 2249 menter
727 2210 771 2247 iis
804 2210 985 2248 minatur.
1034 2209 1096 2247 Illi
1127 2211 1173 2247 ad
1205 2210 1373 2248 senatum
1406 2211 1637 2248 renuntiant.
1682 2211 1833 2255 Statuae,
1864 2223 1949 2263 quae

546 2278 650 2316 istius
672 2275 788 2314 causae
810 2273 907 2313 nihil
931 2275 1154 2327 prodessent,
1187 2286 1436 2327 reponuntur.
1483 2277 1648 2313 Decreta
1669 2277 1948 2329 Centuripino-

546 2356 647 2388 rum,
680 2356 764 2394 quae
786 2342 830 2379 de
851 2341 979 2378 statuis
1001 2349 1106 2377 crant
1127 2339 1236 2384 faeta,
1275 2355 1350 2378 non
1383 2340 1586 2378 tolluntur.
1632 2341 1711 2378 Hic
1745 2355 1816 2394 ego
1844 2341 1949 2380 aliud

546 2411 609 2447 alii
631 2409 827 2447 concedo:
862 2407 1039 2451 Metello,
1063 2405 1215 2444 homini
1236 2406 1408 2459 sapienti,
1436 2406 1584 2459 prorsus
1606 2421 1682 2445 non
1714 2407 1864 2461 poffum
1886 2409 1948 2461 ig-

545 2475 710 2519 noscere,
747 2475 771 2512 si
794 2474 888 2526 quid
909 2473 1020 2511 stulte
1041 2473 1146 2512 facit.
1189 2473 1325 2524 Qid?
1358 2473 1422 2510 ille
1452 2471 1527 2511 hoc
1563 2474 1720 2526 putabat
1740 2474 1849 2512 Verri
1870 2476 1947 2513 cri-

546 2541 742 2580 minosum
763 2540 857 2586 fore,
880 2541 905 2579 fi
927 2541 1006 2593 ejus
1027 2540 1155 2579 statuae
1175 2539 1290 2578 effent
1310 2539 1474 2592 dejectae,
1497 2540 1601 2593 quod
1621 2540 1713 2594 saepe
1733 2551 1861 2587 vento,
1884 2551 1947 2579 aut
