2201 2792
576 155 921 195 ACTIONIS
964 155 1018 193 ΙΙ.
1079 156 1287 194 LIBER
1321 158 1394 195 III.
1607 172 1682 212 293

274 242 432 310 publice
447 255 636 308 accipiant
653 273 664 299 ;
689 255 867 308 Apronio
886 255 1040 293 lucrum
1062 255 1166 294 dent.
1192 257 1230 294 Si
1251 270 1394 309 magno
1411 266 1566 302 emerat,
1585 272 1685 310 quo-

276 323 381 361 niam
418 332 459 360 tu
480 336 532 367 es,
567 325 636 373 qui
669 321 958 374 diligentisiime
991 323 1160 374 pretium
1182 323 1390 374 exquisisti,
1425 323 1507 375 qui,
1545 332 1586 361 ut
1617 324 1685 368 ais,

275 403 418 441 magno
439 388 638 427 vendidisti
656 407 667 433 ς
700 402 816 440 quare
836 389 996 441 putabas
1018 389 1185 441 emptori
1205 390 1360 427 lucrum
1382 390 1469 427 addi
1490 390 1685 441 oportere?

276 456 395 494 Esto:
428 456 601 508 putabas.
641 455 907 505 Qamobrem
940 456 1167 508 imperabaS,
1201 465 1244 493 ut
1264 456 1473 494 adderent?
1508 455 1616 506 Qid
1636 455 1689 494 est

275 522 380 560 a-liud
401 535 548 575 capere,
581 531 619 559 et
640 522 846 560 conciliare
865 522 1062 574 pecunias,
1095 522 1135 559 in
1158 535 1237 573 quo
1269 531 1305 560 te
1326 522 1388 560 lex
1415 530 1532 566 tenet,
1565 522 1590 560 s1
1612 520 1688 559 hoc

277 602 356 625 non
377 588 442 632 est,
474 588 511 626 vi
534 597 648 640 atque
670 588 834 640 imperio
854 600 990 640 cogere
1010 588 1151 626 invitos
1172 588 1328 627 lucrum
1349 588 1435 626 dare
1456 588 1578 632 alteri,
1612 587 1688 626 hoc

276 655 342 700 est,
367 655 571 707 pecuniam
591 655 678 692 dare
696 655 708 691 ?

332 723 433 774 Age,
456 720 551 773 quid
574 730 659 759 tum
676 721 696 758 ?⁴
720 720 746 758 fi
768 721 959 774 Apronio,
993 721 1143 759 deliciis
1166 721 1357 765 Praetoris,
1387 721 1518 759 lucelli
1541 721 1696 773 aliquid>

272 786 362 839 juffi
383 787 470 825 sunt
487 787 588 831 dare,
617 796 749 839 putate
773 788 949 839 Apronio
970 787 1119 832 datum,
1142 788 1167 825 fi
1190 787 1461 840 Apronianum
1484 786 1687 830 lucellum,

278 867 321 891 ac
359 868 437 892 non
471 854 645 906 praetoria
675 853 800 906 praeda
834 853 943 891 vobis
967 853 1176 892 videbitur.
1218 855 1402 906 Imperas,
1434 862 1477 891 ut
1507 853 1689 891 decumas

278 921 494 973 accipiant3
528 921 704 972 Apronio
725 920 816 958 dent
843 920 1014 964 lucrum,
1048 920 1168 958 tritici
1196 919 1445 958 medimnum
1481 933 1506 957 x
1524 933 1549 957 x
1567 933 1592 957 x
1610 933 1622 957 1
1642 933 1653 957 1
1673 932 1686 956 1

280 987 418 1025 millia.
451 986 560 1038 Q-id
578 987 630 1023 est
650 985 724 1024 hoc
742 987 754 1023 ?
787 1000 861 1024 una
889 987 1036 1031 civitas,
1069 1001 1116 1025 ex
1137 1000 1215 1025 uno
1237 1000 1340 1038 agro,
1374 987 1479 1039 plebi
1501 986 1690 1024 Romanae

281 1067 400 1106 prope
432 1053 624 1091 menstrua
654 1053 797 1090 cibaria
828 1052 1005 1091 Praetoris
1042 1053 1208 1106 imperio
1239 1053 1379 1091 donare
1411 1052 1588 1106 Apronio
1620 1065 1689 1090 co-

280 1121 398 1173 gitur.
430 1122 498 1158 Tu
517 1133 660 1172 magno
680 1120 861 1158 decumas
892 1119 1109 1165 vendidisti,
1140 1133 1232 1157 cum
1253 1128 1406 1157 tantum
1440 1120 1539 1157 lucri
1570 1119 1690 1156 decu-

282 1199 398 1224 mano
418 1186 462 1224 fit
482 1187 616 1223 datum
633 1186 645 1223 ?
676 1185 862 1237 profecto,
880 1186 905 1224 fi
923 1187 1093 1238 pretium
1109 1185 1324 1238 exquisisses
1346 1186 1565 1238 diligenter,
1588 1194 1689 1229 tum,

282 1266 375 1291 cum
395 1253 597 1297 vendebas,
620 1266 662 1291 x.
685 1252 930 1290 medimnum
952 1253 1081 1305 potius
1102 1252 1342 1297 addidissent,
1379 1266 1495 1305 quarn
1517 1252 1609 1289 H-S
1632 1263 1688 1288 Dc

280 1319 420 1372 postea.
444 1319 591 1372 Magna
611 1318 735 1371 praeda
755 1318 927 1357 videtur:
951 1318 1078 1356 audite
1099 1319 1259 1371 reliqua,
1281 1327 1320 1356 et
1339 1318 1544 1371 diligenter
1563 1326 1690 1355 atten-

280 1385 374 1430 dite,
389 1386 599 1438 quominus
621 1385 833 1429 miremini,
856 1385 1018 1430 Siculos,
1041 1399 1080 1422 re
1099 1384 1296 1423 necessaria
1313 1386 1477 1429 coactos,
1500 1383 1692 1421 auxilium

283 1468 305 1491 a
322 1453 506 1506 patronis,
537 1466 558 1491 a
577 1452 815 1498 consulibus,
837 1466 856 1490 a
876 1452 1019 1497 senatu,
1053 1467 1072 1490 a
1092 1452 1257 1505 legibus,
1291 1452 1484 1504 ajudiciis
1506 1450 1689 1503 petiviffe.

284 1521 342 1557 Ut
362 1519 539 1572 probaret
561 1520 756 1572 Apronius
778 1518 852 1557 hoc
870 1520 1060 1564 triticum,
1080 1519 1246 1571 imperat
1267 1518 1569 1571 Agyrinenfibus
1593 1517 1691 1555 Ver-

284 1598 354 1630 res,
377 1595 420 1623 ut
440 1587 480 1623 in
501 1586 700 1624 medimna
720 1585 866 1637 singula
885 1585 1024 1623 dentur
1044 1585 1221 1637 Apronio
1242 1585 1334 1622 H-S
1358 1597 1430 1622 111.

339 1653 493 1690 XXXI.
526 1652 635 1703 Qid
655 1652 707 1689 est
728 1651 832 1689 hoc?
865 1659 970 1689 tanto
990 1665 1152 1689 numero
1173 1649 1375 1696 frumenti,
1397 1651 1495 1688 lucri
1516 1650 1690 1693 nomine,

285 1719 474 1771 imperato
508 1726 545 1755 et
579 1716 762 1770 expreffo,
800 1717 954 1754 nummi
975 1727 1152 1769 praeterea
1182 1717 1397 1769 exigentur,
1435 1725 1477 1753 ut
1509 1716 1693 1768 probetur

285 1784 529 1822 frumentum
548 1783 561 1820 ?
592 1797 638 1821 an
659 1793 807 1837 poterat
827 1797 905 1821 non
927 1783 1044 1822 modo
1064 1783 1275 1836 Apronius,
1298 1782 1358 1820 sed
1381 1782 1522 1834 quivis,
1544 1781 1692 1820 exerci-

287 1852 344 1888 tui
375 1851 400 1888 fi
433 1850 677 1888 metiendum
709 1850 809 1895 effer,
842 1849 1060 1902 improbare
1087 1850 1262 1887 Siculum
1293 1847 1550 1892 frumentum,
1587 1846 1694 1900 quod

286 1917 350 1954 isti
379 1931 426 1955 ex
453 1931 547 1962 area,
585 1917 611 1954 fi
644 1917 772 1962 vellet,
803 1916 982 1954 admetiri
1008 1916 1175 1954 licebat?
1219 1916 1423 1953 Frumenti
1456 1924 1582 1952 tantus
1617 1928 1692 1952 nu-

288 1996 415 2020 merus
447 1983 610 2035 imperio
646 1991 713 2020 tuo
748 1982 872 2027 datur,
904 1992 941 2020 et
971 1982 1137 2035 cogitur.
1170 1981 1265 2019 Non
1297 1981 1349 2018 est
1380 1981 1479 2018 satis.
1523 1980 1694 2018 Nummi

288 2059 466 2101 praeterea
485 2050 734 2101 imperantur.
768 2050 934 2086 Dantur.
983 2050 1124 2086 Parum
1146 2047 1211 2085 est.
1251 2049 1326 2085 Pro
1356 2047 1530 2085 decumis
1560 2045 1695 2085 hordei

289 2116 360 2152 alia
379 2115 541 2167 pecunia
560 2115 724 2166 cogitur.
759 2115 876 2165 Jubes
898 2115 990 2152 H-S
1013 2128 1101 2152 xxx
1125 2114 1222 2151 lucri
1245 2114 1337 2152 dari.
1371 2115 1428 2152 Ita
1462 2114 1508 2150 ab
1531 2126 1604 2150 una
1635 2114 1693 2150 ci-

289 2182 418 2225 vitate,
442 2180 493 2225 vi,
526 2181 657 2224 minis,
690 2179 867 2232 imperio,
905 2180 1120 2232 injuriaque
1142 2180 1315 2217 Praetoris
1339 2180 1555 2232 eripiuntur
1576 2178 1693 2215 tritici

289 2246 535 2285 medimnum
559 2259 725 2291 xxxin,
748 2255 784 2283 et
806 2255 981 2298 practerea
1002 2247 1093 2284 H-S
1118 2259 1189 2283 Lx.
1215 2248 1277 2283 An
1299 2244 1380 2283 haec
1401 2245 1558 2282 obscura
1578 2243 1691 2279 sunt?

289 2323 367 2358 aut,
399 2313 424 2350 fi
445 2326 578 2350 omnes
609 2311 788 2350 homines
820 2312 954 2357 velint,
985 2312 1144 2350 obscura
1164 2312 1234 2349 effe
1254 2312 1419 2364 poffunt,
1455 2323 1539 2361 quae
1562 2318 1600 2345 tu
1624 2321 1693 2359 pa-

291 2378 369 2416 lam
390 2379 512 2431 egisti,
534 2379 573 2416 in
605 2390 797 2417 conventu
824 2379 1029 2430 imperasti,
1060 2378 1241 2415 omnibus
1274 2374 1570 2427 inspectantibus
1603 2386 1692 2410 coc-

292 2443 378 2495 gisti
397 2445 408 2479 ?
432 2457 507 2495 qua
526 2444 572 2481 de
593 2458 630 2482 re
651 2444 905 2496 Agyrinenses
926 2444 1178 2497 magistratus,
1196 2451 1232 2478 et
1253 2439 1582 2492 quinque-primi,
1598 2452 1694 2490 quos

294 2517 349 2553 tu,
373 2509 506 2562 tuique
527 2510 689 2561 quaestus
710 2510 817 2548 causa
837 2509 1011 2555 evocasti,
1033 2511 1114 2547 acta
1133 2516 1171 2545 et
1192 2507 1353 2558 imperia
1380 2515 1444 2543 tua
1464 2504 1627 2543 domum
1648 2504 1694 2542 ad
