2201 2792
529 175 659 216 PRO
691 174 1118 214 SEX.-ROSCIO
1151 174 1508 217 AMERINO.
1680 184 1734 236 69

322 277 465 318 absolvi
494 276 761 322 innocentem,
792 289 911 329 quam
943 286 1151 316 nocentem
1176 276 1330 315 'causam
1363 291 1442 316 non
1474 278 1614 318 dicere.
1632 272 1736 320 'An-

321 344 464 383 seribus
491 343 634 381 cibaria
659 342 817 396 publice
843 343 1032 389 locantur,
1065 353 1104 382 et
1134 357 1246 381 canes
1276 344 1433 382 aluntur
1461 345 1503 382 in
1524 345 1735 398 Capitolio,

314 419 365 448 ¹ut
384 409 616 463 significent,
631 409 658 448 fi
678 408 781 447 fures
798 410 986 448 venerint.
1006 412 1061 448 At
1076 409 1180 448 fures
1197 409 1453 449 internoscere
1469 424 1548 450 non
1559 411 1735 465 poffunt:

318 476 535 529 fignificant
556 486 701 522 tamen,
730 477 756 515 fi
777 477 847 529 qui
866 479 985 515 noctu
1005 477 1046 515 in
1068 477 1312 531 Capitolium
1332 478 1508 517 venerint
1526 493 1535 517 ε
1572 488 1623 525 et,
1646 480 1739 533 quia

318 542 361 582 id
390 543 444 582 est
473 543 739 596 suspiciosum,
774 544 924 582 tametsi
956 544 1082 583 bestiae
1114 544 1216 589 sunt,
1251 554 1382 583 tamen
1409 546 1450 583 in
1480 559 1564 584 eam
1585 555 1738 599 partem

318 610 449 663 potius
482 619 658 664 peccant,
690 624 776 663 quae
810 610 864 648 est
897 611 1060 649 cautior.
1107 611 1227 660 Qod
1261 611 1288 649 fi
1319 611 1407 650 luce
1441 626 1599 666 quoque
1625 627 1737 653 canes

308 676 472 722 ⁴latrent,
505 690 598 715 cum
620 678 727 716 Deos
748 677 955 716 salutatum
985 677 1106 730 aliqui
1127 678 1302 716 venerint
1318 696 1331 723 3
1363 678 1518 732 opinor,
1547 680 1595 717 iis
1627 694 1739 719 crura

318 743 609 798 suffringantur,
642 745 748 797 quod
769 759 870 784 acres
892 746 965 783 fint
985 746 1104 784 etiam
1125 754 1226 791 tum,
1249 759 1342 785 cum
1363 745 1527 799 suspicio
1546 747 1654 785 nulla
1674 748 1734 787 fit,

319 810 529 850 Simillima
551 811 604 850 est
634 812 900 851 accusatorum
920 813 1029 851 ratio.
1073 812 1157 851 Alii
1177 812 1344 851 vestrum
1365 813 1509 852 anseres
1531 813 1633 859 sunt,
1665 815 1737 867 qui

317 879 594 917 tantummodo
627 879 812 925 clamant,
843 893 980 918 nocere
1011 893 1089 918 non
1120 879 1302 932 poffunt5
1334 880 1401 918 alii
1434 894 1561 926 caneS‚
1598 882 1668 934 qui
1697 891 1737 921 et

318 943 451 984 latrare
470 955 509 984 et
528 946 704 985 mordere
724 947 893 999 poffunt.
926 948 1081 986 Cibaria
1107 947 1217 986 vobis
1236 947 1397 1001 praeberi
1431 949 1607 987 videmus
1627 964 1636 987 ε
1668 962 1737 988 vos

318 1020 451 1050 autem
470 1013 641 1051 maxime
661 1013 808 1050 debetis
843 1015 884 1050 in
918 1027 981 1051 eos
1016 1014 1213 1066 impetum
1243 1014 1382 1060 facere,
1418 1016 1490 1068 qui
1519 1025 1733 1056 merentur.

318 1077 412 1116 Hoc
431 1079 579 1131 populo
598 1078 855 1130 gratiffimum
877 1079 944 1117 est.
978 1079 1144 1124 Deinde,
1168 1080 1194 1116 fi
1214 1081 1366 1125 voletis,
1383 1082 1502 1119 etiam
1522 1091 1622 1126 tum,
1641 1095 1736 1120 cum

318 1144 524 1181 verifimile
556 1144 629 1181 erit
659 1145 829 1195 aliquem
863 1145 1109 1190 commififfe,
1144 1146 1184 1183 in
1206 1145 1422 1198 suspicione
1452 1147 1640 1186 latratote.
1690 1147 1734 1186 Id

317 1222 476 1262 quoque
495 1209 657 1247 concedi
677 1210 816 1261 potest.
848 1210 914 1247 Sin
935 1219 1067 1248 autem
1083 1210 1134 1249 fic
1155 1211 1288 1262 agetis,
1312 1221 1355 1249 ut
1374 1214 1539 1264 arguatis
1561 1214 1734 1265 aliquem

315 1284 465 1328 patrem
485 1275 679 1321 occidisse,
702 1289 828 1328 neque
848 1276 974 1314 dicere
995 1276 1156 1330 possitis,
1178 1286 1244 1315 aut
1263 1291 1392 1330 quare,
1416 1287 1482 1317 aut
1502 1281 1703 1332 quomodo
1718 1299 1732 1326 ;

314 1355 359 1380 ac
388 1342 663 1381 tantummodo
690 1342 767 1380 fine
798 1342 1013 1395 suspicione
1045 1343 1234 1381 latrabitis
1250 1362 1262 1388 3
1295 1357 1404 1382 crura
1434 1345 1598 1397 quidem
1624 1347 1734 1386 vobis

258 1421 263 1425 ·
315 1422 432 1447 nemo
453 1409 676 1462 suffringet:
710 1409 771 1447 sed
805 1410 829 1447 fi
851 1423 923 1462 ego
953 1408 1026 1448 hos
1058 1410 1155 1448 bene
1186 1410 1292 1455 novi,
1324 1411 1478 1449 literam
1509 1412 1633 1458 illam,
1668 1414 1734 1452 cui

314 1490 381 1515 vos
402 1477 522 1530 usque
542 1491 586 1515 eo
607 1477 761 1515 inimici
781 1477 880 1522 estis,
911 1486 953 1515 ut
974 1478 1091 1515 etiam
1111 1491 1172 1515 eas
1192 1492 1327 1516 omnes
1348 1479 1518 1525 oderitis,
1541 1480 1594 1518 ita
1614 1480 1732 1519 vehem

314 1552 465 1582 menter
484 1544 531 1582 ad
551 1554 668 1597 caput
688 1544 859 1597 affigent,
879 1554 921 1583 ut
941 1544 1068 1597 postea
1088 1545 1288 1583 neminem
1309 1545 1445 1591 alium,
1468 1547 1538 1585 nifi
1557 1546 1732 1586 fortunas

314 1610 464 1656 vestras,
485 1612 660 1650 accusare
681 1612 844 1664 poffitiS.

372 1678 489 1715 XXI.
523 1678 633 1729 Qid
664 1677 765 1715 mihi
797 1678 842 1715 ad
863 1677 1151 1717 defendendum
1185 1680 1333 1724 dedisti,
1370 1680 1471 1718 bone
1503 1682 1730 1720 accusator?

313 1743 410 1795 quid
430 1742 532 1781 hisce
549 1752 678 1780 autem
695 1744 743 1781 ad
762 1743 1031 1796 suspicandum
1049 1744 1062 1781 ?
1085 1744 1150 1782 Ne
1166 1743 1484 1790 exhaeredaretur‚
1502 1747 1644 1784 veritus
1662 1747 1728 1785 est.

312 1809 461 1847 Audio.
508 1809 593 1853 Sed,
615 1822 690 1860 qua
711 1809 757 1847 de
786 1809 895 1847 causa
915 1810 1035 1847 vereri
1055 1809 1245 1854 debuerit,
1270 1823 1385 1848 nemo
1406 1810 1516 1849 dicit.
1549 1812 1731 1850 Habebat

312 1886 419 1928 pater
438 1876 478 1914 in
499 1875 644 1914 animo.
668 1876 835 1914 Planum
855 1875 930 1914 fac.
954 1875 1073 1914 Nihil
1093 1877 1171 1922 est,
1195 1891 1288 1921 non,
1311 1877 1474 1929 quicum
1495 1878 1729 1925 deliberarit,

314 1956 434 1994 quem
468 1943 675 1981 certiorem
705 1942 854 1988 fecerit,
890 1942 992 1980 unde
1023 1942 1124 1980 istud
1144 1943 1254 1981 vobis
1275 1943 1454 1996 suspicari
1484 1944 1529 1982 in>
1555 1956 1732 1985 mentem

314 2009 474 2047 venerit.
507 2010 614 2047 Cum
647 2008 724 2047 hoc
744 2010 864 2047 modo
891 2008 1057 2055 accusas,
1089 2010 1225 2055 Eruci,
1257 2023 1386 2048 nonne
1419 2009 1495 2049 hoc
1517 2012 1646 2064 palam
1666 2013 1729 2050 di«

313 2075 368 2113 cis
388 2075 400 2111 ?
433 2076 532 2127 Ego,
555 2076 650 2128 quid
670 2076 900 2129 acceperim,
932 2075 1033 2120 scio,
1067 2076 1164 2128 quid
1184 2076 1327 2121 dicam,
1345 2076 1486 2115 nescio.
1520 2079 1658 2117 Unum
1677 2079 1728 2116 ila

312 2142 382 2180 lud
402 2141 579 2194 spectavi,
615 2142 723 2194 quod
743 2141 1018 2194 Chrysogonus
1039 2142 1176 2187 aiebat,
1208 2143 1406 2181 neminem
1427 2144 1489 2182 isti
1518 2155 1728 2198 patronum

311 2208 520 2247 futurum:
554 2208 599 2246 de
621 2208 815 2247 bonorum
835 2209 1050 2261 emptione,
1086 2210 1211 2262 deque
1241 2223 1284 2247 ea
1315 2210 1492 2249 societate
1525 2213 1728 2250 neminem

312 2274 397 2320 effe,
428 2275 497 2327 qui
517 2274 681 2313 verbum
711 2273 835 2313 facere
865 2273 943 2313 hoc
977 2284 1151 2328 tempore
1182 2276 1349 2315 auderet.
1397 2278 1495 2316 Haec
1526 2287 1562 2316 te
1592 2278 1728 2329 opinio

311 2339 403 2379 falsa
421 2342 462 2379 in
482 2341 592 2380 istam
612 2340 789 2380 fraudem
810 2341 984 2395 impulit.
1017 2342 1113 2381 Non
1133 2341 1359 2382 mehercule
1380 2344 1542 2382 verbum
1563 2342 1724 2389 feciffes,

310 2406 338 2444 fi
359 2407 431 2446 tibi
452 2421 693 2460 quemquam
712 2407 983 2461 responsurum
1001 2407 1178 2461 putaffes.

369 2472 506 2524 Operae
540 2475 711 2526 pretium
745 2483 837 2519 erat,
878 2474 906 2512 fi
940 2474 1272 2518 animadvertistis,
1308 2473 1481 2524 Jud1ces,
1518 2474 1721 2527 negligenn

313 2536 409 2575 tiam
433 2539 515 2589 ejus
547 2539 590 2578 in
620 2539 831 2580 accusando
861 2539 1108 2579 confiderare.
1156 2538 1296 2584 Credo,
1328 2551 1422 2578 cum
1452 2539 1614 2585 vidistit,
1652 2541 1722 2594 qui
