2201 2792
459 193 534 221 ηε
852 179 924 218 IN
982 180 1051 231 Q
1098 180 1468 219 CAECILIUM

457 293 536 317 non
558 277 674 316 modo
694 277 734 315 in
755 276 893 315 animis
923 278 1119 329 judicum,
1152 278 1214 316 sed
1233 278 1349 317 etiam
1370 280 1409 316 in
1429 278 1550 317 oeulis
1571 277 1854 332 conspectuque

455 345 636 383 omnium
656 344 872 396 exponere?
904 343 1095 382 sociorum
1116 344 1291 390 salutem,
1319 344 1526 382 commoda
1550 345 1851 397 provinciarum,

455 411 538 449 vim
558 411 704 462 legum,
725 410 950 461 gravitatem
964 410 1204 462 judiciorum
1224 409 1423 448 defendere
1442 411 1455 447 ?

511 478 583 515 IX.
607 476 805 529 Cognosce
825 489 871 513 ex
893 490 969 520 me,
1002 477 1187 528 quoniam
1218 475 1293 515 hoc
1313 478 1488 529 primum
1512 486 1665 530 tempus
1685 477 1854 515 discendi

455 544 586 582 nastus
606 556 659 587 es,
681 555 798 595 quam
820 542 943 580 multa
962 542 1032 580 effe
1051 551 1223 595 oporteat
1243 543 1283 580 in
1314 556 1372 587 eo,
1403 543 1472 595 qui
1491 543 1656 581 alterum
1676 543 1823 581 accuset
1837 561 1852 587 ;

455 623 503 647 ex
523 609 664 661 quibus
685 608 711 645 fi
732 607 856 646 unum
877 608 1032 660 aliquod
1062 609 1102 646 in
1134 617 1169 645 te
1200 609 1439 661 cognoveris,
1468 622 1540 660 ego
1562 610 1645 660 jam
1674 607 1749 646 tibi
1776 608 1855 660 ipse

454 672 593 717 isthuc,
625 673 729 725 quod
758 673 919 725 expetis,
951 686 1037 711 mea
1056 673 1251 711 voluntate
1270 674 1494 712 concedam.
1526 674 1720 718 Primum,
1749 673 1856 710 inte-

454 739 649 792 gritatem,
682 747 795 790 atque
826 739 1087 777 innocentiam
1118 739 1374 792 singularem:
1407 738 1507 777 nihil
1526 739 1580 777 est
1597 739 1718 783 enim,
1749 737 1855 790 quod

453 805 584 843 minus
618 803 820 842 ferendum
854 804 912 849 fit,
948 818 1066 857 quam
1097 805 1285 843 rationem
1311 806 1357 843 ab
1390 805 1508 843 altero
1541 805 1628 842 vitae
1662 803 1855 856 reposcere

453 883 560 915 eum,
582 870 650 923 qui
670 884 747 908 non
768 869 880 922 posfit
899 870 971 908 suae
992 871 1158 909 reddere.
1209 871 1289 909 Hic
1321 884 1392 923 ego
1416 871 1461 909 de
1492 880 1529 909 te
1559 870 1669 923 plura
1693 883 1772 908 non
1791 868 1853 907 di-

453 948 541 973 cam
559 950 567 973 :
601 949 722 973 unum
744 934 842 972 illud
862 936 973 973 credo
992 949 1125 974 omnes
1146 936 1456 981 animadvertere,
1487 945 1525 973 te
1544 933 1670 972 adhuc
1690 934 1737 971 ab
1758 933 1851 972 nul-

452 1000 516 1046 lis,
547 1001 616 1039 nisi
647 1014 666 1038 a
691 1000 842 1045 Siculis,
875 1000 1035 1053 potuiffe
1066 1001 1271 1053 cognosci:
1304 1001 1453 1038 Siculos
1484 999 1560 1037 hoc
1591 999 1729 1043 dicere,
1761 1011 1855 1037 cum

453 1066 579 1104 eidem
600 1067 672 1104 fint
692 1066 791 1109 irati,
827 1066 891 1102 cui
921 1074 964 1102 tu
986 1074 1023 1102 te
1049 1066 1257 1103 inimicum
1287 1064 1358 1103 effe
1389 1065 1500 1110 dicis,
1539 1064 1613 1103 sese
1641 1073 1785 1109 tamen,
1814 1072 1856 1102 te

453 1133 589 1177 actore,
611 1130 658 1169 ad
671 1130 869 1183 judicium
887 1144 966 1169 non
986 1130 1186 1171 affuturos.
1219 1132 1348 1182 Qare
1367 1140 1521 1183 negent,
1543 1143 1590 1168 ex
1609 1143 1674 1168 me
1685 1144 1764 1168 non
1783 1143 1854 1168 au-

451 1196 531 1235 dies
547 1211 556 1234 :
578 1196 648 1234 hos
669 1205 796 1248 patere
815 1195 855 1233 id
874 1195 1064 1247 suspicari,
1081 1196 1185 1247 quod
1201 1195 1344 1233 neceffe
1359 1195 1425 1233 est.
1457 1195 1522 1234 Illi
1542 1194 1701 1247 quidem
1723 1195 1784 1247 (ut
1799 1194 1854 1233 est

448 1260 661 1300 hominum
681 1273 800 1313 genus
820 1260 937 1297 nimis
957 1269 1116 1298 acutum
1146 1269 1183 1298 et
1203 1260 1469 1313 suspiciosum)
1501 1273 1580 1299 non
1602 1269 1638 1298 te
1657 1273 1703 1298 ex
1724 1259 1853 1298 Sicilia

452 1327 580 1366 literas
613 1327 654 1364 in
673 1326 834 1364 Verrem
866 1325 1063 1380 deportare
1093 1326 1189 1365 velle
1220 1326 1477 1371 arbitrantur,
1508 1325 1584 1371 sed,
1606 1339 1698 1363 cum
1718 1325 1854 1364 iisdem

452 1393 572 1432 literis
592 1392 695 1431 illius
726 1401 888 1445 praetura
906 1401 945 1430 et
975 1401 1041 1430 tua
1060 1392 1244 1446 quaestura
1273 1391 1492 1444 consignata
1521 1391 1579 1435 sit,
1611 1390 1796 1443 asportare
1815 1399 1854 1428 te

452 1458 551 1497 velle
572 1472 618 1497 ex
639 1458 768 1496 Sicilia
786 1458 909 1495 literas
930 1458 1178 1509 suspicantur.

509 1524 676 1568 Deinde,
712 1523 968 1561 accusatorem
999 1522 1173 1567 firmum,
1204 1535 1417 1574 verumque
1443 1520 1513 1559 effe
1533 1529 1698 1574 oportet.
1746 1522 1853 1560 Eum

453 1604 525 1643 ego
545 1591 570 1628 fi
593 1599 628 1628 te
649 1599 782 1642 putem
804 1602 942 1642 cupere
962 1588 1046 1633 effe,
1078 1588 1191 1626 facile
1222 1587 1399 1640 intelligo
1418 1587 1489 1625 effe
1510 1601 1587 1625 non
1607 1586 1722 1641 poffe.
1765 1587 1852 1625 Nec

453 1670 496 1693 ea
526 1655 626 1700 dico,
658 1669 756 1707 quae,
779 1654 804 1692 s1
831 1655 972 1699 dicam,
1004 1663 1133 1692 tamen
1159 1653 1353 1691 infirmare
1381 1667 1459 1691 non
1490 1653 1602 1705 poffis
1618 1671 1630 1697 5
1662 1661 1714 1697 te,
1744 1661 1851 1690 ante-

453 1735 572 1774 quam
593 1721 638 1758 de
669 1721 796 1758 Sicilia
826 1720 1033 1764 decesseris,
1064 1720 1104 1757 in
1130 1710 1292 1772 gra-tiam
1326 1719 1456 1757 rediffe
1483 1732 1575 1757 cum
1596 1719 1740 1757 Verre:
1773 1719 1852 1757 Po-

453 1796 664 1831 tamonem,
686 1785 847 1823 scribam
868 1794 905 1822 et
924 1784 1153 1823 familiarem
1175 1794 1303 1829 tuum,
1335 1794 1528 1823 retentum
1549 1784 1620 1823 effe
1635 1798 1655 1821 a
1674 1785 1791 1821 Verre
1810 1784 1853 1821 in

451 1853 661 1905 provincia,
683 1865 773 1889 cum
798 1860 838 1890 tu
860 1851 1056 1888 decederes
1075 1866 1083 1889 :
1117 1852 1180 1889 M.
1202 1850 1422 1894 Caecilium,
1452 1849 1610 1887 fratrem
1631 1857 1745 1887 tuum
1770 1848 1851 1886 lec-

454 1919 640 1955 tiffimum
670 1926 781 1968 atque
801 1915 1080 1953 ornatiffimum
1101 1915 1391 1960 adolescentem,
1427 1929 1504 1953 non
1537 1914 1655 1953 modo
1685 1927 1763 1953 non
1784 1914 1851 1952 ad-

453 1983 538 2027 esse,
570 1995 693 2034 neque
724 1991 853 2019 tecum
889 1990 970 2018 tuas
1002 1981 1158 2034 injurias
1180 1981 1366 2033 persequi,
1397 1981 1460 2020 sed
1489 1980 1560 2019 effe
1590 1994 1682 2018 cum
1703 1981 1820 2019 Verre
1835 1999 1848 2026 5

454 2062 546 2086 cum
579 2048 646 2085 illo
675 2047 965 2084 familiarissime
999 2055 1112 2099 atque
1143 2046 1368 2085 amiciffime
1388 2047 1527 2085 vivere.
1570 2047 1667 2085 Sunt
1686 2045 1783 2092 haec,
1813 2056 1852 2085 et

453 2114 525 2153 alia
546 2114 584 2151 in
607 2123 642 2151 te
662 2112 742 2151 falsi
762 2112 985 2151 accusatoris
1007 2113 1108 2165 signa
1128 2112 1345 2166 permulta3
1378 2113 1520 2164 quibus
1548 2126 1622 2165 ego
1643 2126 1747 2150 nunc
1772 2126 1852 2151 non

454 2189 541 2217 utor
559 2193 567 2216 :
599 2177 673 2216 hoc
694 2179 794 2222 dico,
819 2188 868 2222 te,
891 2178 917 2215 fi
938 2179 1105 2216 maxime
1125 2178 1417 2231 cupias‚sstamen
1438 2191 1572 2216 verum
1592 2177 1850 2215 accusatorem

455 2245 525 2283 effe
546 2258 622 2282 non
653 2244 765 2297 poss‘e.
798 2244 923 2281 Video
943 2244 1048 2281 enim
1068 2244 1259 2296 permulta
1279 2244 1349 2281 effe
1373 2244 1550 2288 crimina,
1581 2255 1748 2295 quorum
1778 2242 1851 2280 tibi

455 2310 610 2349 societas
641 2323 733 2348 cum
754 2310 870 2348 Verre
901 2309 1088 2363 ejusmodi
1123 2308 1188 2354 est,
1220 2318 1263 2347 ut
1294 2323 1334 2347 ea
1360 2309 1400 2347 in
1431 2307 1640 2347 accusando
1665 2307 1851 2361 attingere

456 2389 533 2413 non
554 2376 701 2413 audeas.

510 2441 561 2477 X.
595 2442 782 2493 Qeritur
813 2440 941 2479 Sicilia
961 2449 1051 2485 tota,
1074 2441 1122 2478 C.
1145 2440 1305 2478 Verrem
1326 2440 1372 2478 ab
1401 2439 1623 2484 aratoribus,
1654 2453 1745 2477 cum
1765 2438 1850 2477 fru-

457 2515 634 2547 mentum
664 2507 734 2546 fibi
764 2507 805 2546 in
825 2506 962 2546 cellam
981 2506 1248 2560 imperavisset,
1280 2514 1318 2546 et
1338 2520 1431 2546 cum
1450 2506 1540 2546 effet
1559 2506 1678 2545 tritici
1697 2505 1850 2545 modius
