2201 2792
596 175 942 214 ACTIONIS
984 176 1036 214 11.
1098 175 1408 215 LIBERN.
1608 194 1686 231 409

294 273 522 311 decernitur.
565 271 748 311 Refertur
779 271 916 310 deinde
947 272 993 310 de
1011 272 1152 309 Verre:
1186 272 1262 318 dic,
1295 273 1435 325 quaeso,
1457 274 1685 325 quomodo?

294 340 422 390 QoD
445 338 559 378 verba
568 339 683 391 fhc‘ia
698 340 795 392 sum
813 337 918 394 dess·
943 340 1068 377 Verre.
1113 338 1222 390 Qid
1252 339 1377 392 postea
1397 339 1583 392 scriptum
1603 339 1684 377 est?

295 405 386 442 Cum
390 405 566 457 ficrgeret
585 419 693 449 nemo,
725 420 833 458 neque
838 405 1058 458 finientiam
1077 403 1221 443 diceret.
1255 405 1363 455 Qid
1393 404 1469 443 hoc
1491 405 1542 443 est
1561 406 1572 441 ἒ
1607 406 1689 443 Sors

292 470 450 509 ducitur.
484 471 781 526 Qamobrem?
814 472 946 510 Nemo
966 481 1044 509 erat
1064 471 1300 509 voluntarius
1328 471 1500 510 laudator
1519 481 1689 524 praeturae

294 545 382 581 tuae,
405 536 580 574 defensor
599 537 861 590 periculorum
882 547 1052 582 tuorum,
1084 537 1291 590 praesertim
1312 552 1405 576 curn
1424 538 1521 576 inire
1546 551 1566 575 a
1587 538 1689 575 Prae-

222 640 232 645 x
294 611 376 640 tore
394 604 558 655 gratiam
592 602 742 656 posset?
775 604 921 642 Nemo.
969 603 1041 655 Ipsi
1075 602 1133 640 illi
1166 603 1223 640 tui
1253 604 1438 649 convivae,
1473 602 1688 648 consiliarii,

293 669 451 713 conscii,
483 669 588 714 socii,
619 669 779 707 verbum
801 668 924 707 facere
944 682 1022 707 non
1043 669 1245 708 audebant.
1279 671 1325 708 In
1353 684 1429 722 qua
1449 670 1554 707 curia
1574 669 1691 707 statua

294 743 360 772 tua
379 735 512 780 stabat,
543 745 581 773 et
601 734 703 772 nuda
722 735 763 772 in
783 749 824 773 ea
853 735 940 780 filii,
972 749 1088 774 nemo
1119 735 1208 781 fuit,
1240 749 1358 789 quem
1379 750 1426 774 ne
1452 736 1578 774 nudus
1599 736 1688 788 qui-

295 801 384 840 dem
405 801 509 841 filius
529 802 569 840 in
591 802 693 840 nuda
713 802 910 855 provincia
928 812 1205 841 commoveret.

350 871 483 921 Atque
504 869 620 907 etiam
641 867 717 907 hoc
745 869 982 914 me.docent‚
1018 869 1206 921 ejusmodi
1238 868 1589 908 senatus-consulto
1620 869 1692 908 sese

295 934 423 974 feciffe
443 935 717 980 laudationem,
749 945 792 973 ut
812 949 946 974 omnes
968 936 1184 989 intelligere
1205 935 1367 989 possent,
1401 950 1480 975 non
1500 937 1690 974 laudatio-

295 1015 388 1040 nem
409 1031 420 1047 ,
452 1001 513 1040 sed
543 1003 671 1055 potius
704 1002 915 1040 irrisionem
949 1001 1020 1040 effe
1054 1002 1162 1040 illam
1181 1031 1192 1047 ,
1224 1017 1308 1054 quae
1339 1002 1692 1042 commonefaceret

297 1067 403 1105 istius
424 1077 592 1120 turpem,
624 1067 962 1120 calamitosamque
981 1077 1200 1120 praeturam.
1234 1069 1393 1106 Etenim
1414 1068 1600 1121 scriptum
1621 1070 1693 1108 effe

296 1133 363 1177 ita,
394 1133 499 1185 ond
513 1133 580 1171 iste
599 1134 718 1186 virgis
736 1134 904 1172 neminem
933 1133 1112 1187 cecidiffl’t,
1143 1147 1163 1171 a
1183 1148 1261 1187 quo
1293 1134 1538 1187 cognoscitis,
1575 1136 1692 1174 nobi-

296 1199 455 1238 liffimos
490 1198 684 1244 homines,
716 1209 829 1252 atque
855 1200 1182 1238 innocentiffimos
1214 1200 1332 1239 securi
1366 1200 1436 1238 effe
1470 1201 1689 1254 percussos:

296 1265 402 1317 Qod
416 1266 615 1319 vigilanter
626 1266 855 1318 provinciam
874 1265 1154 1320 admim'strcff’t,
1185 1267 1244 1318 cuj
1253 1280 1294 1303 us
1326 1280 1461 1305 omnes
1482 1268 1630 1320 vigilias
1652 1269 1692 1306 in

297 1331 435 1384 stupris
456 1331 615 1376 constat,
637 1330 908 1384 adulteriisque
927 1331 997 1371 effe
1017 1331 1277 1384 consumptas.
1312 1332 1403 1370 Hoc
1423 1341 1553 1370 autem
1574 1333 1693 1386 scrip-

298 1407 386 1450 turn
404 1398 536 1442 etiam,
573 1397 679 1451 quod
698 1396 868 1451 proferre
894 1412 970 1436 non
1001 1399 1156 1436 auderet
1188 1412 1286 1443 reUS,
1317 1399 1509 1437 accusator
1539 1400 1694 1438 recitare

297 1478 377 1503 non
396 1463 595 1509 desineret,
625 1463 732 1516 Qod
749 1463 936 1516 praedones
957 1464 1094 1517 procul
1115 1463 1162 1505 ab
1187 1464 1301 1517 infida
1320 1464 1441 1503 Sicilia
1463 1465 1638 1518 prohibui
1659 1478 1695 1505 ct

299 1532 429 1570 Verres
444 1549 455 1576 ς
488 1543 584 1583 quos
605 1530 723 1568 etiam
743 1530 843 1567 intra
869 1529 1137 1582 Syracusanam
1169 1529 1333 1568 insulam
1353 1531 1562 1584 recepisset.
1595 1533 1695 1583 Qae

295 1597 541 1650 posteaquam
561 1610 607 1635 ex
627 1596 705 1634 illis
724 1596 902 1648 cognovi,
917 1595 1059 1634 disceffi
1080 1609 1174 1635 cum
1193 1595 1307 1636 fratre
1322 1610 1342 1636 e
1362 1597 1482 1643 curia,
1503 1606 1560 1644 ut,
1582 1599 1693 1638 nobiS

297 1663 532 1708 absentibus,
553 1663 580 1701 fi
601 1663 695 1716 quid
715 1662 873 1707 vellent,
904 1663 1163 1702 decernerent.

343 1729 474 1768 LXV.
497 1731 724 1768 Decernunt
743 1729 870 1768 statim
891 1744 899 1767 z
922 1729 1111 1783 primum,
1137 1731 1186 1769 Ut
1205 1744 1283 1769 cum
1299 1731 1350 1769 L.
1359 1731 1495 1783 fratre
1509 1732 1694 1785 hospitium

289 1796 433 1850 publice
436 1797 562 1850 fieret,
578 1796 683 1850 quod
702 1797 734 1835 is
755 1796 917 1835 eandem
937 1796 1176 1835 voluntatem
1195 1810 1283 1849 erga
1302 1797 1549 1849 Syracusanos
1570 1798 1694 1837 susce-

296 1863 421 1918 piffet,
443 1877 561 1917 quam
582 1877 654 1917 ego
685 1863 832 1917 semper
850 1862 1079 1902 habuissem.
1112 1863 1158 1902 Id
1184 1877 1263 1902 non
1284 1865 1402 1903 modo
1423 1873 1509 1903 tum
1537 1865 1694 1919 scripse-

298 1940 403 1976 runt,
426 1944 560 1969 verum
581 1930 698 1968 etiam
719 1930 760 1968 in
780 1943 850 1968 aere
870 1929 1035 1968 incisum
1057 1930 1167 1968 nobis
1188 1929 1442 1970 tradiderunt.
1465 1931 1586 1970 Valde
1605 1931 1695 1970 her-

299 1994 359 2033 cle
379 2005 416 2034 te
438 1995 657 2047 Syracusani
678 1995 749 2040 tui,
772 2008 869 2047 quos
891 1995 1026 2033 crebro
1046 2008 1352 2033 commemorare
1374 1995 1482 2041 soles,
1500 1996 1670 2050 diligunt
1682 2016 1694 2042 ;

301 2061 369 2114 qui
387 2075 479 2099 cum
500 2061 714 2100 accusatore
734 2071 802 2099 tuo
819 2061 1057 2112 satisjustam
1074 2061 1224 2100 causam
1242 2063 1519 2115 conjungenda:
1539 2064 1696 2101 neceffi—

300 2127 446 2165 tudinis
467 2136 619 2180 putant,
641 2128 745 2179 quod
767 2137 802 2165 te
822 2127 1062 2165 accusaturus
1085 2128 1142 2173 fit,
1171 2136 1209 2165 et
1230 2128 1334 2181 quod
1354 2129 1400 2166 ad
1421 2128 1698 2181 inquirendum

300 2195 340 2233 in
370 2205 407 2233 te
427 2195 587 2233 venerit.
622 2194 752 2233 Postea
776 2194 1008 2239 decernitur,
1042 2208 1085 2232 ac
1114 2208 1191 2233 non
1214 2196 1326 2240 varie,
1360 2196 1420 2234 sed
1452 2211 1570 2249 prope
1601 2211 1695 2234 con-

297 2262 441 2313 junctis
459 2261 668 2306 sententiis,
686 2262 735 2300 Ut
752 2260 923 2304 laudatio,
939 2275 1018 2313 qzcae
1036 2262 1080 2300 C.
1102 2262 1213 2300 Verri
1229 2261 1370 2301 decreta
1390 2263 1479 2316 qffit,
1498 2264 1695 2301 sollertium

359 2330 414 2366 At
435 2342 523 2367 vero
544 2342 635 2366 cum
664 2329 745 2381 jam
768 2342 845 2366 non
877 2327 1001 2365 solum
1034 2328 1203 2367 disceffio
1238 2328 1334 2366 faCta
1354 2330 1455 2373 esset,
1489 2330 1548 2366 scd
1581 2330 1698 2366 etiam

303 2395 572 2446 perscriptum,
608 2405 722 2447 atque
752 2395 791 2432 in
826 2393 970 2433 tabulas
1003 2395 1181 2439 relatum,
1216 2397 1357 2433 Fra-tor
1388 2395 1611 2447 appellatur.
1645 2397 1699 2432 At

305 2460 391 2512 quis
411 2460 606 2512 appellat?
639 2461 887 2512 Magistratus
909 2460 1046 2512 aliquis
1067 2463 1078 2499 ?
1113 2474 1241 2499 nemo.
1274 2463 1451 2497 Senator?
1486 2474 1532 2498 ne
1550 2461 1587 2497 id
1609 2461 1696 2512 qui-

387 2526 452 2563 To
465 2538 515 2563 M.
539 2526 609 2564 IV.
1300 2526 1329 2562 F
1353 2524 1405 2562 ff
