2201 2792
639 173 808 213 PRo
867 174 912 212 P.
974 173 1408 226 QUINrro.

1682 197 1724 235 31

319 275 581 321 nominantur,
612 274 746 314 vident
765 274 1066 329 perfamiliarem
1097 275 1241 322 Naevii,
1275 276 1343 329 qui
1364 290 1412 315 ex
1433 276 1562 316 Gallia
1593 292 1730 331 pueros

318 342 467 382 venales
502 341 562 380 isti
592 341 820 387 adducebat,
853 343 902 380 L.
927 342 1153 380 Publicium
1169 361 1181 388 3
1214 343 1298 396 qui,
1332 353 1375 381 ut
1410 344 1580 382 Romam
1611 346 1730 391 venit,

316 417 441 447 narrat
461 408 503 447 N
507 409 614 454 aevio‚
637 422 718 461 quo
738 409 778 447 in
799 409 888 447 loco
907 408 1046 448 viderit
1068 409 1298 462 Qintium.
1328 411 1447 463 Qod
1468 411 1537 449 nisi
1557 424 1604 450 ex
1622 412 1729 451 Pub-

315 475 408 514 licio
442 484 637 514 narratum
672 475 811 514 Naevio
844 474 947 521 effer,
992 489 1071 514 non
1111 485 1190 514 tam
1231 477 1310 515 cito
1341 490 1397 515 res
1434 478 1472 515 in
1508 479 1729 518 contentio·

316 556 407 581 nem
440 542 611 582 veniffet.
657 544 769 582 Tum
801 543 962 581 Naevius
993 557 1131 597 pueros
1162 543 1314 582 circum
1350 545 1495 583 amicos
1531 546 1728 593 dimittit3

315 610 395 663 ipse
414 610 498 650 suos
520 609 740 649 necessarios
765 610 812 649 ab
833 610 937 648 atriis
961 611 1139 657 Liciniis,
1172 620 1211 650 et
1230 626 1250 650 a
1269 611 1447 651 faucibus
1467 614 1620 652 macelli
1641 628 1730 654 cor-

316 681 437 730 rogat,
461 689 505 716 ut
524 678 570 716 ad
590 677 762 716 tabulam
785 677 955 716 Sextiam
976 677 1047 716 fibi
1077 678 1198 717 adfint
1218 678 1312 717 horsi
1334 680 1496 718 secunda
1516 681 1697 734 postridie
1718 698 1727 720 ;

315 744 490 783 Veniunt
509 743 754 798 frequentes:
778 744 1001 783 testificatur
1021 745 1102 791 iste,
1122 747 1165 784 P.
1187 746 1401 798 Qintium
1422 761 1501 786 non
1522 747 1671 794 stetisse,
1693 758 1731 788 et

314 809 351 849 se
369 811 531 851 stetiffe:
555 812 693 851 tabulae
714 813 894 851 maxima:
914 813 1029 866 fignis
1050 811 1261 852 hominum
1283 815 1479 853 nobilium
1500 815 1729 869 consignan-

314 886 400 917 tur:
424 878 631 917 disceditur
649 894 657 917 ι
681 878 847 932 postulat
867 893 887 916 a
908 880 1095 918 Burrieno
1112 880 1277 918 Praetore
1290 881 1465 927 Naevius,
1480 891 1523 920 ut
1541 895 1588 921 ex
1604 883 1730 921 edicto

316 944 416 983 bona
434 945 616 998 poffidere
636 945 768 983 liceat.¹
808 945 922 997 Juffit
944 947 1043 984 bona
1064 946 1250 999 proscribi
1285 949 1381 1001 ejus,
1415 949 1578 1002 quicum
1610 949 1729 988 fami-

315 1011 457 1049 liaritas
479 1011 617 1055 fuerat,
654 1011 809 1049 societas
836 1021 927 1056 erat,
960 1013 1139 1058 affinitas,
1174 1014 1304 1052 liberis
1325 1015 1432 1054 istius
1454 1017 1564 1061 vivis,
1597 1017 1730 1054 divelli

316 1076 426 1114 nullo
460 1076 579 1114 modo
612 1085 774 1128 poterat.
819 1077 909 1127 Qa
938 1091 1044 1115 exre
1071 1078 1240 1131 intelligi
1260 1079 1374 1118 facile
1394 1082 1538 1134 potuit,
1570 1082 1728 1121 nullum

312 1141 384 1180 effe
418 1142 595 1179 officium
616 1150 705 1179 >tam
740 1141 942 1187 sanetum,
975 1152 1090 1195 atque
1121 1144 1289 1190 solenne,
1322 1147 1427 1198 quod
1458 1161 1536 1185 non
1574 1149 1728 1187 avaritia

312 1208 581 1246 comminuere
613 1216 729 1260 atque
760 1208 902 1246 violare
932 1208 1061 1247 soleat.
1105 1210 1266 1248 Etenim
1293 1211 1319 1249 fi
1352 1212 1508 1251 veritate
1542 1214 1727 1261 amicitia,

312 1274 387 1313 fide
407 1274 577 1320 societas,
612 1274 753 1327 pietate
784 1275 1053 1328 propinquitas
1075 1276 1218 1314 colitur
1235 1296 1247 1322 3
1280 1278 1425 1317 neceffe
1445 1279 1511 1324 est,
1545 1280 1625 1325 iste,
1659 1281 1728 1334 qui

310 1342 510 1388 amicum,
541 1341 704 1388 socium,
735 1342 921 1388 affinem,
953 1341 1057 1382 fama
1095 1357 1138 1382 ac
1174 1343 1341 1384 fortunis
1377 1346 1535 1400 spoliare
1568 1359 1728 1387 conatus

310 1409 377 1455 est,
399 1423 542 1449 vanum
563 1409 612 1455 se,
644 1418 683 1448 et
713 1409 978 1463 perfidiosum,
1010 1420 1048 1449 et
1075 1411 1246 1465 impium
1272 1413 1344 1452 effe
1378 1412 1553 1453 fateatur.
1587 1416 1726 1454 Libel-

310 1476 367 1516 los
389 1477 475 1516 Sex.
498 1475 719 1530 Alphenus,
750 1486 975 1530 procurator
1006 1479 1051 1517 P.
1076 1479 1248 1532 Qintii,
1280 1479 1481 1520 familiaris
1502 1492 1540 1520 et
1562 1483 1725 1536 propin-

310 1556 409 1596 quus
431 1544 519 1582 Sex,
541 1543 685 1589 Naevii,
714 1543 869 1595 dejicit:
901 1544 1096 1583 servulum
1118 1559 1258 1592 unum,
1280 1561 1399 1599 quem
1420 1548 1486 1586 iste
1509 1547 1725 1601 prehende-

309 1618 378 1654 rat,
414 1610 600 1649 abducit:
634 1611 856 1657 denunciat,
888 1611 960 1650 sese
993 1622 1282 1665 procuratorem
1303 1613 1397 1660 effe;
1431 1615 1547 1653 istum
1568 1630 1723 1668 aequum

309 1676 380 1714 effe
410 1676 523 1714 famae
554 1675 795 1729 fortunisque
827 1679 871 1716 P.
896 1678 1055 1729 Qintii
1087 1680 1296 1725 consulere,
1334 1690 1371 1718 et
1399 1682 1607 1720 adventum
1642 1684 1723 1734 ejus

306 1745 519 1796 expectare.
567 1743 684 1795 Qod
704 1743 731 1781 fi
750 1743 874 1782 facere
893 1744 1006 1789 nolit,
1038 1754 1152 1797 atque
1173 1746 1374 1784 imbiberit
1396 1747 1582 1799 ejusmodi
1604 1750 1720 1787 ratio—

307 1810 421 1848 nibus
456 1809 572 1848 illum
606 1810 652 1847 ad
672 1810 752 1847 suas
773 1810 1014 1848 conditiones
1046 1811 1267 1863 perducere,
1305 1812 1377 1850 sese
1412 1812 1509 1851 nihil
1548 1816 1719 1867 precari;

307 1884 356 1921 et,
381 1876 407 1914 s1
438 1875 534 1928 quid
554 1888 662 1928 agere
682 1875 787 1920 velit,
814 1875 968 1928 judicio
988 1875 1205 1915 defendere.
1246 1879 1344 1916 Haec
1375 1879 1470 1917 dum
1493 1880 1630 1919 Romae
1651 1894 1719 1934 ge-

307 1951 457 1988 runtur,
489 1942 678 1995 Qintius
698 1942 841 1980 interea
860 1944 1087 1995 contrajus‚
1109 1944 1445 1991 consuetudinem,
1474 1947 1595 1985 edicta
1616 1948 1718 1986 Prae-

307 2017 452 2054 torum,
483 2009 529 2047 de
550 2009 660 2054 saltu,
688 2022 856 2063 agroque
876 2009 1081 2049 communi
1101 2019 1139 2049 et
1160 2010 1271 2050 servis
1292 2013 1571 2052 communibus
1593 2014 1629 2052 vi
1651 2014 1718 2052 de·

306 2076 488 2114 truditur.

361 2142 454 2180 VII.
488 2142 690 2189 Existimat,
724 2145 771 2182 C.
806 2145 958 2197 Aquili,
990 2145 1123 2191 modo,
1165 2155 1203 2184 et
1238 2148 1383 2186 ratione
1417 2149 1549 2186 omnia
1581 2150 1719 2187 Romae

305 2209 490 2248 Naevium
511 2209 652 2255 fecisse,
686 2210 711 2248 fi
732 2209 822 2256 hoc,
855 2212 959 2264 quod
980 2226 1047 2265 per
1067 2213 1193 2251 literas
1215 2214 1319 2252 istius
1347 2215 1387 2253 in
1410 2216 1539 2253 Gallia
1566 2216 1716 2267 gestum

305 2276 370 2322 est,
393 2278 491 2315 Γεξὶε
512 2286 626 2330 atque
646 2277 780 2316 ordine
799 2277 947 2317 fsttum
968 2280 1132 2319 videtur.
1171 2281 1379 2335 Expulsus,
1401 2292 1515 2334 atque
1535 2283 1675 2333 ejefhis
1696 2295 1717 2319 e

305 2343 446 2395 praedio
468 2344 672 2396 Qintius,
703 2354 859 2397 accepta
888 2345 1027 2398 infigni
1061 2347 1215 2399 injuria,
1256 2347 1435 2400 confugit
1455 2348 1500 2384 ad
1528 2349 1575 2384 C.
1599 2348 1714 2386 Flac-

306 2422 397 2447 cum
419 2410 704 2463 imperatorem,
742 2412 809 2463 qui
840 2421 925 2450 tum
946 2421 1024 2450 erat
1054 2414 1095 2450 in
1116 2414 1339 2466 provincia:
1365 2428 1496 2464 quem,
1530 2423 1572 2451 ut
1598 2415 1714 2467 ipsius

306 2472 468 2525 dignitas
491 2475 627 2528 poscit,
649 2474 807 2515 honoris
827 2478 949 2530 gratia
969 2479 1144 2516 nomino.
1192 2479 1228 2515 Is
1249 2492 1331 2515 eam
1354 2493 1434 2516 rem
1456 2493 1573 2531 quam
1595 2479 1711 2518 vehe-

305 2549 454 2579 menter
474 2542 743 2582 vindicandam
763 2545 922 2596 putarit,
939 2558 985 2583 ex
1002 2544 1160 2583 decretis
1177 2545 1257 2597 ejus
1271 2546 1446 2598 poteritis
1469 2547 1710 2598 cognoscere.
