2201 2792
581 206 929 248 ACTIONIS
971 207 1026 246 II.
1085 205 1298 246 LIBER
1341 209 1374 246 I.
1615 223 1688 264 175

278 308 548 349 innocentium
580 307 762 360 sanguine
796 307 853 345 lui
884 307 1034 345 velles?
1077 306 1279 345 Idcircone
1309 306 1539 351 exercitum,
1576 318 1692 361 atque

276 376 426 416 hostem
447 375 706 428 relinquebas,
739 383 783 413 ut
803 383 868 413 tua
887 375 927 413 vi
957 383 995 412 et
1016 373 1258 418 crudelitate,
1289 373 1396 411 istius
1418 372 1590 411 hominis
1613 375 1692 412 iin-

274 442 491 497 probiffimi
510 442 683 495 pericula
702 442 915 480 sublevares
935 441 947 478 ?
980 440 1101 494 Qod
1135 441 1240 479 enim
1270 454 1363 479 eum
1390 439 1464 478 tibi
1485 440 1692 489 Qaestoris

275 510 472 548 inlocum
500 509 761 554 constitueras,
793 508 940 547 idcirco
977 508 1051 547 tibi
1071 508 1247 546 amicum
1278 507 1318 546 in
1350 516 1583 560 perpetuum
1611 506 1693 545 fore

273 576 446 630 putasti?
479 575 702 621 Nesciebas,
733 575 780 613 ab
811 589 855 613 eo
889 576 965 614 Cn.
1000 574 1223 613 Carbonem
1244 573 1472 618 Consulem,
1509 575 1618 627 cujus
1654 588 1693 612 re

275 656 362 681 vera
426 642 558 680 uaestor
577 641 668 687 fuit,
691 655 769 680 non
791 641 910 680 modo
926 641 1120 686 relictum,
1140 639 1201 678 sed
1221 640 1339 678 etiam
1354 639 1562 692 spoliatum
1583 641 1695 678 auxi-

276 708 354 754 liis,
386 710 549 762 pecunia
568 707 711 747 nefarie
730 717 1003 762 oppugnatum
1034 716 1072 745 et
1091 707 1292 760 proditum
1312 707 1324 744 ?
1357 707 1552 760 Expertus
1575 707 1696 760 igitur

275 787 314 812 es
334 774 442 813 istius
463 775 667 828 perfidiam
688 783 790 820 tum,
813 789 905 814 cum
928 775 964 813 se
983 774 1030 813 ad
1050 774 1234 812 inimicos
1263 783 1349 812 tuos
1376 772 1568 818 contulit;
1602 787 1696 811 cum

274 841 316 879 in
335 850 374 879 te
394 839 516 880 homo
536 842 614 895 ipse
636 854 780 880 nocens
801 841 1037 879 acerrimum
1058 840 1328 879 testimonium
1358 839 1459 878 dixit
1474 858 1486 886 3
1519 853 1612 878 cum
1634 853 1695 877 ra-

276 907 399 947 tiones
419 909 466 947 ad
486 909 675 954 aerarium,
698 909 767 947 nisi
788 909 971 947 damnato
989 917 1040 953 te,
1073 906 1210 945 referre
1230 907 1371 946 noluit.

331 975 486 1013 XXXI.
518 976 707 1013 Tantaene
727 984 817 1020 tuae,
840 976 992 1020 Verres,
1029 974 1211 1012 libidines
1232 982 1360 1018 erunt,
1397 982 1440 1011 ut
1470 986 1530 1011 eas
1563 985 1696 1026 capere

277 1054 320 1079 ac
341 1041 521 1079 sustinere
540 1055 619 1079 non
650 1042 858 1094 provinciae
879 1042 1015 1094 populi
1037 1042 1223 1086 Romani,
1254 1055 1332 1079 non
1363 1041 1536 1079 nationes
1557 1049 1696 1078 exterae

277 1107 446 1161 poffint?
477 1109 608 1152 Tune,
645 1107 751 1159 quod
771 1107 925 1152 videris,
957 1107 1065 1159 quod
1095 1106 1274 1152 audieris,
1306 1107 1413 1159 quod
1433 1107 1694 1159 concupierIS,

276 1174 383 1226 quod
403 1174 597 1226 cogitaris,
630 1173 699 1210 nis1
734 1173 775 1209 id
809 1173 856 1209 ad
888 1181 1031 1210 nutum
1053 1182 1168 1210 tuum
1195 1173 1328 1226 praesto
1347 1172 1478 1217 fuerit,
1510 1173 1580 1212 nisi
1602 1173 1696 1211 libi-

277 1240 359 1278 dini
379 1249 468 1285 tuae,
500 1239 787 1292 cupiditatique
806 1238 988 1291 paruerit,
1011 1239 1278 1277 immittentur
1297 1238 1478 1277 homines
1498 1240 1510 1275 ?
1542 1253 1694 1292 expug-

276 1306 472 1345 nabuntur
503 1306 643 1344 domus
663 1306 676 1343 ?
719 1305 893 1344 civitates
929 1319 1010 1344 non
1046 1304 1165 1344 modo
1195 1314 1338 1358 pacatae
1355 1334 1366 1350 ,
1408 1318 1544 1343 verum
1579 1306 1696 1343 etiam

252 1372 470 1428 *sociorum
490 1383 606 1426 atque
625 1373 858 1418 amicorum,
887 1373 934 1410 ad
953 1373 1051 1418 vim,
1085 1381 1201 1425 atque
1236 1372 1282 1410 ad
1313 1385 1418 1410 arma
1451 1370 1696 1425 confugient,

277 1449 322 1478 ut
341 1440 390 1478 ab
421 1439 470 1485 se,
502 1449 618 1493 atque
649 1440 696 1478 ab
727 1439 859 1478 liberis
880 1439 954 1478 suis
989 1439 1106 1492 legati
1140 1439 1278 1493 populi
1298 1439 1472 1478 Romani
1503 1439 1621 1477 scelus
1653 1452 1697 1478 ac

275 1506 483 1546 libidinem
503 1507 723 1560 propulsare
742 1506 883 1560 poffint
902 1507 914 1544 ?
943 1507 1052 1546 Nam
1073 1520 1204 1560 quaero
1224 1506 1290 1544 abs
1313 1515 1362 1552 te,
1385 1505 1698 1545 circumsessusne

277 1573 322 1611 fis
339 1574 545 1628 Lampsaci
560 1593 572 1619 3
605 1575 818 1627 coeperitne
839 1575 1020 1619 domum,
1042 1574 1082 1613 in
1099 1587 1176 1627 qua
1197 1574 1445 1619 diversabare,
1469 1573 1536 1611 illa
1556 1573 1697 1611 multi-

277 1641 374 1678 tudo
393 1642 626 1686 incendere;
658 1641 903 1679 voluerintne
923 1642 1097 1693 legatum
1118 1641 1254 1693 populi
1275 1641 1447 1679 Romani
1469 1641 1698 1678 comburere

277 1707 414 1744 vivum
434 1707 690 1760 Lampsaceni
708 1708 721 1743 ?
753 1707 909 1759 Negare
928 1720 1008 1744 non
1028 1716 1153 1759 potes.
1186 1706 1326 1744 Habeo
1346 1707 1453 1744 enim
1476 1706 1696 1744 testimoni-

280 1787 351 1812 um
372 1782 501 1819 tuum,
521 1773 627 1826 quod
646 1772 746 1827 apud
766 1772 969 1812 Neronem
989 1772 1142 1811 dixisti:
1175 1771 1300 1811 habeo
1329 1785 1422 1825 quas
1455 1772 1501 1809 ad
1527 1771 1695 1810 eundem

278 1840 406 1878 literas
429 1839 575 1878 misisti.
608 1840 749 1878 Recita
768 1838 876 1878 hunc
897 1839 1025 1893 ipsum
1045 1839 1180 1878 locum
1199 1839 1245 1877 de
1263 1839 1499 1876 testimonio.
1522 1839 1696 1876 TESTI-

280 1919 473 1945 MONIUM
509 1907 558 1945 C.
582 1905 755 1944 VERRIS
792 1919 838 1944 IN
874 1907 1259 1944 ARTEMIDORUM.
1311 1905 1449 1942 Recita
1483 1918 1529 1942 ex
1562 1905 1695 1942 Verris

279 1973 398 2012 literis
417 1973 465 2011 ad
485 1973 700 2012 Neronem.
724 1973 789 2011 Ex
815 1985 1002 2012 L1TER1s
1027 1973 1075 2011 C.
1092 1972 1265 2010 VERRIS
1290 1985 1352 2010 AD
1373 1972 1420 2010 C.
1441 1971 1695 2010 NERONEM.

279 2041 368 2079 Non
397 2041 506 2079 multo
530 2040 607 2094 post
631 2041 668 2079 in
689 2040 838 2079 domum.
876 2040 1084 2079 Bellumne
1117 2039 1266 2092 populo
1298 2040 1480 2077 Romano
1509 2039 1697 2092 Lampsa-

280 2106 368 2145 ceni
388 2106 490 2144 cives
522 2106 646 2145 facere
676 2108 942 2146 conabantur?
975 2107 1135 2145 deficere
1165 2106 1212 2144 ab
1246 2106 1425 2160 imperio,
1462 2120 1504 2144 ac
1536 2107 1697 2145 nomine

280 2173 408 2212 nostro
429 2173 608 2212 volebant
627 2173 640 2210 ?
673 2173 798 2211 Video
818 2174 940 2218 enirn,
977 2183 1015 2212 et
1034 2187 1081 2212 ex
1102 2173 1164 2218 iis,
1187 2187 1272 2226 quae
1304 2173 1382 2226 legi
1403 2182 1441 2211 et
1461 2173 1603 2219 audivi,
1632 2174 1695 2211 in-

280 2239 440 2294 tellig03
473 2241 514 2279 in
548 2254 624 2293 qua
641 2240 795 2279 civitate
815 2254 893 2278 non
915 2241 1033 2279 modo
1064 2240 1212 2293 legatus
1245 2241 1383 2294 populi
1415 2241 1587 2279 Romani
1617 2239 1694 2276 cir-

281 2306 502 2352 cumsessus,
534 2321 612 2345 non
633 2307 752 2346 modo
773 2307 869 2361 igni,
901 2307 1016 2353 ferro,
1039 2321 1173 2353 manu,
1205 2308 1328 2361 copiis
1351 2316 1610 2360 oppugnatus,
1633 2304 1694 2341 sed

283 2373 409 2425 aliqua
428 2386 475 2412 ex
495 2383 601 2426 parte
621 2373 786 2412 violatus
805 2374 864 2418 fit,
887 2374 955 2412 nifi
977 2374 1135 2427 publice
1155 2373 1391 2412 satisfaetum
1413 2371 1471 2415 fit,
1493 2371 1526 2407 ei
1548 2369 1694 2406 civitati

284 2437 431 2476 bellum
454 2440 589 2484 indici,
613 2449 728 2492 atque
749 2439 883 2478 inferri
903 2439 1033 2479 solere.

339 2503 437 2554 Qae
463 2504 540 2544 fuit
570 2506 690 2559 igitur
709 2506 827 2554 causa,
852 2519 922 2546 cur
941 2508 1080 2545 cun6²m
1110 2505 1243 2543 civitas
1264 2501 1616 2556 Lampsacenorum
1649 2501 1695 2540 de
