2201 2792
430 202 504 252 v152
855 194 944 232 IN
1020 190 1401 231 VERREM

481 297 578 335 Non
612 295 676 339 est,
700 307 774 331 non
795 292 848 330 est
885 292 925 329 in
961 290 1037 329 hoc
1070 289 1233 328 homine
1267 288 1450 341 cuiquam
1488 285 1671 340 peccandi
1704 286 1828 331 locus,

427 363 610 415 Judices:
648 375 725 398 non
760 361 790 397 is
821 358 873 396 est
907 371 1006 401 reus,
1039 370 1117 394 non
1152 355 1191 393 id
1227 364 1395 408 tempus,
1427 367 1505 392 non
1538 353 1577 391 id
1610 352 1828 397 consilium,

431 431 592 481 (metuo
620 441 666 465 ne
693 426 788 477 quid
815 424 1050 476 arrogantius
1081 422 1182 474 apud
1212 421 1304 458 tales
1336 421 1435 458 viros
1456 420 1583 458 videar
1602 419 1754 470 dicere)
1784 431 1832 456 ne

429 497 532 533 aftor
566 493 726 545 quidem
757 491 808 528 est
839 491 884 534 is,
917 490 980 526 cui
1012 501 1097 526 reus
1129 497 1208 525 tam
1240 499 1397 530 nocens,
1429 494 1510 523 tam
1531 485 1727 537 perditus,⁴
1750 492 1832 522 tam

428 562 566 604 victus,
597 568 662 596 aut
695 556 846 595 occulte
883 554 1032 606 surripi,
1063 562 1128 590 aut
1159 553 1319 604 impune
1352 550 1446 603 eripi
1478 549 1602 603 poffit.
1650 550 1726 587 His
1761 562 1834 601 ego

423 626 624 679 judicibus
646 638 723 662 non
744 621 928 675 probabo,
951 621 999 658 C.
1016 620 1176 656 Verrem
1196 626 1329 655 contra
1348 616 1447 669 leges
1467 615 1648 668 pecunias
1669 614 1832 668 cepiffe?

431 692 680 731 Sustinebunt
701 689 792 727 tales
814 688 898 731 viri,
930 686 964 724 se
984 694 1042 723 tot
1062 684 1310 727 senatoribus,
1338 691 1396 720 tot
1414 682 1609 735 equitibus
1631 680 1834 725 Romanis,

431 768 491 797 tot
511 757 746 799 civitatibus,
777 762 835 792 tot
866 751 1094 790 hominibus
1125 749 1394 788 honestiffimis
1414 762 1461 787 ex
1482 759 1562 786 tam
1588 746 1724 790 illustri
1743 759 1834 799 pro-

430 825 571 868 vincia,
607 832 666 861 tot
702 820 953 874 populorum,
992 818 1307 870 privatorumque
1340 815 1460 853 literis
1497 828 1576 852 non
1607 811 1835 851 credidisse?

432 900 546 929 tantae
576 889 713 942 populi
743 886 914 925 Romani
947 883 1139 923 voluntati
1158 881 1357 920 restitiffe?
1390 881 1617 919 Sustineant.
1649 879 1837 931 Reperie-

433 970 536 1001 mus,
568 955 594 993 fi
628 954 743 992 istum
775 953 908 990 vivum
943 950 990 988 ad
1019 949 1125 987 aliud
1148 948 1346 1000 judicium
1378 947 1583 998 perducere
1608 944 1838 996 poterimus,

433 1023 575 1075 quibus
596 1020 817 1073 probemus,
849 1017 965 1054 istum
998 1016 1040 1053 in
1071 1014 1257 1065 quaestura
1287 1012 1492 1064 pecuniam
1513 1010 1727 1063 publicam,
1760 1010 1838 1049 Cn.

435 1087 606 1128 Carboni
628 1084 788 1124 Consuli
814 1083 956 1127 datam,
987 1079 1183 1119 avertiffe:
1216 1079 1360 1132 quibus
1391 1078 1695 1131 persuadeamus,
1726 1076 1841 1115 istum

434 1156 558 1195 alieno
579 1152 738 1192 nomine
758 1165 778 1188 a
798 1149 1062 1200 Qaestoribus
1093 1148 1263 1190 urbanis,
1295 1145 1400 1198 quod
1424 1146 1550 1197 priore
1569 1144 1718 1182 actione
1738 1143 1842 1181 didi-

435 1223 552 1266 cistis,
575 1220 780 1273 pecuniam
801 1214 1002 1254 abstulisse.
1035 1215 1177 1257 Erunt,
1200 1213 1269 1263 qui
1289 1220 1327 1248 et
1346 1212 1386 1248 in
1403 1225 1447 1249 eo
1468 1224 1623 1262 quoque
1644 1210 1841 1247 audaciam

436 1290 518 1340 ejus
540 1283 832 1337 reprehendant,
864 1279 967 1332 quod
989 1279 1137 1330 aliquot
1159 1277 1383 1315 nominibus
1411 1277 1456 1314 de
1477 1277 1616 1329 capite,
1650 1284 1843 1328 quantum

437 1349 695 1392 commodum
715 1346 844 1390 fuerit,
876 1344 1065 1383 frumenti
1085 1342 1288 1381 decumani
1322 1342 1539 1388 detraxerit.
1572 1342 1700 1378 Erunt
1726 1340 1844 1377 etiam

439 1417 603 1462 fortafl‘e,
622 1415 792 1467 Judices,
825 1413 893 1464 qui
914 1412 1028 1449 illum
1050 1411 1130 1461 ejus
1163 1409 1385 1460 peculatum
1416 1407 1475 1445 vel
1502 1408 1684 1444 acerrime
1714 1405 1844 1444 vindi-

440 1485 606 1525 candum
638 1489 789 1535 putent,
822 1478 927 1529 quod
958 1476 1024 1514 iste
1050 1476 1113 1514 M.
1138 1474 1333 1518 Marcelli,
1366 1482 1404 1510 et
1426 1474 1469 1511 P.
1494 1472 1670 1510 Africani
1700 1485 1845 1510 monu-

442 1559 586 1593 menta,
609 1560 693 1599 quae
714 1544 887 1588 nomine,
910 1542 1084 1586 illorum,
1107 1553 1145 1578 re
1166 1553 1263 1584 vera,
1295 1538 1430 1591 populi
1453 1538 1635 1582 Romani,
1667 1545 1705 1575 et
1725 1546 1846 1582 erant,

442 1628 479 1656 et
499 1615 752 1656 habebantur,
768 1625 814 1648 ex
831 1609 928 1648 fanis
951 1607 1250 1660 religiofiffimis,
1270 1618 1317 1643 ex
1338 1605 1498 1643 urbibus
1519 1603 1710 1642 sociorum
1731 1612 1847 1656 atque

440 1684 657 1722 amicorum
679 1691 754 1716 non
777 1675 1008 1714 dubitaverit
1028 1673 1186 1711 auferre.
1204 1706 1208 1710 .

469 1750 522 1787 V.
545 1744 754 1786 Emerserit
773 1756 820 1781 ex
842 1741 1038 1794 peculatus
1059 1740 1175 1778 etiam
1190 1738 1365 1791 judicio:
1388 1737 1597 1777 meditetur
1616 1736 1663 1774 de
1683 1734 1849 1774 ducibus

442 1815 628 1857 hostium,
661 1824 757 1864 quos
792 1817 947 1861 accepta
979 1808 1141 1860 pecunia
1172 1807 1374 1844 liberavit:
1405 1805 1544 1849 videat,
1580 1803 1675 1856 quid
1706 1803 1752 1840 de
1771 1801 1850 1839 illis

444 1879 679 1933 respondeat,
711 1888 806 1926 quos
842 1875 882 1910 in
913 1886 1049 1909 eorum
1080 1872 1212 1908 locum
1243 1870 1413 1907 subditos
1441 1869 1549 1906 domi
1578 1869 1651 1905 suae
1685 1867 1850 1904 reserva-

444 1948 513 1985 vit.
565 1946 721 1995 Qaerat
756 1953 834 1977 non
869 1937 1008 1981 solum,
1052 1936 1384 1988 quemadmodum
1415 1934 1540 1972 nostro
1574 1933 1745 1978 crimini,
1783 1946 1849 1970 ve-

448 2024 535 2050 rum
553 2009 672 2050 ,etiam
693 2018 771 2056 quo
792 2004 901 2056 paeto
922 2002 992 2040 suae
1012 2000 1250 2046 confeffioni,
1272 2000 1383 2053 possit
1403 1999 1562 2038 mederi.
1604 1998 1850 2043 Meminerit‚

449 2078 483 2115 se
504 2075 628 2128 priore
662 2071 822 2114 actione,
854 2069 1022 2106 clamore
1050 2067 1186 2120 populi
1208 2066 1376 2104 Romani
1406 2063 1544 2103 infesto
1575 2073 1690 2117 atque
1716 2064 1852 2104 inimi—

447 2156 494 2180 co
514 2139 740 2181 excitatum,
774 2133 986 2173 confessum
1013 2133 1097 2178 effe,
1119 2132 1234 2171 duces
1266 2145 1286 2169 a
1316 2132 1350 2169 se
1371 2130 1596 2184 praedonum
1624 2129 1744 2168 securi
1775 2141 1854 2167 non

449 2206 520 2246 effe
540 2202 758 2258 percuff053
791 2200 825 2237 se
850 2201 933 2251 jam
964 2208 1051 2236 turn
1084 2197 1155 2236 effe
1175 2198 1356 2241 veritum,
1387 2210 1434 2234 ne
1455 2197 1525 2234 s1bi
1555 2195 1713 2233 crimini
1743 2193 1853 2231 dare-

451 2283 527 2316 tur,
558 2283 620 2308 eos
641 2269 688 2306 ab
710 2267 744 2305 se
765 2265 929 2319 pecunia
949 2264 1142 2302 liberatos.
1190 2265 1382 2307 Fateatur,
1415 2262 1468 2306 id,
1491 2260 1596 2313 quod
1616 2259 1744 2311 negari
1774 2272 1854 2297 non

452 2336 587 2390 potest,
619 2334 666 2379 se,
709 2333 901 2385 privatum
935 2329 1154 2373 hominem,
1198 2328 1422 2380 praedonum
1456 2327 1571 2364 duces
1601 2325 1706 2363 vivos
1740 2333 1857 2376 atque

452 2402 668 2441 incolumes
699 2398 806 2437 domi
827 2397 913 2441 suae,
944 2395 1188 2449 posteaquam
1210 2395 1379 2431 Romam
1412 2392 1577 2436 redierit,
1609 2390 1727 2442 usque
1760 2390 1856 2429 dum

454 2482 520 2521 per
552 2479 614 2504 me
646 2465 811 2508 licuerit,
843 2460 1015 2501 tenuiffc.
1048 2462 1152 2505 Hoc,
1186 2460 1225 2497 in
1256 2459 1325 2496 illo
1359 2458 1562 2510 majestatis
1578 2457 1728 2509 judicio
1749 2456 1774 2494 si
1805 2456 1855 2494 li-

455 2532 570 2575 cuiss'e
590 2531 659 2571 fibi
689 2530 904 2573 ostenderit,
937 2542 1008 2581 ego
1028 2526 1232 2581 oportuissc
1261 2525 1486 2565 concedam.
1519 2525 1580 2564 Ex
1605 2522 1681 2563 hoc
1702 2535 1858 2576 quoque
