2201 2792
734 134 871 173 PRO
929 135 981 174 A.
1042 135 1351 176 CAEclNA.
1663 151 1734 192 521

348 234 506 288 fugerit.
539 235 646 274 Cum
665 234 712 274 de
731 235 770 274 vi
790 234 1049 281 interdicitur,
1067 235 1145 274 duo
1163 250 1300 288 genera
1319 237 1514 276 causarum
1533 237 1604 276 ess'e
1624 239 1740 277 intel-

348 299 535 353 ligebant,
557 300 604 338 ad
624 314 709 354 quae
728 300 978 340 interdictum
998 301 1231 354 pertineret:
1264 315 1403 347 unum,
1425 302 1450 340 fi
1471 302 1539 355 qui
1565 316 1612 340 ex
1639 303 1740 347 loco,

348 365 390 404 in
410 379 489 418 quo
507 365 623 412 effet3
655 366 835 412 alterum,
865 367 892 406 fi
926 367 973 405 ab
1002 381 1048 405 eo
1078 367 1180 412 loco,
1215 381 1294 420 quo
1320 368 1479 412 veniret,
1510 368 1548 406 vi
1576 368 1742 420 dejectus

347 430 468 471 effet:
499 443 538 472 et
566 432 712 473 horum
742 441 967 487 utrumque,
1000 447 1123 487 neque
1152 443 1330 487 praeterea
1360 435 1589 488 quidquam,
1622 435 1743 488 potest

347 498 532 546 accidere,
554 501 870 553 RecuperatoreS.

405 565 452 604 Id
471 565 578 612 adeo,
595 566 622 604 fi
642 566 780 619 placet,
802 566 1047 605 considerate.
1081 567 1118 605 Si
1138 566 1206 619 qui
1227 580 1354 605 meam
1377 565 1566 609 familiam
1588 567 1634 605 de
1655 581 1743 606 meo

347 629 472 670 fundo
491 631 685 684 dejecerit,
706 644 753 670 ex
768 644 812 670 eo
828 644 892 669 me
912 631 999 670 loco
1019 631 1211 684 dejecerit.
1243 632 1282 670 Si
1303 633 1371 684 qui
1388 632 1487 670 mihi
1507 632 1640 685 praesto
1655 631 1741 670 fue-

347 697 398 736 rit
418 711 510 736 cum
531 697 686 736 armatis
706 695 935 736 hominibus
955 706 1061 736 extra
1080 711 1214 736 meum
1235 696 1420 743 fundum,
1450 707 1489 737 et
1503 712 1566 736 me
1586 698 1743 737 introire

345 761 617 816 prohibuerit;
650 777 728 802 non
747 777 795 802 ex
814 777 874 808 eo,
906 763 968 802 sed
989 764 1035 802 ab
1056 778 1115 809 eo,
1149 765 1236 802 loco
1268 778 1331 803 me
1352 765 1546 817 dejecerit.
1579 765 1641 803 Ad
1661 764 1741 803 haec

347 828 427 867 duo
445 842 583 882 genera
603 843 745 874 rerum,
766 843 891 868 unum
911 830 1088 875 verbum,
1110 830 1216 882 quod
1237 830 1320 868 satis
1343 829 1547 869 declararet
1568 831 1743 884 utrasque

347 906 420 940 ree,
441 895 671 934 invenerunt
684 914 698 941 ;
730 904 788 941 ut,
809 896 883 934 five
902 909 950 934 ex
969 894 1107 941 fundo,
1126 896 1201 934 five
1220 910 1241 934 a
1261 895 1396 942 fundo,
1425 896 1591 948 dejeetus
1611 897 1740 942 essem,

348 973 428 1000 uno
447 969 562 1014 atque
578 961 716 1000 eodem
746 961 950 1000 interdicto
970 961 1195 1007 restituerer,
1227 961 1325 1002 Unde
1351 971 1406 1001 tu.
1439 963 1531 1001 Hoc
1562 963 1740 1007 verbum,

350 1026 463 1073 Unde,
485 1036 695 1081 utrumque
714 1027 879 1067 declarat
898 1046 911 1074 3
943 1036 982 1067 et
1000 1041 1048 1068 ex
1067 1042 1147 1080 quo
1167 1028 1268 1073 loco,
1298 1037 1337 1066 et
1355 1042 1376 1066 a
1395 1041 1474 1081 quo
1492 1028 1593 1066 loco.
1626 1029 1741 1067 Unde

347 1092 517 1146 dejestus
551 1094 604 1133 est
625 1095 779 1133 Cinna?
811 1108 857 1133 ex
889 1094 998 1133 urbe.
1032 1094 1147 1133 Unde
1177 1094 1376 1147 dejecisti?
1407 1095 1453 1133 ab
1481 1095 1588 1133 urbe.
1626 1095 1741 1133 Unde

347 1159 484 1212 dejecti
505 1159 612 1199 Galli
629 1161 642 1199 ?
665 1174 686 1199 a
706 1160 917 1214 Capitolio.
943 1160 1060 1199 Unde
1080 1161 1148 1214 qui
1168 1174 1261 1200 cum
1283 1159 1465 1200 Graccho
1484 1160 1640 1200 fuerunt
1657 1162 1671 1199 ,Ρ
1693 1174 1740 1199 ex

349 1226 560 1279 Capitolio.

401 1293 554 1332 Videtis
574 1292 707 1346 igitur,
737 1293 814 1332 hoc
841 1307 919 1333 uno
939 1293 1056 1333 verbo
1075 1294 1279 1347 fignificari
1305 1308 1362 1333 res
1384 1294 1490 1339 duas,
1521 1303 1560 1333 et
1579 1307 1626 1332 ex
1645 1308 1738 1347 quo,

347 1368 387 1397 et
406 1372 426 1397 a
445 1373 538 1413 quo,
559 1360 661 1399 loco.
688 1362 800 1399 ›Cum
819 1370 948 1400 autem
968 1374 1013 1400 eo
1044 1361 1191 1400 restitui
1219 1361 1346 1414 jubet,
1380 1362 1434 1399 ita
1451 1361 1592 1414 jubet:
1625 1369 1682 1406 ut,
1715 1362 1743 1399 fi

348 1426 456 1465 Galli
475 1440 496 1465 a
516 1428 725 1480 majoribus
746 1428 881 1467 nostris
901 1428 1147 1481 postularent,
1178 1436 1223 1467 ut
1247 1442 1293 1467 eo
1314 1428 1609 1472 restituerentur,
1641 1428 1742 1466 unde

347 1492 483 1545 dejecti
504 1493 634 1538 essent,
661 1503 699 1532 et
718 1494 846 1545 aliqua
865 1494 903 1531 vi
930 1492 1006 1531 hoc
1024 1493 1165 1546 assequi
1185 1493 1332 1546 poffent
1346 1512 1358 1539 ς
1391 1508 1483 1539 non,
1506 1494 1655 1547 opinor,
1676 1507 1741 1532 eos

347 1559 388 1597 in
408 1560 652 1604 cuniculum,
667 1573 742 1612 qua
754 1559 909 1612 aggreffi
926 1569 1045 1604 erant,
1062 1559 1123 1597 sed
1138 1560 1178 1598 in
1194 1560 1449 1612 Capitolium,
1465 1560 1609 1600 restitui
1623 1573 1739 1613 opor-

348 1634 459 1669 teret.
490 1626 582 1663 Hoc
601 1625 707 1663 enim
727 1625 983 1677 intelligitur:
1018 1624 1116 1664 Unde
1135 1634 1177 1664 tu
1196 1624 1302 1677 dq'eci
1327 1626 1353 1670 i,
1379 1626 1452 1664 five
1471 1639 1518 1664 ex
1538 1639 1616 1678 quo
1636 1625 1738 1670 loco,

348 1691 421 1730 five
441 1705 461 1729 a
481 1705 559 1744 quo
579 1691 681 1737 loco,
703 1706 738 1730 eo
757 1691 934 1744 restituas.
967 1692 1149 1743 Hocjam
1172 1691 1333 1744 simplex
1353 1692 1418 1735 est,
1440 1692 1480 1729 in
1499 1705 1589 1730 eum
1607 1691 1739 1729 locum

348 1757 518 1796 restituas
536 1772 544 1796 :
577 1757 651 1796 five
670 1771 716 1796 ex
747 1756 823 1795 hoc
849 1758 936 1796 loco
966 1757 1148 1809 dejecisti,
1182 1757 1333 1795 restitue
1367 1757 1406 1795 ln
1442 1756 1548 1795 hunc
1580 1758 1737 1801 locum;

347 1823 423 1862 five
441 1823 488 1862 ab
508 1822 584 1862 hoc
605 1824 705 1869 loco,
727 1823 879 1862 restitue
899 1823 943 1862 in
958 1837 1047 1861 eum
1068 1823 1215 1868 locum,
1239 1837 1316 1861 non
1337 1837 1383 1861 ex
1404 1837 1495 1875 quo,
1525 1823 1585 1862 sed
1606 1837 1626 1860 a
1645 1837 1736 1876 quo,

347 1888 514 1942 dejectus
535 1889 601 1928 est.
634 1891 691 1927 Ut
710 1888 736 1927 fi
758 1889 826 1941 qui
845 1902 890 1927 ex
911 1889 1001 1934 alto,
1025 1902 1117 1926 cum
1144 1889 1190 1926 ad
1211 1888 1371 1941 patriam
1393 1888 1607 1932 acccffiffct,
1636 1897 1737 1925 tem-

347 1954 488 2008 pestate
508 1953 636 1993 subito
656 1955 816 2007 rejectus
837 1962 997 2007 optaret,
1020 1963 1077 1999 ut,
1099 1967 1190 1991 cum
1212 1953 1300 1992 effet
1320 1966 1339 1991 a
1359 1954 1478 2006 patria
1498 1954 1677 2005 dejectus,
1695 1968 1740 1991 co

348 2020 629 2066 restitueretur;
651 2020 741 2066 hoc,
763 2020 915 2074 opinor,
936 2030 1097 2073 optaret,
1116 2029 1173 2064 ut,
1195 2033 1216 2057 a
1236 2033 1312 2071 quo
1333 2020 1419 2058 loco
1438 2019 1617 2072 depulsus
1637 2019 1737 2063 effer,

346 2087 388 2125 in
409 2100 500 2125 eum
520 2086 556 2124 se
574 2085 730 2125 fortuna
747 2086 970 2131 restitueret,
994 2100 1069 2123 non
1092 2087 1130 2123 in
1152 2085 1286 2130 salum,
1310 2085 1369 2123 sed
1391 2086 1430 2122 in
1450 2085 1568 2138 ipsam
1587 2086 1737 2128 urbem,

348 2166 466 2205 quam
486 2152 662 2205 petebat:
694 2151 757 2196 fic,
792 2152 976 2203 quoniam
997 2152 1077 2188 vim
1100 2151 1302 2188 verborum
1337 2150 1538 2189 necessario
1558 2151 1736 2188 fimilitu—

349 2219 438 2257 dine
458 2232 586 2257 rerum
607 2231 859 2270 aucupamur,
881 2218 950 2269 qui
970 2216 1148 2269 postulat,
1167 2225 1222 2261 ut,
1240 2230 1260 2255 a
1280 2230 1358 2269 quo
1380 2217 1464 2255 loco
1485 2218 1647 2269 dejceme.
1671 2217 1735 2258 cst,

347 2283 424 2323 hoc
441 2284 507 2329 est,
531 2284 632 2322 unde
651 2285 816 2335 dejectus
838 2283 903 2327 est,
925 2296 970 2321 eo
992 2282 1222 2322 restituatur.

404 2350 558 2389 XXXI.
592 2351 698 2388 Cum
719 2349 831 2387 verba
851 2362 918 2387 nos
939 2362 984 2386 eo
1010 2349 1173 2394 ducunt,
1207 2356 1291 2386 tum
1314 2360 1368 2384 res
1390 2346 1467 2398 ipsa
1498 2344 1571 2382 hoc
1604 2345 1737 2381 sentire

349 2424 464 2467 atque
485 2415 700 2468 intelligere
720 2416 839 2470 cogit.
872 2416 1046 2461 Etenim,
1082 2415 1180 2459 Piso,
1205 2413 1334 2466 (redeo
1356 2426 1458 2450 nunc
1479 2412 1522 2449 ad
1545 2411 1607 2449 illa
1630 2411 1735 2461 prin-

403 2482 530 2520 ToM.
563 2481 634 2520 IV.
1315 2478 1349 2513 V
1373 2491 1393 2513 v
1416 2491 1435 2513 v
