2201 2792
473 198 544 252 138
897 198 986 237 IN
1058 198 1440 238 VERREM

465 300 533 353 qui
555 299 702 338 Consul
723 308 799 337 erat
819 298 955 344 faetus,
987 300 1232 352 propinquis,
1263 300 1546 353 necessariisque
1572 301 1668 353 ejus,
1690 299 1758 353 qui
1779 308 1865 338 tum

464 366 631 410 aderant,
653 365 815 403 verbum
835 365 989 403 nullum
1010 364 1103 403 facit
1121 380 1130 404 2
1153 379 1244 404 curn
1264 364 1341 404 hoc
1361 366 1541 411 confistit‚
1562 364 1668 404 hunc
1688 365 1864 418 amplex-

465 442 561 477 atur,
583 431 689 470 hunc
705 432 818 484 jubet
838 431 913 469 fine
934 445 1024 469 cura
1043 431 1129 470 effe.
1167 432 1360 477 Renuntz'c),
1384 432 1525 484 inquit,
1547 433 1617 471 tibi
1638 443 1672 471 te
1691 431 1867 471 hodiernis

464 499 611 538 comitiis
629 498 688 552 eff&
705 498 912 552 absolutum.
936 498 1055 549 Qod
1075 512 1167 536 cum
1189 508 1268 537 tam
1285 499 1401 537 multi
1420 497 1598 536 homines
1614 497 1867 536 honestiffimi

463 565 660 610 audissent,
683 565 809 603 statim
830 566 875 603 ad
896 579 959 602 me
980 564 1146 603 defertur
1162 584 1173 609 ;
1205 566 1331 603 immo
1351 579 1454 610 vero,
1477 574 1520 603 ut
1539 565 1700 617 quisque
1720 578 1784 602 me
1804 563 1864 601 vi-

464 633 582 677 derat,
605 632 790 670 narrabat.
823 631 922 669 Aliis
941 631 1037 668 illud
1058 631 1279 683 indignum,
1303 631 1385 669 aliis
1403 630 1628 675 ridiculum,
1649 629 1863 668 videbatur.

464 698 696 736 Ridiculum
716 698 776 742 iis,
810 698 878 750 qui
910 697 1016 735 istius
1036 697 1186 735 causam
1212 698 1253 735 in
1288 697 1442 735 testium
1462 696 1550 743 fide,
1581 696 1622 735 in
1653 696 1866 735 criminum

464 765 623 809 ratione,
655 765 695 802 in
717 763 896 816 judicum
919 763 1112 816 potestate,
1135 777 1212 802 non
1233 764 1273 801 in
1293 763 1463 802 comitiis
1485 762 1761 806 consularibus,
1792 775 1866 815 po-

462 830 570 868 fitam
591 830 897 874 arbitrabantur;
930 829 1138 882 indignum
1159 830 1218 874 iis,
1254 829 1321 882 qui
1357 829 1470 867 altius
1505 828 1798 882 perspiciebant,
1829 835 1870 865 et

461 895 561 934 hanc
595 896 892 950 gratulationem
926 896 972 934 ad
1000 896 1198 948 judicium
1229 895 1559 948 corrumpendum
1579 895 1742 948 spectare
1762 893 1867 932 arbi-

462 964 672 1002 trabantur.
705 963 864 1000 Etenim
887 962 936 1000 fic
957 962 1295 1006 ratiocinabantur,
1328 962 1378 1000 fic
1407 960 1661 999 honestiffimi
1686 958 1867 997 homines

462 1030 562 1068 inter
581 1030 630 1074 se,
661 1038 698 1066 et
719 1042 877 1066 mecum
899 1029 1157 1079 loquebantur
1169 1045 1181 1072 3
1204 1036 1329 1079 aperte
1343 1027 1440 1079 jam,
1475 1040 1518 1065 ac
1538 1026 1735 1080 perspicue
1761 1026 1870 1064 nulla

461 1096 531 1134 effe
546 1095 707 1147 judicia.
740 1094 822 1146 Qi
842 1107 927 1131 reus
948 1093 1071 1146 pridie
1092 1094 1175 1146 jam
1195 1092 1274 1146 ipse
1293 1093 1328 1131 se
1354 1092 1659 1132 condemnatum
1690 1092 1866 1146 putabat,

460 1162 507 1207 is,
529 1161 776 1214 posteaquam
797 1159 970 1197 defensor
989 1161 1069 1211 ejus
1092 1159 1238 1197 Consul
1259 1159 1311 1196 est
1331 1158 1467 1203 faetus,
1489 1159 1709 1197 absolvitur.
1757 1158 1867 1209 Qid

461 1228 608 1279 igitur?
639 1225 745 1278 quod
779 1234 859 1263 tota
893 1224 1036 1269 Sicilia,
1069 1224 1175 1276 quod
1194 1237 1327 1262 omnes
1358 1224 1492 1269 Siculi,
1525 1237 1659 1263 omnes
1691 1224 1866 1277 negotia-

461 1302 575 1337 toreS‚
605 1303 739 1329 omnes
773 1289 939 1342 publicas
959 1289 1192 1342 privataeque
1223 1289 1338 1327 literae
1360 1290 1498 1328 Romae
1518 1289 1618 1334 sunt,
1646 1288 1796 1327 nihilne
1826 1289 1868 1327 id

460 1358 601 1398 valebit
621 1357 633 1394 ?
665 1355 796 1401 Nihil,
832 1357 955 1394 invito
990 1355 1158 1394 Consule
1192 1355 1397 1409 designato.
1432 1356 1541 1408 Qid
1560 1356 1572 1392 ?
1600 1356 1751 1408 judices
1787 1369 1867 1394 non

460 1424 638 1469 crimina,
660 1437 738 1462 non
760 1421 882 1468 testes,
905 1436 982 1461 non
1002 1422 1324 1460 existimationem
1354 1423 1490 1474 populi
1511 1421 1682 1459 Romani
1701 1421 1866 1474 sequen-

460 1501 522 1530 tur
541 1492 554 1528 ?
586 1491 680 1529 Non
699 1505 707 1528 z
730 1490 862 1527 omnia
882 1489 995 1526 unius
1016 1487 1198 1540 potestate
1217 1501 1258 1526 ac
1278 1487 1540 1526 moderatione
1560 1496 1769 1526 vertentur.

516 1558 628 1596 VIII.
654 1557 752 1594 Vere
772 1556 920 1608 loquar,
942 1554 1098 1606 Judices
1115 1569 1124 1592 :
1156 1553 1402 1592 vehementer
1422 1568 1485 1592 me
1503 1553 1586 1592 haec
1606 1568 1662 1592 res
1684 1568 1865 1594 commo-

461 1625 585 1662 vebat.
633 1623 820 1675 Optimus
841 1622 946 1659 enim
980 1621 1142 1674 quisque
1172 1621 1224 1658 ita
1243 1621 1487 1673 loquebatur,
1519 1621 1591 1659 Iste
1612 1621 1772 1673 quidem
1793 1621 1867 1659 tibi

460 1691 669 1744 eripietur3
702 1689 763 1727 sed
794 1702 863 1726 nos
884 1702 962 1726 non
982 1688 1199 1726 tenebimus
1225 1688 1374 1739 judicia
1393 1688 1553 1726 diutius.
1585 1688 1747 1726 Etenim
1778 1688 1868 1740 quis

461 1758 614 1811 poterit,
639 1756 754 1793 Verre
773 1755 960 1800 absoluto,
993 1754 1039 1792 de
1060 1753 1330 1793 transferendis
1357 1755 1516 1807 judiciis
1543 1754 1739 1793 recusare?
1771 1755 1867 1792 Erat

461 1824 645 1863 omnibus
664 1821 893 1861 molestum:
926 1835 1052 1873 neque
1071 1835 1134 1859 eos
1155 1831 1234 1859 tam
1260 1821 1366 1859 istius
1388 1820 1560 1860 hominis
1581 1821 1722 1873 perditi
1742 1820 1867 1858 subita

461 1891 605 1934 laefifin,
637 1902 752 1940 quam
774 1887 945 1924 hominis
970 1887 1192 1939 amplissimi
1212 1901 1310 1924 nova
1329 1888 1546 1939 gratulatio,
1578 1887 1864 1926 commovebat.

463 1956 680 2007 Cupiebam
709 1953 941 1991 diffimulare
974 1966 1036 1990 nie
1070 1953 1109 1990 id
1141 1952 1298 1990 moleste
1331 1951 1442 1991 ferre.
1490 1953 1709 2006 Cupiebam
1744 1953 1865 1991 animi

463 2023 634 2060 dolorem
657 2020 766 2057 vultu
799 2029 936 2072 tegere,
968 2028 1006 2056 et
1040 2019 1299 2057 taciturnitate
1330 2019 1464 2058 celare.
1497 2021 1601 2058 Ecce
1628 2029 1756 2057 autem
1787 2019 1865 2058 illis

464 2088 550 2140 ipsis
571 2087 719 2130 diebus,
752 2099 844 2122 curn
876 2086 1055 2123 Praetores
1084 2085 1267 2138 designati
1288 2085 1522 2131 sortirentur,
1553 2095 1591 2124 et
1611 2086 1674 2124 M.
1698 2085 1866 2123 Metello

462 2153 666 2206 obtigifi‘et,
714 2161 756 2189 ut
790 2153 820 2189 is
856 2151 902 2189 de
945 2152 1118 2204 pecuniis
1153 2152 1373 2205 repetundis
1409 2162 1593 2205 quaereret
1610 2182 1621 2197 ,
1667 2152 1866 2190 nuntiatur

464 2219 577 2264 milii,
599 2228 742 2256 tantam
764 2218 821 2255 issi
839 2218 1135 2269 gratulationem
1151 2217 1222 2255 effe
1243 2217 1396 2263 factam,
1418 2228 1460 2256 ut
1476 2219 1507 2256 is
1524 2231 1678 2270 quoque
1699 2217 1864 2255 domum

465 2299 599 2339 pueros
622 2285 805 2328 mitteret,
828 2284 895 2335 qui
917 2283 1027 2320 uxori
1048 2283 1119 2320 suae
1140 2285 1374 2322 nuntiarent.
1409 2285 1504 2321 Sane
1535 2297 1582 2320 ne
1602 2282 1683 2320 haec
1704 2282 1864 2333 quidem

465 2367 519 2390 res
543 2350 640 2389 mihi
673 2350 872 2403 placebam
905 2363 1029 2401 neque
1061 2358 1204 2394 tamen,
1235 2350 1330 2402 quid
1365 2359 1559 2401 tantopere
1593 2349 1633 2386 in
1664 2348 1735 2386 hac
1767 2348 1865 2387 sorte

465 2418 717 2456 metuendum
740 2415 839 2454 mihi
859 2415 960 2459 effet,
981 2415 1259 2467 intelligebam.
1294 2417 1429 2454 Unum
1452 2415 1550 2453 illud
1570 2429 1616 2453 ex
1636 2414 1863 2453 hominibus

464 2485 592 2527 certis,
624 2498 670 2521 cx
691 2484 832 2535 quibus
864 2482 995 2521 omnia
1025 2482 1212 2534 comperi,
1243 2482 1507 2534 reperiebam3
1540 2481 1648 2520 fiscos
1680 2482 1863 2534 complu-

465 2564 519 2588 res
555 2563 645 2588 cum
686 2550 847 2602 pecunia
888 2547 1092 2593 Siciliensi,
1137 2561 1157 2586 a
1197 2547 1366 2600 quodam
1408 2548 1574 2586 senatore
1611 2547 1658 2586 ad
1691 2547 1863 2600 equitem
