2201 2792
508 165 586 205 286
935 164 1027 203 IN
1098 163 1480 203 VERREM

505 266 675 319 optimos
698 272 976 318 recuperatores
1003 264 1081 309 dat,
1116 264 1283 302 eundern
1313 264 1428 302 illum
1460 263 1659 301 medicum
1680 262 1909 301 Cornelium

508 332 558 383 (is
579 331 630 370 est
651 330 919 370 Artemidorus
938 331 1128 382 Pergaeus,
1153 330 1223 381 qui
1243 330 1283 366 in
1304 329 1366 367 sua
1387 329 1506 382 patria
1525 328 1604 367 dux
1623 328 1682 366 isti
1712 328 1909 381 quondam

505 407 544 436 et
564 397 741 450 magister
763 397 807 435 ad
829 395 1121 449 despoliandum
1142 395 1279 433 Dianae
1310 394 1504 447 templum
1537 393 1629 447 fuit)
1664 403 1701 432 et
1731 393 1908 446 haruspi-

505 478 593 503 cem
612 463 881 507 Volusianum,
917 470 954 499 et
975 461 1173 499 Valerium
1198 474 1430 514 praeconem.
1463 459 1671 513 Nympho,
1700 470 1909 512 antequam

504 531 617 584 plane
647 529 832 573 constitit,
862 528 1157 566 condemnatur.
1204 527 1366 579 Qanti,
1401 525 1553 564 fortasse
1575 527 1772 578 quaeritis:
1804 526 1910 564 nulla

504 606 582 635 erat
601 597 715 635 edicti
733 609 846 649 poena
864 604 965 633 certa
983 610 991 633 ;
1025 593 1214 632 frumenti
1234 594 1265 645 ej
1274 607 1315 632 us
1334 594 1478 638 omnis,
1507 593 1612 646 quod
1633 593 1672 631 in
1693 594 1786 631 areis
1806 592 1908 631 effet.

505 664 567 702 Sic
589 663 785 716 Apronius
806 662 1041 700 decumanus
1073 674 1150 698 non
1177 661 1382 698 decumam
1413 660 1600 705 debitam,
1633 673 1710 698 non
1730 658 1909 697 frumen-

504 739 592 768 tum
614 738 809 768 remotum
840 737 954 780 atque
974 728 1156 771 celatum,
1192 725 1255 764 sed
1285 726 1405 764 tritici
1425 725 1569 779 septem
1591 726 1714 764 millia
1739 725 1909 764 medim-

505 796 602 835 num
622 810 669 835 ex
690 794 944 848 Nymphonis
975 793 1208 832 arationibus
1229 793 1344 831 edicti
1374 793 1503 845 poena,
1535 807 1613 832 non
1635 792 1909 845 redemptionis

504 862 635 915 aliquo
649 864 750 914 jure,
773 861 891 899 tollit.

560 930 695 967 XXII.
728 928 900 966 Xenonis
934 927 1110 972 Meneni,
1147 926 1374 965 nobilissimi
1393 926 1582 971 hominis,
1604 926 1734 964 uxoris
1767 924 1910 963 fundus

500 1004 582 1033 erat
602 995 741 1033 colono
761 994 923 1031 locatus.
955 993 1145 1038 Colonus,
1177 994 1281 1045 quod
1303 993 1607 1031 decumanorum
1636 992 1791 1045 injurias
1813 991 1911 1034 ferre

505 1075 583 1100 non
605 1069 765 1114 poterat,
796 1074 844 1099 ex
876 1073 965 1112 agro
987 1058 1220 1112 profugerat.
1253 1059 1388 1097 Verres
1420 1060 1461 1097 in
1482 1060 1686 1098 Xenonem
1713 1058 1911 1110 judicium

505 1128 618 1167 dabat
638 1127 737 1166 illud
757 1127 870 1165 suum
891 1126 1177 1164 damnatorium
1198 1125 1244 1163 de
1259 1126 1442 1178 jugerum
1463 1125 1702 1178 profeffione.
1733 1126 1844 1163 Xeno
1865 1125 1912 1162 ad

504 1194 540 1233 se
561 1194 750 1248 pertinere
780 1192 943 1246 negabat
961 1207 969 1230 :
1002 1191 1170 1230 fundum
1191 1192 1384 1229 elocatum
1406 1192 1476 1229 effe
1496 1192 1659 1230 dicebat.
1698 1191 1826 1229 Dabat
1845 1190 1912 1228 iste

498 1260 711 1314 judicium,
734 1260 777 1298 Si
795 1268 947 1312 pareret
972 1259 1108 1310 jugera
1127 1258 1208 1309 ejus
1229 1256 1340 1295 fundi
1360 1257 1431 1295 effe
1451 1257 1574 1310 plura,
1612 1271 1730 1310 quam
1751 1257 1911 1295 colonus

504 1326 595 1365 effet
615 1324 813 1379 profeffuS‚
829 1334 914 1362 tum
936 1325 993 1362 uti
1014 1325 1124 1362 Xeno
1145 1323 1400 1361 damnaretur.
1422 1323 1588 1361 Dicebat
1604 1323 1682 1368 ille,
1701 1337 1777 1361 non
1794 1323 1912 1361 modo

504 1407 583 1432 non
603 1391 714 1430 araffe
734 1391 783 1436 se,
801 1391 840 1428 id
860 1390 963 1443 quod
985 1390 1069 1428 satis
1091 1399 1182 1434 erat,
1198 1389 1257 1427 sed
1279 1403 1347 1427 nec
1368 1390 1576 1428 dominum
1592 1390 1672 1442 ejus
1692 1389 1763 1427 effe
1782 1388 1909 1434 fundi,

505 1473 576 1498 nec
597 1460 806 1497 locatorem
825 1472 834 1495 z
867 1457 995 1495 uxoris
1016 1455 1087 1493 effe
1105 1471 1113 1493 ε
1145 1469 1230 1493 eam
1251 1456 1369 1508 ipsam
1397 1455 1509 1494 suum
1531 1457 1732 1508 negotium
1752 1469 1881 1508 gerere
1899 1470 1909 1494 ι

504 1526 625 1579 ipsam
646 1524 833 1563 locavisse.
868 1523 1111 1562 Defendebat
1144 1523 1348 1560 Xenonem
1375 1522 1495 1560 homo
1526 1523 1677 1561 summo
1698 1522 1910 1575 splendore,

504 1601 544 1630 et
564 1591 715 1629 summa
736 1590 958 1628 auffi‘oeritate
980 1589 1174 1641 praeditus,
1212 1589 1274 1626 M.
1299 1588 1502 1626 Coffetius.
1550 1588 1621 1626 Iste
1655 1587 1911 1627 nihilominus

498 1658 695 1712 judicium
715 1657 805 1695 H-S
828 1669 946 1694 Lxxx
972 1655 1144 1693 millium
1162 1654 1288 1692 dabat.
1313 1654 1383 1692 llle
1405 1655 1551 1692 tametsl
1573 1664 1849 1708 recuperatores
1867 1655 1914 1693 de

503 1723 662 1762 cohorte
695 1723 888 1760 latronum
910 1721 978 1758 fibi
999 1720 1119 1773 parari
1140 1720 1308 1765 videbat,
1340 1729 1468 1758 tamen
1497 1720 1694 1772 judicium
1729 1729 1910 1773 acceptu-

505 1804 593 1828 rum
613 1789 647 1832 se
666 1788 737 1827 effe
758 1787 921 1825 dicebat.
953 1788 1064 1824 Tum
1096 1786 1163 1824 iste
1183 1799 1322 1839 magna
1353 1799 1444 1824 voce
1463 1786 1638 1823 Veneriis
1660 1787 1837 1838 imperat,
1870 1796 1912 1824 ut

504 1857 619 1894 Xeno
639 1855 785 1893 audiret
801 1871 812 1898 3
845 1854 950 1891 Dum
969 1867 1025 1890 res
1031 1851 1234 1903 judicetur,
1269 1852 1438 1890 hominem
1463 1861 1505 1890 ut
1524 1851 1701 1905 qffbrvent
1713 1867 1726 1890 :
1757 1866 1835 1890 cum
1841 1851 1912 1903 ju—

505 1921 743 1972 dicatzcmstt‚
765 1919 860 1971 adst
879 1917 1073 1956 adducant.
1105 1918 1157 1954 Et
1190 1917 1287 1954 illud
1317 1917 1431 1955 simul
1452 1917 1578 1961 dixit;
1611 1917 1645 1954 se
1668 1930 1743 1955 non
1764 1926 1911 1969 putare,

506 1988 636 2031 illum,
660 1987 684 2024 s1
707 1995 860 2038 propter
881 1984 1031 2021 divitias
1054 1996 1183 2036 poenas
1215 1983 1470 2021 damnationis
1492 1991 1772 2028 contemneret,
1794 1985 1911 2022 etiam

506 2054 630 2106 virgas
651 2061 912 2090 contemnere.
947 2050 1033 2088 Hac
1055 2049 1120 2086 ille
1141 2050 1192 2093 vi,
1227 2059 1265 2087 et
1295 2048 1369 2087 hoc
1392 2059 1499 2087 metu
1532 2049 1729 2095 adductus,
1761 2058 1912 2088 tantum

506 2118 744 2162 decumanis,
767 2126 956 2169 quantum
978 2116 1043 2156 iste
1064 2116 1279 2168 imperavit,
1302 2116 1476 2155 exsolvit.

549 2185 703 2224 XXIII.
738 2181 1010 2221 Polemarchus
1031 2182 1082 2219 est
1102 2183 1394 2234 Murgentinus,
1417 2183 1474 2220 vir
1495 2183 1618 2221 bonus
1640 2191 1754 2234 atque
1774 2182 1911 2221 hones-

507 2262 580 2292 tus.
609 2253 659 2297 Is,
681 2264 772 2289 cum
794 2249 1077 2303 projugeribus
1099 2249 1392 2301 quinquaginta,
1413 2251 1610 2287 medimna
1633 2262 1717 2287 Dcc
1741 2249 1912 2288 decumae

507 2320 799 2372 imperarentur,
831 2316 935 2368 quod
967 2314 1172 2359 recusabat,
1208 2315 1371 2353 domum
1393 2317 1436 2353 ad
1459 2315 1573 2353 istum
1602 2315 1641 2352 in
1668 2315 1732 2366 jus
1753 2316 1911 2353 eductus

507 2386 586 2423 est:
618 2393 669 2429 et,
702 2397 791 2422 cum
816 2382 880 2420 iste
907 2381 1022 2419 etiam
1053 2380 1221 2424 cubaret,
1256 2381 1294 2417 in
1316 2381 1543 2419 cubiculum
1566 2380 1805 2420 introductus
1833 2381 1909 2420 est:

508 2451 641 2506 quod,
675 2449 743 2488 nisi
780 2448 962 2493 mulieri,
993 2456 1031 2485 et
1061 2446 1299 2492 decumano,
1345 2447 1499 2500 patebat
1532 2446 1682 2486 nemini
1710 2447 1788 2487 alii.
1835 2447 1910 2493 Ibi,
