2201 2792
629 225 1059 267 ACTIONISII.
1118 227 1329 268 LIBER
1359 229 1410 267 v.
1639 246 1719 285 479

325 327 481 368 confilia
500 327 546 366 ad
566 327 726 366 salutem
746 327 953 372 sociorum,
982 325 1212 380 dignitatem
1234 327 1371 380 populi
1392 327 1576 374 Romani,
1608 329 1726 369 fidem

324 408 468 440 meam,
490 393 750 447 spectaverunt
766 412 778 438 3
810 393 837 432 fi
858 393 1008 431 nullam
1028 391 1075 430 ad
1094 405 1190 437 rem,
1212 392 1281 430 nis1
1302 393 1348 431 ad
1369 393 1544 432 officium
1565 404 1602 433 et
1623 396 1723 433 veri-

325 469 459 506 tatem,
491 472 627 498 omnes
648 473 742 498 rneae
762 472 876 504 curae,
905 458 1060 512 vigiliae,
1093 458 1420 511 cogitationesque
1451 459 1694 499 elaborarunt
1710 481 1722 506 ς

325 540 411 579 quae
432 539 516 565 mea
535 538 645 564 mens
665 526 706 564 in
726 525 962 578 suscipienda
979 524 1088 563 causa
1110 523 1201 568 fuit,
1234 524 1326 562 fides
1349 525 1390 562 in
1411 526 1567 578 agenda,
1591 528 1724 566 eadem

324 593 442 632 vestra
461 593 502 631 in
527 591 737 645 judicanda
757 592 815 631 fit.
847 591 1030 643 Denique
1064 591 1123 628 uti
1144 592 1192 628 C.
1218 591 1393 636 Verrem,
1426 593 1451 630 fi
1484 594 1563 645 ejus
1591 596 1721 632 omnia

327 660 415 698 sunt
435 659 606 697 inaudita
621 667 659 696 et
678 657 881 710 singularia
899 656 1071 695 facinora
1090 655 1254 701 sceleris,
1272 656 1450 703 audaciae,
1468 659 1649 711 perfidiae,
1672 661 1722 699 li-

324 725 483 770 bidinis,
505 724 682 769 avaritiae,
705 723 956 769 crudelitatis,
989 723 1129 776 dignus
1149 723 1276 761 exitus
1297 724 1485 776 ejusmodi
1511 727 1589 764 vita
1609 737 1723 780 atquc

321 789 446 836 fastis,
478 789 599 828 vestro
624 788 789 841 judicio,
822 788 1075 840 consequatur
1093 803 1102 826 ε
1135 796 1256 840 utque
1288 788 1503 841 respublica
1516 820 1526 835 ,
1560 805 1722 844 meaque

322 844 430 901 fides,
462 869 538 894 una
567 853 640 892 hac
671 854 910 893 accusatione
941 867 1026 893 mea
1056 862 1236 892 contenta
1256 853 1299 891 fit
1315 873 1326 899 3
1360 855 1536 909 mihique
1562 856 1720 909 posthac

323 923 446 962 bonos
462 921 592 976 potius
606 919 808 960 defendere
820 921 946 967 liceat,
961 934 1079 975 quam
1092 920 1291 973 improbos
1308 923 1478 961 accusare
1496 923 1640 962 necesse
1660 925 1719 963 s1t,

941 1341 1090 1376 PRO

473 1496 593 1569 M.
704 1492 1561 1568 FONTEIO.

764 1745 1114 1784 ORATIO
1196 1746 1268 1784 XI.

316 1918 348 1955 I.
385 1916 485 1941 ***
518 1916 609 1954 Hoc
642 1916 819 1961 Praetore‚
850 1915 1063 1969 oppressam
1094 1917 1165 1954 effe
1197 1930 1266 1955 aere
1297 1917 1421 1962 alieno
1455 1917 1639 1956 Galliam.
1674 1920 1710 1956 A

316 1982 458 2034 quibus
480 1981 644 2020 versuras
667 1991 859 2021 tantarum
880 1983 1131 2035 pecuniarum
1154 1983 1267 2022 sanas
1289 1984 1360 2021 effe
1381 1984 1545 2022 dicunt?
1572 1998 1591 2022 a
1613 1984 1710 2022 Gal-

315 2048 391 2085 lis?
422 2046 522 2084 nihil
543 2048 686 2085 minus.
719 2050 755 2086 A
776 2049 919 2100 quibus
940 2049 1087 2101 igitur?
1116 2063 1135 2086 a
1156 2050 1306 2087 civibus
1328 2051 1531 2095 Romanis,
1554 2051 1622 2103 qui
1642 2065 1710 2088 ne-

315 2113 510 2166 gotiantur
530 2113 570 2150 in
591 2113 732 2151 Gallia.
768 2115 849 2151 Cur
863 2127 996 2152 eorum
1018 2115 1131 2151 verba
1152 2128 1228 2152 non
1250 2115 1426 2153 audimus
1446 2116 1458 2152 ?
1490 2129 1559 2153 cur
1577 2130 1710 2155 eorum

314 2179 452 2217 tabulae
472 2179 588 2216 nullae
609 2178 855 2231 proferuntur
873 2180 885 2216 ?
909 2180 1074 2218 Insector
1095 2180 1211 2226 ultro,
1234 2191 1349 2233 atque
1368 2183 1466 2220 insto
1486 2183 1708 2226 accusatori,

315 2246 494 2296 Judices:
531 2245 706 2290 infestor,
741 2246 917 2298 inquam,
950 2256 987 2284 et
1022 2246 1152 2298 flagito
1185 2247 1307 2285 testes.
1341 2248 1432 2286 Plus
1463 2262 1534 2300 ego
1565 2249 1604 2284 in
1636 2248 1708 2285 hac

315 2311 422 2348 causa
441 2311 580 2349 laboris
601 2320 639 2349 et
659 2325 780 2364 operae
800 2312 986 2351 consumo
1006 2313 1046 2350 in
1074 2313 1271 2365 poscendis
1293 2314 1464 2357 testibus,
1495 2327 1612 2364 quam
1633 2327 1707 2351 cae-

315 2377 384 2414 teri
405 2376 617 2415 defensores
637 2378 677 2415 in
699 2368 923 2417 refutandis.
956 2380 1165 2417 Audaciter
1195 2379 1270 2417 hoc
1291 2380 1390 2422 dico,
1414 2379 1595 2428 Judices;
1628 2393 1706 2417 non

317 2451 459 2479 temere
479 2442 682 2481 confirmo.
706 2443 864 2482 Referta
885 2445 1015 2484 Gallia
1034 2446 1315 2498 negotiatorum
1343 2444 1407 2487 est,
1430 2443 1540 2497 plena
1560 2444 1710 2483 civium

341 2575 364 2599 94
380 2575 402 2600 9-4
417 2575 441 2600 94
471 2573 617 2626 Dtjfimt
628 2575 826 2627 permulta.
