2201 2792
352 147 394 173 21
522 132 1054 195 ARGUOMENTA
1117 129 1655 168 ORATIONUNL

349 217 438 252 inter
454 215 565 250 servos
585 215 667 259 rixa,
694 216 849 262 pervenit
869 215 1007 250 tandem
1026 213 1069 248 ad
1088 213 1174 260 ipsos
1193 213 1352 248 dominos
1375 225 1507 260 pugna,
1533 225 1602 260 qua
1620 213 1659 247 P.
1679 210 1824 247 Clodius

348 263 547 301 interfeetus
569 265 625 299 est.
677 266 803 299 Delato
821 265 854 299 in
874 265 995 299 urbem
1014 263 1184 298 Clodiano
1200 263 1377 303 cadavere,
1407 263 1632 296 vehementer
1648 262 1724 296 sunt
1741 261 1825 295 Clo-

347 314 454 355 diani,
473 326 553 348 cum
574 316 629 348 {ua
648 313 777 360 sponte,
797 323 873 347 tum
892 311 1145 347 concitantibus
1165 312 1287 345 Fulvia
1305 323 1423 352 uxore,
1447 320 1482 344 et
1500 311 1664 345 Munatio
1683 310 1825 351 Planco,

347 374 383 400 et
407 364 456 408 Q
485 363 666 409 Pompeio,
694 363 820 396 Tribb.
843 362 891 407 pl.
912 360 1092 400 commoti,
1120 370 1155 393 et
1180 372 1304 405 magna
1330 359 1454 393 Miloni
1480 360 1608 393 invidia
1631 367 1741 393 ereata
1764 358 1823 393 est.

349 413 507 459 Populus
536 413 652 451 etiam,
687 411 793 444 Sexto
823 409 949 443 Clodio
978 408 1084 443 scriba
1114 409 1214 449 duce,
1250 420 1374 453 corpus
1405 408 1532 441 mortui
1562 407 1677 441 intulit
1707 407 1825 447 curiae,

348 462 467 507 ibique
490 461 677 499 cremavit,
705 471 776 505 quo
800 459 882 504 igne
905 459 997 492 curia
1019 467 1054 491 et
1077 456 1235 501 adjuncta
1262 457 1381 490 Porcia
1406 456 1540 490 basilica
1563 455 1743 490 combusta
1764 455 1824 489 est.

349 510 403 545 Ea
421 522 473 544 res
491 521 570 543 cum
590 508 755 542 invidiam
773 507 945 542 conflasset
970 506 1158 545 Clodianis,
1188 506 1286 538 rediit
1313 506 1345 539 in
1371 506 1491 538 urbem
1519 505 1622 544 Milo,
1649 503 1828 549 nihiloque

351 559 467 593 minus
494 568 597 604 atque
622 568 718 590 antea
740 556 954 590 consulatum
979 555 1088 600 petiit.
1133 554 1310 594 Tandem,
1337 565 1418 587 cum
1447 553 1539 587 SCto
1562 552 1721 600 permissa
1744 553 1826 586 effet

348 607 416 643 Cn.
444 606 613 653 Pompeio
639 605 837 652 respublica,
866 605 958 649 isque
980 615 1021 637 ex
1041 603 1162 637 eodem
1183 603 1275 636 SCto
1294 602 1445 637 delefflus
1465 602 1631 635 habuisset
1649 601 1822 641 celeriter-3

350 657 423 691 duo
445 655 687 694 adolescentes,
715 654 822 700 Appii
844 653 992 692 Claudii,
1019 651 1090 685 duo
1108 651 1233 684 Valerii
1252 661 1286 684 et
1305 651 1349 684 L.
1370 650 1570 684 Herennius
1597 650 1739 690 Balbus,
1765 649 1827 695 qui

351 715 501 739 mortem
520 703 634 738 Clodii
654 702 807 747 persequi
827 702 1081 741 constituerant,
1108 699 1368 746 postulaverunt
1393 699 1484 744 apud
1507 711 1587 732 eum
1607 697 1774 732 familiam
1792 706 1828 732 et

351 752 497 788 Milonis
515 762 549 787 et
567 752 702 787 Faustae
723 751 836 785 uxoris
854 749 926 796 ejus
944 749 1188 783 exhibendam.
1230 748 1375 788 Aderat,
1395 748 1522 782 Miloni
1538 748 1592 795 Q
1606 746 1828 788 Hortensius,

351 801 408 837 M.
427 802 559 842 Cicero,
587 800 643 834 M.
665 799 866 840 Marcellus,
894 799 949 832 M.
969 797 1138 837 Calidius,
1165 796 1221 830 M.
1238 797 1338 837 Cato,
1366 796 1509 830 Faustus
1535 796 1636 842 Sylla.
1676 795 1828 842 Qergo

351 850 561 886 Hortensius
593 849 755 895 negabat,
781 846 891 882 servos
915 846 1060 881 Milonis
1076 845 1231 880 exhiberi
1251 845 1352 890 posse,
1379 845 1473 891 quod
1492 845 1596 878 effent
1620 844 1827 885 manumiffi,

351 912 433 935 cum
452 907 557 945 caput
574 897 706 932 domini
727 897 790 931 ulti
808 897 924 931 effent.
974 894 1093 929 Postea
1110 905 1192 928 vero
1211 905 1314 938 quam
1330 893 1396 928 Cn.
1418 893 1606 939 Pompeius
1623 892 1739 927 consul
1756 901 1830 926 erat

351 960 396 984 ex
419 948 514 983 SCto
540 946 584 981 ab
611 947 780 992 interrege
807 946 879 979 Ser.
905 943 1056 990 Sulpicio
1082 952 1213 977 creatus
1232 943 1275 977 V.
1295 942 1372 976 Kal.
1392 943 1500 976 Mart.
1520 941 1632 975 statim
1652 940 1827 975 consulatu

351 997 449 1038 inito,
476 996 592 1041 Iegem
612 995 690 1030 tulit
708 996 751 1028 de
770 994 816 1034 vi,
843 1005 912 1039 qua
936 993 1138 1026 nominatim
1163 991 1294 1025 caedem
1321 991 1352 1023 in
1378 991 1431 1024 via
1458 990 1573 1036 Appia
1589 989 1715 1024 fastam
1733 1001 1829 1024 com-

349 1046 472 1093 plexus
491 1045 550 1086 est,
577 1054 612 1078 et
631 1041 851 1088 hancjudicii
870 1041 1018 1075 habendi
1039 1039 1204 1073 rationem
1225 1037 1437 1085 praescripfit,
1465 1049 1502 1072 ut
1519 1038 1633 1084 primo
1651 1037 1830 1085 Qiaefitor

351 1106 421 1129 non
439 1094 533 1135 effet,
560 1093 603 1127 de
623 1103 730 1133 more,
757 1091 901 1131 Praetor,
928 1089 983 1123 sed
1002 1087 1167 1134 suffragiis
1185 1087 1304 1133 populi
1323 1099 1341 1122 e
1359 1086 1604 1121 Consularibus
1622 1085 1829 1133 eligeretur3

350 1143 488 1184 deinde,
515 1141 624 1176 tribus
642 1140 765 1174 diebus
783 1139 881 1174 testes
900 1138 1098 1172 audirentur
1113 1153 1124 1176 ·,
1150 1136 1275 1170 deinde
1294 1147 1364 1169 uno
1381 1136 1577 1182 eodemque
1594 1135 1650 1169 die
1667 1136 1712 1170 ab
1729 1146 1831 1170 accu-

348 1192 459 1227 satore
477 1200 512 1226 et
530 1202 588 1225 reo
611 1198 838 1236 peroraretur.
888 1187 956 1221 Cui
983 1187 1053 1232 legi
1079 1196 1159 1219 cum
1186 1184 1362 1218 obstitisset
1389 1184 1588 1230 aliquandiu
1615 1183 1671 1218 M.
1699 1183 1831 1218 Caelius

351 1241 513 1276 tribunus
532 1240 594 1285 pL,
611 1237 705 1284 quod
724 1235 947 1283 privilegium
968 1235 1000 1269 in
1019 1234 1192 1268 Milonem
1210 1231 1289 1266 ferri
1308 1232 1447 1273 diceret,
1465 1232 1595 1280 perlata
1612 1231 1752 1266 tandem
1769 1231 1829 1267 est.

349 1290 496 1326 Creatus
508 1288 555 1322 est
568 1286 743 1334 Qaesitot
757 1285 822 1319 Cn.
837 1283 1016 1319 Domitius
1028 1281 1298 1318 Ahenobarbus
1335 1282 1366 1316 Is
1381 1293 1476 1324 cum,
1494 1280 1682 1328 Pompeius
1693 1278 1830 1326 judices

348 1349 394 1373 ex
412 1337 576 1372 omnibus
591 1335 768 1370 ordinibus
783 1334 889 1369 claros
903 1331 1027 1379 eosque
1043 1341 1213 1366 trecentos
1227 1330 1461 1377 proposuisset,
1478 1331 1655 1376 oetoginta
1668 1339 1701 1363 et
1717 1340 1829 1365 unum

351 1398 395 1422 ex
412 1386 452 1421 iis
470 1385 606 1420 sortitus
623 1384 679 1419 est.
732 1383 786 1418 Ex
803 1382 853 1417 his
871 1382 1053 1429 postquam
1071 1378 1242 1415 accusator
1259 1389 1294 1414 et
1312 1391 1388 1414 reus
1402 1379 1527 1425 quinos
1545 1390 1564 1413 e
1581 1378 1720 1424 lingulis
1739 1377 1831 1412 ordi-

353 1435 456 1469 nibus
473 1433 672 1480 rejeciffent,
691 1444 779 1466 unus
799 1441 833 1466 et
850 1430 1105 1477 quinquaginta
1123 1428 1228 1463 relisti
1247 1428 1335 1470 sunt,
1354 1427 1490 1462 XVIII.
1510 1427 1692 1468 senatoreS,
1711 1426 1828 1462 XVII.

352 1484 498 1531 equites,
527 1493 559 1516 et
583 1481 684 1516 XVI.
705 1481 833 1516 tribuni
852 1480 970 1514 cerarii.
1017 1478 1090 1525 Ipso
1110 1476 1232 1523 judicii
1252 1487 1405 1524 tempore
1424 1488 1544 1510 omnes
1570 1485 1642 1510 tota
1668 1475 1753 1510 urbe
1779 1484 1834 1510 ta-

353 1532 473 1567 bernae
499 1530 632 1571 clausae,
660 1540 694 1564 et
717 1530 749 1563 in
768 1528 843 1563 foro
860 1527 1088 1574 omnibusque
1106 1525 1178 1572 ejus
1196 1525 1346 1560 aditibus
1364 1525 1520 1572 praesidia
1538 1524 1697 1572 dispofita
1720 1532 1830 1560 erant.

352 1579 623 1616 Accusatoribus
652 1579 759 1613 tribus
782 1576 953 1624 respondit
978 1587 1067 1610 unus
1093 1576 1227 1615 Cicero,
1256 1574 1310 1608 sed
1334 1586 1401 1608 non
1426 1585 1477 1614 ea,
1505 1585 1572 1619 qua
1596 1573 1722 1607 solebat
1745 1584 1828 1609 con-

353 1629 486 1670 stantia,
505 1629 613 1675 quod,
632 1638 712 1661 cum
732 1627 897 1673 inciperet
911 1625 1033 1666 dicere,
1052 1633 1222 1670 exceptus
1240 1623 1287 1657 est
1306 1623 1550 1657 acclamatione
1567 1621 1830 1664 Clodianorum,

352 1689 440 1725 quos
460 1690 502 1712 ne
522 1686 634 1711 metus
656 1675 798 1721 quidem
821 1673 1113 1709 circumstantium
1142 1672 1292 1706 militum
1318 1672 1506 1706 coercebat.
1558 1670 1681 1705 Oratio
1705 1681 1743 1705 ea
1767 1681 1830 1705 ex-

352 1737 453 1773 cepta
471 1726 529 1768 est,
549 1725 603 1760 sed
622 1724 742 1771 scripta
758 1723 832 1773 post
850 1723 893 1757 ab
911 1734 953 1757 eo
971 1716 1173 1756 accuratiusL
1212 1719 1426 1754 Defensionis
1445 1720 1506 1754 hac
1525 1719 1654 1753 ratione
1672 1717 1749 1753 usus
1768 1719 1831 1762 est,

353 1786 394 1810 ut
423 1776 586 1810 Clodium
612 1772 690 1819 jure
720 1785 738 1807 a
769 1772 914 1807 Milonis
945 1770 1045 1805 servis
1073 1768 1293 1804 interfe6h1m
1320 1768 1525 1807 ostenderet,
1557 1768 1651 1814 quod
1683 1767 1830 1802 Clodius

354 1824 482 1859 Miloni
508 1824 588 1858 esset
614 1822 798 1856 insidiatus.
852 1820 889 1855 Id
917 1820 967 1854 his
995 1818 1208 1865 argumentis
1232 1818 1426 1859 confirmat,
1452 1816 1546 1863 quod
1570 1816 1685 1850 utilior
1704 1816 1832 1851 Clodio

355 1873 516 1912 Milonis,
535 1883 641 1918 quam
661 1870 787 1905 Miloni
805 1869 920 1904 Clodii
939 1880 1030 1902 mors
1048 1867 1160 1902 fuifl'et
1177 1883 1187 1906 ·,
1214 1867 1308 1912 quod
1327 1866 1471 1901 Clodius
1491 1864 1657 1910 improbis
1674 1864 1830 1899 moribus

354 1920 479 1963 fuisset,
506 1930 540 1955 et
563 1920 655 1966 spem
680 1917 895 1965 impunitatis
920 1917 1107 1956 habuisset,
1134 1915 1228 1960 quod
1258 1914 1325 1960 ipse
1353 1914 1496 1949 Clodius
1524 1913 1650 1948 Miloni
1678 1922 1829 1949 mortem

353 1968 640 2008 denuntiaviffet;
668 1977 702 2002 et
727 1967 876 2012 denique
902 1965 1046 2001 Clodius
1074 1963 1250 1998 insidiandi
1282 1962 1445 2008 majorem
1476 1961 1675 1996 facultatem
1705 1962 1739 1996 in
1767 1963 1830 1997 isto

355 2019 476 2054 itinere
496 2017 674 2057 habuisset,
701 2027 806 2062 quam
837 2015 939 2050 Milo.
992 2014 1143 2060 Reliqua
1168 2011 1277 2047 oratio
1303 2011 1335 2047 in
1363 2011 1434 2046 aliis
1456 2009 1638 2046 sceleribus
1659 2010 1774 2047 Clodii
1794 2020 1831 2047 et

353 2067 550 2116 integritate
565 2065 710 2100 Milonis
730 2064 889 2099 versatur.

466 2165 625 2216 Argum.
853 2163 931 2200 Pro
952 2161 990 2198 C.
1012 2157 1163 2198 Rabirio
1185 2157 1355 2210 Postumo.
1672 2170 1713 2209 p.
1737 2156 1829 2196 226.

406 2252 451 2286 A.
478 2249 678 2284 GAssiNrus
706 2259 786 2282 cum
810 2247 843 2281 in
862 2247 957 2291 Syria
975 2244 1199 2293 proconsulari
1220 2243 1366 2291 imperio
1383 2243 1473 2284 effer,
1500 2253 1519 2276 a
1541 2241 1730 2277 Ptolemaeo
1749 2252 1831 2288 rege

356 2299 502 2347 AEgypti
520 2299 642 2334 decem
664 2296 815 2331 millibus
835 2296 1003 2330 talentum
1024 2293 1185 2340 acceptis,
1213 2296 1308 2327 aulus
1328 2292 1376 2326 est
1400 2303 1480 2325 eum
1508 2290 1540 2324 in
1563 2301 1709 2335 regnum
1738 2290 1831 2325 resti-

355 2358 465 2389 tuere,
494 2359 560 2381 non
580 2345 684 2380 modo
703 2345 768 2379 fine
788 2345 857 2379 ullo
875 2353 933 2378 aut
951 2343 1071 2390 populi
1086 2341 1174 2388 jussu
1194 2352 1253 2376 aut
1272 2341 1375 2382 Scio,
1404 2339 1459 2374 sed
1475 2339 1578 2374 etiam
1597 2348 1715 2374 contra
1733 2339 1767 2374 S.
1786 2338 1830 2374 C.

354 2397 477 2443 ltaque
496 2407 575 2432 Cum
595 2407 638 2430 ex
656 2393 833 2442 provincia
849 2392 982 2429 redisset
999 2392 1165 2434 Romam,
1181 2402 1258 2426 reus
1277 2389 1388 2425 faetus
1406 2388 1465 2431 est,
1493 2388 1570 2435 lege
1594 2387 1698 2433 Julia,
1716 2387 1759 2423 de
1778 2399 1830 2430 ref
