2201 2792
563 224 909 264 ACTIole
951 225 1006 263 11.
1065 226 1379 264 LIBERIII.
1591 240 1664 280 273

261 321 465 361 hominem
495 321 536 361 in
555 323 688 362 edictis
720 325 921 377 praetoriis,
953 324 993 361 in
1014 322 1192 362 censoriis
1225 324 1374 376 legibus
1398 333 1474 362 tam
1497 326 1667 376 pruden—

261 398 356 434 tem,
388 398 466 427 tam
487 390 768 428 exercitatum:
801 404 892 434 non,
915 390 1090 442 inquam,
1124 390 1256 435 miror,
1280 400 1316 428 te
1336 391 1482 442 aliquid
1508 393 1667 442 excogi-

260 454 376 500 tasse,
408 455 482 500 sed,
520 456 625 508 quod
647 465 712 494 tua
731 456 877 509 sponte,
909 456 1047 508 injuffu
1068 456 1218 509 populi,
1252 457 1328 495 fine
1361 457 1507 494 senatus
1535 462 1667 494 aucto-

262 521 372 560 ritate
398 523 483 574 jura
503 522 711 575 provinciae
733 523 870 561 Siciliae
902 523 1077 567 mutaris,
1112 523 1149 560 id
1173 523 1426 575 reprehendo,
1460 524 1497 560 id
1519 525 1665 561 acculo.

261 588 309 626 L.
334 589 510 634 Οᾶενίο,
542 598 580 627 et
602 591 650 627 C.
674 591 799 628 Cottae
821 590 1054 628 Consulibus
1076 589 1224 628 senatus
1245 591 1430 643 permisit,
1463 600 1506 628 ut
1534 591 1609 628 vini
1632 601 1670 628 et

261 654 338 692 olei
359 655 552 700 decumas,
575 665 613 693 et
633 655 793 708 frugum
814 657 1070 702 minutarum,
1103 670 1195 708 quas
1218 666 1304 694 ante
1336 666 1371 695 te
1393 657 1606 710 Qaestores
1630 658 1668 694 in

263 720 393 759 Sicilia
413 721 572 759 vendere
593 722 842 768 consuessent,
874 723 1012 761 Romae
1045 723 1264 768 venderent,
1292 724 1496 775 legemque
1528 722 1587 761 his
1609 737 1668 760 re-

264 786 350 832 bus,
373 801 458 840 quae
478 788 564 840 ipsis
584 788 789 834 videretur,
811 789 1017 827 edicerent.
1043 790 1147 827 Cum
1167 789 1308 828 locatio
1328 790 1448 835 fieret,
1470 790 1669 843 publicani

262 853 515 906 postularunt,
553 854 732 907 quasdam
754 869 811 894 res
833 865 876 894 ut
896 857 941 894 ad
962 856 1088 908 legem
1119 856 1313 902 adderent,
1346 871 1470 909 neque
1493 867 1619 895 tamen
1651 871 1670 894 a

264 919 443 958 censoriis
478 921 622 958 caeteris
657 921 808 974 legibus
840 922 1070 960 recederent.
1104 923 1249 960 Contra
1269 924 1368 961 dixit
1402 924 1447 968 is,
1482 925 1549 975 qui
1584 924 1671 961 casu

265 993 352 1023 tum
373 986 512 1024 Romae
532 986 622 1031 fuit,
645 996 733 1025 tuus
754 987 904 1040 hospes,
927 988 1078 1032 Verres,
1100 987 1251 1041 hospes,
1288 990 1462 1041 inquam,
1495 1000 1533 1028 et
1552 989 1669 1028 fami-

266 1051 368 1090 liaris
390 1061 494 1098 tuus,
518 1052 698 1092 Sthenius
719 1053 783 1092 hic
805 1053 1099 1093 Thermitanus.
1133 1055 1318 1094 Consules
1350 1057 1500 1095 causam
1522 1071 1669 1109 cogno-

265 1127 426 1157 verunt:
458 1133 549 1157 cum
571 1120 671 1158 viros
692 1121 893 1173 primarios
914 1130 1027 1173 atque
1047 1122 1299 1174 ampliffimos
1329 1123 1492 1161 civitatis
1526 1124 1671 1163 multos

264 1184 307 1222 in
327 1185 530 1223 confilium
551 1186 801 1232 advocassent,
835 1187 880 1225 de
899 1187 1047 1225 consilii
1081 1189 1266 1226 sententia
1294 1190 1605 1241 pronuntiarunt,
1638 1191 1672 1228 se

264 1249 349 1304 lege
369 1251 581 1290 Hieronica
600 1252 836 1291 vendituros.

321 1318 435 1358 VIII.
468 1319 575 1357 Itane
595 1319 714 1357 vero?
745 1319 1028 1372 prudentiffimi
1049 1320 1134 1366 viri,
1156 1320 1308 1359 summa
1332 1323 1554 1360 aucstoritate
1574 1337 1672 1375 prae-

265 1384 352 1430 diti,
374 1385 517 1438 quibus
537 1385 687 1424 senatus
717 1385 850 1439 legum
871 1386 1120 1426 dicendarum
1151 1387 1192 1425 in
1223 1387 1392 1426 locandis
1424 1389 1673 1442 vestigalibus

264 1464 428 1491 omnem
448 1452 672 1506 potestatem
693 1452 926 1505 permiserat,
948 1453 1191 1507 populusque
1212 1454 1414 1493 Romanus
1434 1455 1537 1494 idem
1553 1456 1674 1508 juffe-

266 1527 337 1564 rat,
353 1519 483 1557 Siculo
504 1533 582 1558 uno
602 1519 809 1565 recusante,
827 1533 919 1558 cum
935 1520 1238 1573 amplificatione
1254 1520 1516 1574 vestigalium,
1531 1536 1676 1562 nomen

267 1585 491 1624 Hieronicae
520 1586 616 1638 legis
646 1594 796 1624 mutare
827 1586 1060 1624 noluerunt:
1093 1595 1135 1624 tu
1165 1585 1287 1624 homo
1319 1587 1475 1626 minimi
1512 1589 1673 1635 confilii,

268 1651 416 1690 nullius
450 1651 698 1696 auctoritatis,
728 1651 868 1703 injuffu
887 1653 1024 1705 populi
1052 1666 1095 1690 ac
1126 1652 1288 1698 senatus,
1316 1662 1397 1691 tota
1416 1653 1544 1691 Sicilia
1564 1668 1675 1693 recu-

268 1716 386 1763 sante,
407 1731 499 1756 cum
521 1718 694 1756 maximo
713 1718 958 1763 detrimento,
994 1728 1109 1771 atque
1139 1719 1232 1758 adeo
1263 1719 1382 1758 exitio
1412 1720 1674 1772 vestigalium,

269 1793 393 1823 totam
414 1784 667 1823 Hieronicam
687 1784 814 1837 legem
835 1785 1028 1824 sustulisti.

323 1853 380 1890 At
414 1865 532 1904 quam
566 1851 692 1904 legem
723 1852 895 1905 corrigit,
916 1852 1089 1903 Judices,
1121 1861 1235 1905 atque
1265 1852 1358 1891 adeo
1388 1860 1509 1891 totam
1538 1853 1675 1891 tollit?

269 1918 483 1958 acutiffime
513 1931 556 1956 ac
584 1918 872 1972 diligentiffime
909 1919 1118 1971 scriptam,
1162 1933 1247 1971 quae
1280 1919 1465 1957 omnibus
1496 1920 1676 1960 custodiis

270 1984 486 2037 subjectum
515 1993 700 2023 aratorem
735 1984 951 2024 decumano
985 1985 1127 2030 tradit,
1165 1995 1209 2023 ut
1239 1999 1363 2038 neque
1396 1985 1437 2023 in
1471 1985 1676 2038 segetibus,

271 2063 398 2102 neque
418 2051 458 2088 in
478 2050 585 2094 areis,
619 2063 744 2102 neque
763 2051 804 2088 in
834 2049 994 2096 horreis,
1027 2065 1153 2103 neque
1172 2051 1211 2090 in
1234 2051 1462 2096 amovendo,
1492 2065 1617 2104 neque
1638 2053 1677 2090 in

271 2115 496 2169 asportando
515 2114 728 2161 frumento,
758 2130 876 2169 grano
897 2130 975 2155 uno
994 2117 1113 2170 pofl‘et
1132 2126 1255 2156 arator
1280 2118 1356 2156 fine
1376 2118 1546 2156 maxima
1566 2131 1679 2170 poena

270 2181 445 2221 fraudare
465 2182 740 2224 decumanum.
764 2183 912 2235 Scripta
929 2184 990 2222 lex
1010 2184 1061 2223 ita
1077 2183 1280 2237 diligenter
1299 2184 1364 2231 est,
1388 2194 1431 2223 ut
1450 2198 1539 2222 eum
1558 2184 1676 2235 scrip-

271 2248 351 2288 fiffe
371 2258 561 2303 appareat,
598 2249 666 2302 qui
697 2249 770 2287 alia
789 2250 986 2302 veffigalia
1006 2264 1084 2289 non
1104 2249 1262 2289 haberet
1278 2269 1289 2296 ς
1322 2251 1374 2289 ita
1393 2261 1517 2295 acute,
1549 2260 1590 2287 ut
1618 2250 1676 2287 Si-

272 2316 436 2360 culum3
468 2316 522 2354 ita
541 2315 676 2361 severe,
713 2325 755 2354 ut
775 2325 1010 2368 tyrannum,-
1043 2331 1119 2370 qua
1148 2317 1231 2370 lege
1253 2317 1390 2355 Siculis
1422 2326 1551 2354 tamen
1577 2328 1677 2353 arare

273 2381 484 2433 expediret.
527 2382 634 2420 Nam
655 2382 707 2420 ita
726 2382 929 2435 diligenter
948 2383 1153 2421 constituta
1179 2383 1265 2420 sunt
1279 2383 1366 2434 jura
1385 2381 1613 2426 decumano,
1636 2390 1679 2419 ut

275 2455 405 2486 tamen
426 2447 472 2485 ab
499 2448 621 2487 invito
651 2458 793 2487 aratore
823 2449 909 2503 plus
942 2449 1106 2487 decuma
1136 2462 1212 2486 non
1245 2447 1357 2499 poffit
1387 2446 1541 2485 auferri.
1575 2449 1679 2485 Cum

275 2509 358 2549 haec
391 2512 507 2551 essent
539 2514 592 2551 ita
625 2515 843 2560 constituta,
866 2517 1001 2553 Verres
1038 2524 1094 2552 tot
1121 2514 1242 2557 annis,
1275 2522 1388 2564 atque
1420 2513 1512 2551 adeo
1543 2512 1679 2550 seculis

276 2576 454 2615 inventus
485 2578 551 2623 est,
582 2581 650 2632 qui
681 2579 762 2619 haec
794 2594 873 2620 non
906 2588 1176 2625 commutaret,
1208 2579 1270 2616 sed
1301 2587 1484 2618 everteret
1502 2598 1514 2626 5
1546 2592 1680 2632 eaque,

359 2644 425 2682 To
437 2656 488 2683 M.
512 2644 584 2684 IV.
1268 2645 1317 2683 M
1338 2659 1379 2683 m
