2201 2792
594 195 940 254 ACTI‘ONIS
976 196 1031 235 ΙΙ.
1091 195 1302 235 LIBER
1338 199 1394 237 Π.
1622 215 1699 255 205

293 297 425 336 omnia
445 296 507 334 sua
525 295 747 340 commoda,
773 296 874 347 jura,
903 294 1090 333 beneficia
1110 294 1259 334 senatus
1280 296 1493 349 populique
1514 297 1698 346 Romani,

294 365 408 401 unius
428 362 565 401 scelere
585 376 628 400 ac
648 362 813 400 libidine
841 361 1089 415 perdidissent
1103 380 1116 407 ;
1147 360 1225 400 hoc
1245 363 1470 408 statuerunt,
1497 374 1562 402 aut
1592 366 1698 405 istius

292 429 447 482 injurias
479 442 546 482 per
575 429 641 467 vos
672 427 806 466 ulcisci
826 437 864 465 et
882 427 1082 480 persequi;
1114 437 1194 473 aut,
1226 428 1253 466 fi
1280 429 1389 467 vobis
1411 429 1563 481 indigni
1583 431 1701 469 effent

290 494 371 539 visi,
405 495 548 547 quibus
580 508 696 547 opem
716 494 986 546 auxiliumque
1005 492 1168 538 ferretis,
1200 494 1311 532 urbes
1339 508 1382 533 ac
1401 495 1503 533 sedes
1525 495 1607 534 suas
1639 512 1700 535 re-

288 558 477 611 linquere,
511 559 827 612 quandoquidem
847 573 959 611 agros
980 559 1064 611 jam
1085 568 1173 596 ante
1201 559 1308 598 istius
1339 560 1491 612 injuriis
1519 563 1703 615 exagitati

289 624 539 677 reliquissent.

347 691 418 729 IV.
442 693 535 730 Hoc
554 692 713 730 confilio
733 705 754 730 a
776 692 825 730 L.
848 691 1015 729 Metello
1035 691 1244 744 legationes
1265 692 1447 730 universae
1466 694 1703 746 petiverunt,

289 764 334 794 ut
353 771 471 810 quam
492 760 666 811 primum
686 758 746 796 isti
767 758 1006 797 succederet:
1029 757 1106 796 hoc
1121 759 1252 797 animo
1273 760 1386 797 toties
1400 760 1501 812 apud
1520 770 1700 812 patronos

289 823 337 861 de
370 824 447 862 suis
480 825 642 863 miseriis
675 824 951 877 deplorarunt:
988 824 1064 863 hoc
1099 826 1290 864 commoti
1322 825 1477 871 dolore,
1513 827 1701 879 postulata

292 890 545 936 Consulibus,
574 905 659 944 quae
679 905 757 930 non
777 891 979 944 postulata,
1016 891 1079 929 sed
1099 892 1139 929 in
1160 891 1276 930 istum
1297 893 1462 930 crimina
1480 892 1701 932 viderentur

289 955 375 1000 effe,
407 956 622 995 ediderunt.
655 959 847 995 Fecerunt
873 958 1004 1002 etiam,
1033 967 1077 995 ut
1097 971 1175 1002 me,
1206 959 1317 1009 cujus
1344 958 1462 996 fidem
1491 959 1698 997 eontinen-

288 1020 462 1073 tiamque
492 1032 764 1074 cognoverant,
796 1036 913 1074 prope
946 1022 993 1060 de
1026 1023 1112 1060 vitae
1143 1036 1237 1061 meae
1269 1023 1381 1068 statu,
1417 1024 1548 1062 dolore
1578 1037 1620 1062 ac
1641 1026 1698 1063 la·

289 1088 434 1138 crymis
470 1089 542 1126 suis
578 1089 825 1133 deducerent,
860 1097 903 1126 ut
934 1101 1005 1141 ego
1037 1088 1154 1126 istum
1185 1090 1430 1134 aecusarem;
1463 1104 1483 1127 a
1515 1104 1593 1142 quo
1613 1105 1703 1129 mea

288 1153 506 1205 longiflime
524 1155 634 1198 ratio,
656 1154 908 1206 voluntasque
924 1154 1165 1193 abhorrebat.
1186 1156 1421 1208 Qanquam
1438 1156 1477 1193 in
1498 1155 1570 1194 hac
1591 1158 1699 1196 causa

288 1220 416 1257 multo
435 1220 562 1272 plures
582 1228 705 1272 partes
726 1218 827 1256 mihi
847 1218 1091 1265 defensionis,
1123 1234 1242 1272 quam
1275 1221 1538 1267 accusationis,
1573 1222 1699 1261 susce-

286 1284 379 1337 pifl'e
399 1286 544 1324 videor.

343 1352 542 1390 Postremo
572 1350 751 1390 homines
787 1364 834 1390 ex
866 1361 946 1390 tota
975 1352 1171 1405 provincia
1202 1353 1451 1399 nobilissimi,
1486 1355 1702 1407 primique,

267 1419 270 1422 ’
287 1419 446 1472 publice
479 1420 740 1471 privatimque
769 1428 968 1458 venerunt.
1029 1420 1260 1458 Graviffima
1294 1430 1408 1473 atque
1439 1420 1701 1461 honestiffima,

288 1498 452 1537 quaeque
480 1485 613 1523 civitas
644 1484 976 1524 vehementissime
1010 1486 1090 1524 suas
1122 1487 1280 1538 injurias
1300 1486 1496 1540 persecuta
1527 1488 1592 1526 est.
1640 1491 1697 1527 At

288 1552 636 1603 quemadmodum,
658 1552 830 1603 Judices,
866 1553 1082 1591 venerunt?
1113 1553 1259 1591 Videor
1290 1554 1394 1591 enim
1416 1553 1517 1592 mihi
1538 1555 1697 1593 liberius

287 1618 388 1670 apud
417 1632 484 1656 vos
511 1619 594 1670 jam
628 1632 698 1670 pro
729 1619 867 1657 Siculis
886 1619 996 1671 loqui
1017 1619 1169 1664 debere,
1199 1633 1316 1671 quam
1343 1619 1497 1658 forfitan
1528 1621 1596 1673 ipfi
1628 1635 1696 1659 ve-

287 1678 389 1716 lint:
421 1678 531 1716 saluti
551 1679 658 1717 enim
678 1692 813 1716 eorum
834 1680 963 1731 potius
983 1679 1195 1724 consulam,
1218 1693 1335 1731 quam
1357 1681 1561 1719 voluntati.
1612 1683 1694 1719 Ec-

286 1757 407 1796 quem
437 1744 662 1782 existimatis
683 1757 856 1797 unquam
878 1744 957 1782 ulla
975 1745 1014 1782 in
1035 1745 1232 1797 provincia
1252 1759 1361 1783 reum
1382 1745 1575 1784 absentem
1597 1760 1694 1785 con-

285 1819 343 1848 tra
362 1810 652 1862 inquisitionem
673 1810 914 1855 accusatoris,
947 1812 1060 1849 tantis
1082 1811 1236 1863 opibus,
1265 1820 1369 1850 tanta
1395 1812 1604 1865 cupiditate
1624 1813 1695 1851 effe

285 1875 486 1915 defensum
504 1877 518 1914 ?
550 1877 765 1928 Qaestores
786 1877 983 1929 utriusque
1002 1878 1223 1929 provinciae,
1241 1879 1310 1930 qui
1331 1878 1400 1916 isto
1422 1879 1586 1917 Praetore
1605 1879 1693 1918 fue-

286 1951 384 1987 rant,
406 1956 498 1980 cum
518 1941 685 1980 fascibus
707 1941 808 1980 mihi
829 1942 962 1995 praesto
982 1942 1154 1981 suerunt.
1194 1943 1251 1981 Hi
1272 1957 1399 1996 porro,
1422 1945 1489 1996 qui
1511 1945 1693 1982 succeffe-

285 2017 392 2052 runt,
410 2008 660 2047 vehementer
679 2009 786 2047 istius
807 2009 955 2062 cupidi,
988 2009 1194 2047 liberaliter
1213 2023 1260 2048 ex
1280 2010 1386 2049 istius
1413 2011 1565 2049 cibariis
1594 2021 1695 2050 trac-

286 2074 370 2117 tati,
393 2087 470 2111 non
492 2074 621 2112 minus
643 2087 745 2111 acres
765 2084 899 2112 contra
920 2088 982 2112 me
1002 2074 1173 2113 fuerunt.

341 2139 494 2183 Videte,
516 2140 612 2191 quid
632 2141 815 2191 potuerit,
847 2141 914 2192 qui
936 2150 1101 2192 quatuor
1133 2141 1173 2178 in
1202 2154 1276 2178 una
1296 2143 1493 2194 provincia
1514 2143 1694 2194 Qaesto-

286 2219 358 2250 res,
379 2205 663 2244 studioslffimos
691 2205 919 2251 defensores,
951 2208 1328 2260 propugnatoresque
1349 2207 1555 2254 habuerit3
1589 2211 1691 2247 Pr-m-

284 2280 408 2310 torem
429 2285 531 2316 vero,
546 2270 826 2323 cohortemque
847 2282 966 2310 totam
988 2273 1036 2310 lic
1057 2273 1275 2319 studiosam,
1295 2284 1336 2311 ut
1353 2274 1468 2312 facile
1483 2284 1695 2326 appareret,

286 2352 363 2375 non
384 2347 462 2375 tam
484 2339 561 2376 illis
584 2338 768 2382 Siciliam,
800 2353 917 2391 quam
939 2340 1093 2377 inanem
1115 2339 1367 2385 offenderant,
1391 2354 1506 2391 quam
1530 2341 1691 2377 Verrem

286 2403 425 2455 ipsum,
447 2406 515 2457 qui
536 2405 672 2457 plenus
695 2404 918 2450 discesserat,
952 2407 1190 2459 provinciam
1211 2405 1333 2443 fuiss'e.
1368 2406 1512 2443 Minati
1535 2405 1689 2449 Siculis,

288 2468 313 2506 fi
335 2469 540 2508 decressent
561 2471 783 2523 legationes,
818 2486 903 2524 quae
933 2482 1066 2510 contra
1098 2473 1213 2508 istum
1242 2472 1440 2508 dicerent:
1473 2471 1625 2515 minari,
1662 2471 1687 2509 fi

287 2532 355 2586 qui
375 2532 490 2572 effent
509 2535 697 2587 profeeti:
734 2537 832 2582 aliis,
855 2537 879 2575 s1
901 2537 1109 2579 laudarent,
1144 2535 1407 2587 benigniffime
1435 2537 1686 2589 promittere:
