2201 2792
472 154 549 203 284
899 151 989 192 IN
1065 151 1442 190 VERREM

470 252 495 289 s1
518 264 636 304 quam
665 258 813 304 partem
836 258 908 288 tuae
940 251 1072 303 praedae
1099 251 1145 289 ad
1176 250 1368 289 summam
1389 250 1639 288 decumarum
1658 246 1873 294 addidiffes‚

471 320 567 357 bene
587 319 634 356 de
665 317 810 371 populo
829 318 1008 355 Romano
1039 318 1199 355 meritus
1230 318 1411 355 viderere.
1443 319 1575 369 Atque
1604 315 1687 355 haec
1717 314 1876 369 perinde

471 385 623 437 loquor,
642 385 743 437 quali
764 384 804 421 in
825 397 869 420 eo
889 383 933 421 sit
954 383 1136 435 iniquitas
1157 384 1236 434 ejus
1256 382 1578 435 reprehendenda,
1596 382 1701 435 quod
1720 390 1877 435 propter

471 452 601 504 gloriae
622 450 888 503 cupiditatem,
908 458 950 487 ut
965 449 1114 500 aliquos
1131 448 1284 486 summa
1303 448 1554 487 decumarum
1574 449 1756 493 vinceret,
1770 460 1876 486 acer-

472 518 622 557 biorem
641 517 780 568 legem,
803 515 954 553 duriora
973 516 1094 553 edicta
1123 514 1406 567 interposuerit,
1438 515 1619 553 omnium
1639 514 1878 568 superiorum

471 583 737 622 aucftoritatem
757 580 977 633 repudiarit.

527 651 679 702 Magno
709 657 753 686 tu
784 647 964 687 decumas
984 647 1199 686 vendidisti.
1232 647 1356 699 Qid,
1387 647 1414 685 fi
1433 647 1566 692 doceo,
1591 655 1629 685 te
1648 659 1727 685 non
1746 645 1879 684 minus

473 716 638 755 domum
660 724 765 753 tuam
787 713 968 759 avertisse,
1001 727 1118 766 quam
1147 715 1318 752 Romam
1338 713 1487 758 mififfe,
1521 713 1773 752 decumarum
1804 725 1879 751 no-

475 784 582 822 mine
601 784 613 821 ?
645 782 740 834 quid
761 779 878 819 habet
896 781 1080 834 populare
1112 781 1206 818 ratio
1228 790 1305 825 tua,
1337 794 1430 819 cum
1450 794 1496 819 ex
1528 780 1724 834 provincia
1741 777 1881 833 populi

473 849 645 888 Romani
665 861 813 900 aequam
833 856 980 899 partem
1009 856 1052 885 tu
1069 847 1141 885 tibi
1161 847 1376 900 sumpseris,
1398 855 1512 899 atque
1531 847 1677 899 populo
1698 847 1881 884 Romano

475 916 619 954 miseris
638 915 650 951 ?
683 914 805 966 Qid‚
841 914 867 951 fi
901 914 1047 952 duabus
1069 915 1240 966 partibus
1276 914 1395 952 doceo
1426 923 1464 951 te
1490 913 1656 966 amplius
1690 911 1882 950 frumenti

473 981 676 1026 abstulisse,
697 994 815 1033 quam
837 980 982 1033 populo
1002 981 1184 1018 Romano
1204 980 1341 1018 misifl'e
1359 981 1372 1017 ?
1404 989 1585 1017 tamenne
1610 988 1792 1033 putamus
1810 992 1880 1031 pa-

474 1059 632 1089 tronum
650 1056 762 1086 tuum
779 1048 819 1085 in
840 1046 915 1084 hoc
936 1047 1100 1085 crimine
1115 1046 1348 1085 cerviculam
1362 1047 1610 1099 jaetaturum,
1628 1055 1666 1084 et
1680 1045 1826 1100 populo
1846 1044 1882 1083 se

474 1116 520 1155 ad
541 1128 724 1154 coronam
744 1114 925 1152 daturum
944 1113 957 1150 ?
988 1114 1086 1152 Haec
1109 1127 1174 1152 vos
1194 1122 1314 1158 antea,
1335 1113 1507 1165 Judices‚
1532 1112 1684 1150 audistis
1702 1131 1714 1157 ς
1746 1125 1882 1150 verum

475 1182 625 1222 fortaffe
645 1183 698 1220 ita
717 1181 886 1226 audistis,
915 1189 959 1218 ut
978 1182 1172 1219 auctorem
1193 1194 1390 1218 rumorem
1418 1179 1622 1224 haberetis,
1645 1179 1881 1217 sermonem-

475 1264 551 1302 que
568 1250 764 1288 omnium.
798 1246 1029 1299 Cognoscite
1060 1260 1179 1291 nunc,
1212 1246 1534 1284 innumerabilem
1564 1246 1769 1299 pecuniam
1794 1244 1880 1283 fru-

475 1315 664 1354 mentario
694 1313 853 1351 nomine
883 1321 1080 1365 ereptam;
1113 1321 1156 1351 ut
1176 1312 1289 1350 fimul
1315 1312 1423 1350 illam
1445 1325 1601 1364 quoque
1634 1313 1714 1364 ejus
1744 1325 1883 1349 vocem

477 1381 696 1434 improbam
723 1379 947 1432 agnoscatis,
981 1379 1049 1432 qui
1068 1379 1103 1416 se
1124 1393 1202 1417 uno
1233 1379 1377 1431 quaestu
1398 1379 1649 1417 decumarum
1670 1378 1801 1416 omnia
1819 1378 1885 1416 sua

478 1447 647 1502 pericula
667 1446 959 1499 redempturum
979 1445 1050 1483 effe
1070 1445 1235 1484 dicebat.

532 1515 623 1553 XX.
657 1512 853 1550 Audimus
887 1510 963 1549 hoc
991 1511 1157 1563 jamdiu,
1191 1510 1347 1562 Judices
1365 1529 1377 1555 3
1409 1524 1509 1563 nego
1539 1523 1779 1563 quemquam
1813 1508 1885 1547 effe

477 1581 659 1624 vestrum,
676 1579 772 1632 quin
793 1578 887 1631 saepe
904 1577 1079 1623 audierit,
1099 1577 1218 1617 socios
1240 1577 1345 1615 istius
1365 1576 1475 1615 fuiffe
1494 1577 1743 1615 decumanos.
1766 1574 1885 1615 Nihil

478 1647 581 1686 aliud
601 1647 761 1684 arbitror
781 1645 820 1682 in
842 1644 958 1683 istum
978 1643 1072 1683 falso
1092 1644 1163 1682 effe
1183 1644 1332 1682 dietum
1352 1643 1399 1682 ab
1420 1644 1480 1689 iis,
1512 1644 1581 1696 qui
1607 1643 1708 1681 male
1737 1643 1784 1680 de
1814 1642 1885 1680 isto

478 1713 746 1757 existimarint,
782 1711 849 1748 nisi
870 1709 969 1749 hoc:
1003 1724 1094 1748 nam
1125 1711 1226 1749 socii
1243 1710 1404 1763 putandi
1425 1710 1526 1755 sunt,
1567 1723 1663 1763 quos
1696 1710 1797 1748 inter
1829 1722 1886 1747 res

478 1779 767 1818 communicata
786 1777 852 1815 est.
885 1778 972 1829 Ego
993 1791 1075 1815 rem
1096 1785 1232 1822 totam,
1255 1775 1501 1829 fortunasque
1520 1785 1714 1814 aratorum
1734 1788 1884 1819 omneS,

480 1847 584 1885 istius
606 1837 715 1884 fuiffe
735 1845 822 1883 dico
841 1858 849 1882 :
872 1845 1108 1896 Apronium,
1131 1843 1391 1895 Veneriosque
1410 1843 1546 1888 servos,
1568 1843 1673 1895 quod
1692 1841 1762 1880 isto
1783 1843 1886 1880 Prae-

482 1923 561 1952 tore
592 1912 667 1950 fuit
698 1924 844 1949 novum
871 1923 991 1962 genus
1026 1911 1340 1962 publicanorum,
1375 1909 1604 1961 caeterosque
1637 1908 1886 1953 decumanos,

483 1987 743 2031 procuratores
764 1976 870 2013 istius
892 1975 1069 2027 quaestus,
1090 1984 1128 2014 et
1148 1975 1341 2014 ministros
1360 1975 1579 2028 rapinarum
1599 1973 1709 2012 fuiffe
1727 1974 1831 2012 dico.

538 2046 630 2096 Qo
661 2042 778 2081 modo
808 2040 884 2079 hoc
906 2041 1047 2080 doces?
1078 2055 1157 2094 quo
1189 2042 1307 2081 modo
1337 2055 1385 2080 ex
1415 2041 1604 2080 locatione
1633 2040 1699 2078 illa
1732 2040 1888 2079 colum-

483 2125 619 2150 narum
641 2109 756 2148 docui
776 2108 893 2146 istum
912 2107 983 2146 effe
1003 2109 1215 2162 praedatum
1234 2110 1247 2146 ?
1279 2108 1429 2161 opinor,
1450 2122 1497 2147 ex
1516 2122 1561 2147 eo
1581 2108 1766 2153 maxime,
1783 2106 1890 2160 quod

483 2179 659 2230 iniquam
682 2176 822 2228 legem,
845 2171 1061 2227 novamque
1081 2174 1244 2213 dixiffet.
1279 2175 1378 2226 Qis
1399 2175 1505 2213 enim
1527 2188 1699 2227 unquam
1729 2182 1888 2212 conatus

484 2244 536 2282 est
563 2245 651 2296 jura
683 2241 814 2280 omnia
828 2269 839 2284 ‚
874 2249 911 2278 et
946 2241 1265 2280 consuetudinem
1299 2242 1480 2279 omnium
1518 2249 1759 2278 commutare
1796 2251 1890 2276 cum

485 2308 776 2362 vituperatione,
812 2306 888 2343 fine
923 2306 1067 2358 quaestu
1091 2306 1104 2343 ?
1148 2308 1324 2359 Pergam,
1364 2315 1479 2358 atque
1510 2305 1684 2357 insequar
1717 2304 1888 2356 longius.

487 2376 625 2427 Iniqua
655 2374 740 2427 lege
761 2371 963 2417 vendebas,
999 2385 1077 2424 quo
1098 2372 1219 2424 pluris
1252 2371 1444 2410 venderes.
1478 2372 1573 2414 Cur,
1600 2371 1684 2422 jam
1714 2369 1888 2414 addictis,

487 2452 524 2481 ct
554 2442 717 2482 venditis
749 2439 939 2486 decumis,
970 2453 1063 2479 cum
1089 2440 1172 2492 jam
1191 2439 1237 2479 ad
1266 2439 1459 2478 summam
1489 2437 1741 2477 decumarum
1772 2435 1889 2483 nihil,
