2201 2792
583 129 930 173 ACTIONIS
961 129 1015 169 II.
1075 129 1286 168 LIBER
1328 130 1402 169 ΙΙΙ.
1614 145 1691 185 317

283 237 399 282 sedes,
430 244 469 274 et
488 233 683 288 quiescis?
714 247 793 272 non
825 231 1090 285 persequeris?
1123 243 1201 268 non
1233 229 1473 283 perseveras?
1505 242 1582 267 non
1604 243 1692 282 per-

283 304 418 356 quiris,
449 303 513 340 cui
547 301 687 339 dixerit
707 299 932 354 Apronius?
965 298 1052 351 quis
1086 297 1281 335 audierit?
1313 296 1415 334 unde
1435 295 1510 333 hoc
1541 306 1690 341 natum,

284 368 616 422 quemadmodum
648 367 844 420 prolatum
866 365 940 404 fit?
973 365 1011 403 Si
1042 365 1130 417 quis
1159 363 1231 401 tibi
1252 363 1299 400 ad
1324 375 1456 400 aurem
1476 362 1692 406 acceffiffet,

282 445 320 474 et
340 435 505 480 dixiffet,
537 435 759 488 Apronium
779 433 967 478 dictitare,
998 441 1034 470 te
1055 431 1125 470 fibi
1145 429 1216 468 effe
1243 430 1420 474 socium3
1453 428 1694 467 commoveri

283 511 321 540 te
351 502 540 555 oportuit,
576 514 708 539 vocare
728 500 964 553 Apronium,
995 511 1067 536 nec
1098 496 1214 535 illum
1248 505 1334 534 ante
1361 495 1434 534 tibi
1468 493 1694 538 satisfacere,

283 583 402 622 quam
434 578 478 608 tu
498 568 681 607 omnium
711 566 986 616 existimationi
1006 563 1253 603 satisfecisses,
1286 564 1391 601 Cum
1418 576 1506 601 vero
1535 562 1573 599 in
1610 560 1697 600 foro

285 636 552 679 celeberrimo,
584 643 689 672 tanta
707 632 936 686 frequentia,
958 630 1049 676 hoc,
1070 630 1188 669 verbo
1219 639 1258 667 et
1283 628 1541 672 fimulatione,
1566 629 1696 680 Apro-

283 703 364 747 nio,
396 716 434 740 re
454 715 541 740 vera
559 701 647 745 tibi,
668 700 866 752 objectum
885 698 974 737 effet
991 717 1003 744 ς
1037 707 1078 736 tu
1099 709 1274 749 unquam
1295 704 1441 733 tantam
1461 695 1614 748 plagam
1637 704 1696 732 ta-

283 767 384 806 citus
405 768 576 821 accipere
594 765 789 820 potuiffeS,
808 765 878 803 nifi
897 763 973 803 hoc
994 765 1047 802 ita
1068 761 1264 807 statuisses,
1280 762 1319 799 in
1341 774 1379 799 re
1401 772 1480 799 tarn
1498 759 1697 798 manifesta

285 834 479 888 quidquid
499 834 666 879 dixiffes,
688 841 724 870 te
744 832 911 870 deterius
932 830 1004 869 effe
1023 829 1217 868 facturum
1234 830 1246 866 ?

341 901 573 953 Qaestores,
603 900 773 953 legatos,
804 897 1002 952 praefectos
1034 896 1145 941 suos,
1175 895 1378 939 tribuum,
1416 893 1535 931 multi
1566 891 1697 932 miffos

287 967 477 1012 fecerunt,
509 977 547 1005 et
567 967 613 1004 de
633 966 831 1018 provincia
851 964 1030 1002 decedere
1055 962 1259 1016 jufferunt,
1291 961 1397 1014 quod
1428 974 1564 998 eorum
1584 960 1699 1013 culpa

287 1034 322 1072 se
343 1035 473 1072 minus
493 1033 701 1072 commode
735 1031 866 1069 audire
895 1031 1180 1074 arbitrarentur,
1212 1037 1278 1066 aut
1309 1027 1413 1080 quod
1433 1040 1589 1080 peccare
1610 1027 1698 1064 illos

286 1101 416 1154 aliqua
434 1102 475 1138 in
507 1113 545 1138 re
570 1099 802 1152 judicarent.
834 1099 902 1135 Tu
923 1097 1160 1150 Apronium,
1192 1094 1396 1132 hominem
1429 1095 1493 1131 vix
1513 1093 1697 1138 liberum,

287 1167 614 1210 contaminatum,
646 1164 855 1217 perditum,
886 1162 1135 1215 flagitiosum,
1167 1162 1236 1213 qui
1263 1175 1341 1198 non
1373 1160 1492 1198 modo
1522 1160 1700 1198 animum

288 1234 500 1286 integrum,
531 1232 594 1270 sed
614 1245 661 1269 ne
681 1231 852 1269 animam
873 1230 1033 1281 quidem
1063 1242 1203 1282 puram
1237 1227 1454 1266 conservare
1488 1227 1667 1280 potuiffet
1683 1245 1697 1272 3

287 1314 379 1339 eum
410 1301 451 1338 in
482 1308 590 1338 tanto
622 1307 689 1336 tuo
710 1297 893 1336 dedecore
913 1295 1086 1349 profecto
1110 1309 1158 1333 ne
1188 1295 1305 1333 verbo
1337 1294 1498 1346 quidem
1529 1294 1701 1346 graviore

274 1365 534 1420 ,appellaffesz
567 1378 692 1417 neque
722 1363 824 1417 apud
853 1372 891 1401 te
923 1371 1002 1400 tam
1025 1362 1148 1400 sancta
1179 1361 1315 1414 religio
1336 1360 1524 1398 societatis
1556 1359 1702 1405 fuisset,v

289 1443 332 1471 ut
353 1433 409 1471 tui
430 1433 566 1485 capitis
587 1430 807 1485 periculum
828 1429 1055 1482 negligeres,
1076 1429 1141 1467 nis]
1161 1442 1243 1465 rem
1264 1437 1343 1465 tam
1365 1437 1498 1464 notam
1517 1425 1589 1464 effe
1609 1439 1700 1464 om-

289 1500 418 1544 nibus,
440 1508 479 1537 et
499 1508 578 1537 tam
599 1496 840 1535 manifestam
861 1496 1022 1533 videres.

346 1566 452 1603 Cum
483 1564 619 1602 eodem
650 1562 826 1616 Apronio
857 1561 984 1614 postea
1004 1561 1049 1599 P.
1075 1559 1304 1603 Scandilius,
1336 1571 1452 1610 eques
1481 1559 1700 1604 Romanus,

289 1644 410 1684 quem
434 1644 500 1668 vos
531 1642 668 1668 omnes
689 1628 818 1672 nostis,
852 1628 1013 1665 eandem
1047 1626 1286 1679 sponfionem
1318 1625 1365 1662 de
1396 1625 1571 1662 societate
1590 1623 1703 1669 fecit,

290 1711 409 1749 quam
431 1697 603 1735 Rubrius
625 1694 747 1733 facere
766 1694 952 1732 voluerat.
1013 1693 1170 1737 Institit,
1202 1692 1394 1744 oppreffit,
1431 1704 1507 1729 non
1529 1691 1699 1729 remisit:

290 1762 388 1801 facta
407 1763 459 1800 est
480 1762 626 1815 sponsio
648 1763 739 1800 H-S
758 1775 781 1799 v
796 1760 983 1799 millium.
1018 1760 1150 1812 Coepit
1167 1758 1380 1797 Scandilius
1402 1766 1701 1810 recuperatores,

290 1838 355 1868 aut
370 1829 546 1882 judicem
566 1828 767 1881 postulare.

332 1896 441 1934 LIX.
465 1895 606 1933 Satisne
627 1895 734 1932 vobis
757 1893 914 1932 Praetori
935 1892 1115 1944 improbo
1132 1890 1363 1929 circumdati
1383 1889 1544 1928 cancelli
1564 1888 1701 1926 viden-

292 1972 355 2001 tur
375 1963 414 2000 in
435 1962 499 2000 sua
518 1962 743 2014 provincia;
775 1961 902 1998 immo
922 1973 1011 1998 vero
1030 1959 1070 1996 in
1092 1958 1181 1996 sella
1200 1972 1242 1996 ac
1264 1957 1475 2001 tribunali3
1509 1965 1551 1993 ut
1571 1965 1637 1993 aut
1657 1956 1706 1993 de

292 2029 358 2067 suo
377 2029 503 2081 capite
527 2028 725 2079 judicium
747 2027 828 2064 fieri
859 2027 1025 2079 patiatur
1055 2025 1229 2078 praesens,
1261 2038 1303 2062 ac
1325 2024 1480 2067 sedens;
1513 2032 1579 2060 aut
1604 2036 1701 2060 con—

293 2094 459 2138 fiteatur,
492 2093 525 2131 se
546 2094 730 2131 omnibus
756 2093 915 2144 judiciis
937 2091 1118 2129 convinci
1149 2090 1292 2128 necesse
1323 2090 1424 2127 effe?
1458 2089 1614 2141 Sponfio
1634 2088 1700 2132 est,

294 2161 354 2199 Ni
380 2169 414 2198 te
433 2159 622 2212 Apronius
652 2159 688 2196 in
723 2158 871 2196 decmnis
891 2158 1028 2210 sbcium
1055 2156 1114 2210 ‘ff
1144 2156 1240 2194 dicat
1255 2172 1268 2195 .·
1299 2155 1497 2208 provincia
1531 2165 1595 2191 tua
1624 2154 1698 2191 est:

293 2227 407 2266 ades:
439 2227 504 2264 abs
527 2236 562 2264 te
577 2225 773 2278 judicium
806 2224 1031 2278 postulatur.
1078 2224 1187 2274 Qid
1217 2223 1343 2261 facis?
1376 2222 1471 2274 quid
1499 2220 1699 2258 decernis?

295 2294 595 2345 Recuperatores
628 2292 724 2330 dicis
760 2302 796 2329 te
830 2292 1023 2328 daturum.
1055 2291 1158 2328 Bene
1179 2290 1285 2342 agis:
1319 2288 1464 2326 tametsi
1493 2286 1559 2337 qui
1590 2294 1703 2322 erunt

295 2360 411 2397 tantis
436 2359 648 2397 cervicibus
680 2366 974 2411 recuperatores,
1006 2357 1073 2409 qui
1105 2356 1266 2394 audeant
1298 2356 1338 2392 in
1368 2352 1577 2406 provincia,
1609 2364 1701 2387 cum

297 2425 440 2463 Praetor
460 2426 565 2470 adfit,
588 2438 665 2463 non
687 2425 811 2464 solum
831 2434 964 2464 contra
985 2424 1221 2462 voluntatem
1243 2423 1337 2472 cjm,
1357 2419 1418 2457 sed
1434 2419 1550 2456 ctiam
1572 2426 1706 2455 contra

298 2489 482 2536 fortunas,
500 2490 670 2543 judicare
689 2490 702 2526 ?
