2201 2792
483 153 556 195 172
902 140 993 180 IN
1067 140 1451 180 VERREM

475 252 618 280 exteras
637 248 841 286 uterentur,
872 250 915 279 ut
926 240 1139 294 pudicitiam
1157 240 1347 280 liberorum
1353 242 1513 294 strvare
1530 238 1577 279 ab
1596 252 1714 279 eorum
1738 239 1880 280 libidine

476 318 596 347 tutam
615 322 683 346 non
701 307 823 345 liceret
834 325 847 352 3
870 307 1012 360 quidvis
1025 306 1084 360 effi
1095 308 1243 360 perpeti
1243 308 1380 361 sittim,
1402 321 1508 360 quam
1527 307 1564 346 in
1583 316 1692 346 tanta
1711 307 1755 345 vi
1770 316 1881 361 atque

474 374 673 413 acerbitate
691 373 846 427 verjfizri.
878 374 976 411 Haec
996 386 1090 411 cum
1109 386 1244 411 omnes
1265 373 1461 418 sentirent,
1483 382 1522 411 et
1538 387 1631 412 cum
1651 374 1693 412 in
1712 386 1796 411 earn
1816 387 1878 411 ra-

475 441 624 480 tionem
655 454 725 494 pro
756 439 823 478 suo
853 440 1015 493 quisque
1033 439 1141 478 sensu
1170 453 1213 478 ac
1243 439 1374 478 dolore
1394 440 1616 493 loqueretur
1632 459 1644 486 5
1676 453 1812 479 omnes
1831 440 1880 478 ad

475 521 560 546 eam
581 507 757 553 domurn,
781 507 822 545 in
841 520 917 559 qua
942 506 1011 545 iste
1030 506 1298 552 diversabatur,
1328 505 1492 560 profecti
1511 507 1625 545 sunt:
1657 506 1800 545 caedere
1813 507 1878 558 ja-

474 588 594 613 nuam
614 574 724 619 saxis,
753 572 888 611 instare
906 572 1020 619 ferro,
1048 573 1153 626 ligna
1172 581 1209 611 et
1235 573 1422 612 sarmenta
1439 571 1692 616 circumdare,
1722 573 1880 624 ignem-

475 655 552 694 que
571 640 755 692 subjicere
774 648 987 693 coeperunt.
1020 640 1131 678 Tum
1159 639 1259 678 cives
1281 639 1466 685 Romani,
1494 639 1564 692 qui
1583 637 1788 692 Lampsaci
1807 651 1882 676 ne-

472 707 733 760 gotiabantur,
765 715 1029 752 concurrunt,
1060 714 1170 745 orant
1189 706 1484 760 Lampsacenos,
1519 713 1565 744 ut
1594 705 1747 759 gravius
1774 703 1881 758 apud

474 786 538 811 eos
559 786 703 811 nornen
722 772 939 826 legationis,
961 785 1080 825 quam
1098 771 1238 825 injuria
1256 772 1388 824 legati,
1408 779 1606 825 putaretur
1620 789 1633 816 3
1666 770 1739 808 sese
1759 768 1880 807 intel-

474 839 592 891 ligere
612 838 817 877 hominem
837 838 952 876 illum
972 837 1043 876 effe
1062 838 1265 891 impurum
1285 851 1328 876 ac
1348 837 1565 876 nefarium:
1593 837 1670 882 sed,
1691 835 1880 888 quoniam

472 918 545 943 nec
564 904 790 958 perfecisset,
812 904 918 957 quod
938 913 1096 944 conatus
1116 904 1218 949 effet,
1250 917 1375 956 neque
1391 902 1546 942 futurus
1566 902 1657 941 esset
1676 900 1881 955 Lampsaci

473 970 599 1023 postea
613 990 626 1017 5
657 971 778 1009 levius
797 984 934 1009 eorum
954 979 1159 1022 peccatum
1178 969 1274 1015 fore,
1309 970 1336 1007 s1
1355 969 1510 1008 homini
1544 968 1722 1007 scelerato
1740 979 1880 1020 peper-

474 1037 620 1083 ciffent,
650 1050 768 1089 quam
788 1037 814 1075 fi
835 1037 961 1089 legato
978 1050 1056 1074 non
1078 1035 1340 1088 pepercissent.

529 1103 590 1140 Sic
621 1102 702 1147 iste,
733 1101 860 1140 multo
891 1101 1105 1139 sceleratior
1135 1109 1173 1139 et
1203 1100 1381 1153 nequior,
1422 1113 1540 1152 quam
1570 1098 1636 1138 ille
1670 1099 1879 1144 Adrianus,

473 1171 670 1222 aliquanto
704 1170 821 1207 etiam
850 1167 1003 1206 felicior
1036 1167 1128 1205 fuit.
1178 1167 1264 1211 Ille,
1302 1166 1408 1218 quod
1439 1167 1519 1217 ejus
1550 1166 1746 1204 avaritiam
1776 1166 1879 1204 cives

473 1237 645 1275 Romani
664 1235 762 1273 ferre
782 1246 860 1272 non
880 1241 1097 1286 potuerant,
1123 1232 1251 1269 Uticae
1270 1231 1379 1269 domi
1399 1230 1472 1270 suae
1492 1232 1601 1269 vivus
1622 1231 1774 1269 exustus
1795 1231 1848 1269 est
1862 1249 1876 1277 ς

472 1302 590 1354 idque
608 1301 662 1338 ita
681 1300 741 1337 illi
761 1299 901 1337 merito
920 1297 1093 1336 accidisse
1112 1296 1375 1335 existimatum
1395 1296 1462 1342 est,
1490 1306 1534 1336 ut
1553 1297 1770 1336 laetarentur
1787 1310 1877 1336 om-

472 1382 554 1414 nes,
583 1381 708 1420 neque
728 1366 808 1404 ulla
826 1364 1099 1404 animadverfio
1119 1364 1438 1403 constitueretur:
1470 1362 1553 1410 hic,
1579 1364 1773 1403 sociorum
1790 1377 1879 1403 arn-

473 1434 605 1473 bustus
635 1433 840 1478 incendio,
870 1440 999 1471 tamen
1035 1444 1083 1470 ex
1116 1431 1183 1469 illa
1212 1430 1369 1469 flamma
1401 1430 1651 1484 periculoque
1683 1430 1876 1470 evolavit:

473 1515 599 1554 neque
617 1500 743 1539 adhuc
762 1497 912 1538 causam
935 1499 1056 1537 ullam
1075 1498 1292 1551 excogitare
1311 1498 1453 1552 potuit,
1486 1497 1743 1551 quamobrem
1763 1510 1877 1536 com-

473 1568 632 1613 miserit,
654 1577 719 1605 aut
739 1567 834 1620 quid
853 1566 1032 1612 evenerit,
1054 1574 1098 1604 ut
1117 1566 1158 1604 in
1179 1574 1330 1604 tantum
1351 1564 1571 1618 periculum
1589 1564 1748 1603 veniret.
1780 1564 1877 1603 Non

474 1635 579 1673 enim
613 1634 737 1687 potest
765 1634 903 1678 dicere,
934 1634 1040 1671 Cum
1070 1632 1297 1670 seditionem
1327 1631 1450 1670 sedare
1480 1631 1635 1676 vellem,
1666 1644 1759 1669 cum
1790 1629 1876 1668 fru-

474 1709 655 1740 mentum
688 1701 937 1752 imperarem,
979 1712 1072 1736 cum
1106 1697 1342 1751 stipendium
1372 1710 1565 1750 cogerem,
1607 1710 1700 1735 cum
1729 1696 1878 1748 aliquid

475 1769 640 1820 denique
666 1766 885 1819 reipublicae
905 1765 1013 1804 causa
1032 1779 1230 1818 gererem;
1263 1763 1369 1817 quod
1389 1764 1511 1802 acrius
1537 1764 1736 1817 imperavi,
1770 1763 1877 1815 quod

475 1833 739 1877 animadverti,
771 1831 876 1884 quod
907 1831 1075 1869 minatus
1096 1831 1196 1870 sum.
1239 1832 1337 1881 Qae
1358 1830 1383 1868 fi
1405 1830 1559 1874 diceret,
1582 1838 1711 1867 tamen
1731 1828 1877 1880 ignosci

476 1915 553 1938 non
584 1906 789 1951 oporteret,
821 1896 861 1940 fi,
894 1896 1011 1933 nimis
1043 1896 1221 1932 atrociter
1241 1894 1466 1947 imperando
1496 1894 1619 1940 sociis,
1655 1894 1696 1931 in
1722 1902 1877 1933 tantum

474 1965 657 2003 adductus
679 1961 897 2015 periculum
918 1960 1121 1998 videretur.

530 2030 723 2069 XXVIII.
746 2028 866 2066 Nunc
886 2041 978 2065 cum
999 2027 1076 2080 ipse
1096 2025 1245 2064 causam
1266 2026 1370 2065 illius
1393 2026 1585 2065 tumultus
1606 2040 1730 2079 neque
1749 2039 1878 2066 veram

475 2097 613 2140 dicere,
648 2107 774 2146 neque
808 2092 941 2131 falsam
973 2093 1193 2146 confingere
1227 2092 1388 2137 audeat3
1420 2091 1540 2131 homo
1572 2103 1701 2131 autem
1733 2093 1877 2132 ordinis

476 2165 531 2203 sui
552 2161 837 2214 frugaliffimus,
870 2161 939 2212 qui
959 2169 1044 2198 tum
1076 2160 1251 2198 accensus
1275 2161 1322 2197 C.
1346 2159 1495 2198 Neroni
1515 2159 1605 2205 fuit,
1638 2161 1683 2198 Ρ.
1705 2160 1874 2204 Tettius,

477 2230 556 2268 haec
577 2228 707 2266 eadem
726 2227 760 2265 se
781 2226 983 2278 Lampsaci
1004 2225 1180 2278 cognosse
1201 2226 1338 2264 dixerit
1357 2240 1366 2264 :
1399 2226 1456 2263 vir
1475 2226 1658 2263 omnibus
1680 2225 1790 2262 rebus
1811 2238 1875 2262 or-

476 2293 688 2333 natiffimus
710 2293 758 2330 C.
778 2292 913 2336 Varro,
935 2291 1002 2343 qui
1024 2299 1110 2328 tum
1129 2291 1170 2328 in
1187 2291 1274 2328 Asia
1291 2290 1467 2328 tribunus
1489 2290 1662 2327 militum
1683 2288 1772 2333 fuit,
1795 2287 1876 2327 haec

475 2361 606 2398 cadem
641 2358 719 2411 ipsa
752 2357 786 2395 se
819 2371 866 2395 ex
887 2356 1118 2395 Philodamo
1151 2356 1289 2394 audisse
1323 2356 1452 2400 dicat;
1497 2355 1650 2408 potestis
1686 2354 1875 2400 dubitare,

476 2426 570 2479 quin
603 2425 718 2463 istum
752 2422 907 2462 fortuna
932 2437 1009 2462 non
1042 2432 1122 2461 tam
1155 2436 1202 2460 ex
1236 2422 1305 2459 illo
1335 2422 1507 2474 periculo
1533 2422 1675 2474 eripere
1696 2420 1875 2466 voluerit,

475 2505 593 2546 quam
628 2492 673 2529 ad
707 2490 874 2529 vestrum
901 2489 1098 2543 judicium
1129 2488 1308 2528 reservare
1327 2487 1340 2525 ?
1387 2487 1472 2527 Nifi
1507 2501 1595 2526 vcro
1627 2487 1726 2526 illud
1759 2487 1875 2532 dicet,
