2201 2792
562 228 908 269 ACTIONIS
950 228 1004 267 ΙΙ.
1064 228 1274 268 LIBER
1305 231 1359 270 ΙΙ.
1586 248 1657 288 231

261 332 390 386 Scipio
423 344 501 370 non
536 331 777 383 negligenter
808 329 1008 382 abjecerat,
1047 337 1091 368 ut
1123 328 1245 368 homo
1275 330 1496 384 intelligens
1527 333 1664 372 Verres

260 399 406 437 auferre
422 398 541 450 poffet
553 416 565 442 ;
594 397 656 435 sed
676 396 945 435 Thermitanis
965 396 1200 434 restituerat:
1223 410 1301 434 non
1321 411 1400 449 quo
1419 397 1497 450 ipse
1517 397 1664 444 hortos,

259 473 324 503 aut
357 464 635 514 suburbanum,
667 472 732 501 aut
762 462 897 501 locum
929 463 1106 508 omnino,
1141 463 1210 500 ubi
1239 477 1282 501 ea
1306 472 1479 516 poneret,
1509 464 1665 502 nullum

258 530 439 569 haberet:
471 530 534 569 sed
563 531 590 568 fi
621 530 784 567 domum
816 529 1037 574 abstulisset,
1068 542 1147 567 non
1178 530 1245 567 diu
1273 530 1462 582 Scipionis
1494 531 1665 583 appella-

258 606 403 642 rentur,
434 597 495 635 sed
515 610 664 641 eorum,
695 596 743 634 ad
763 595 1015 648 quoscunque
1035 596 1150 649 ipsius
1171 605 1295 634 morte
1321 597 1505 635 venissent
1524 612 1532 634 :
1560 611 1665 635 nunc

257 663 319 702 his
338 664 434 702 locis
465 663 584 717 pofita
602 663 704 709 sunt,
739 672 782 702 ut
812 662 914 701 mihi
944 663 1092 716 semper
1119 663 1309 717 Scipionis
1342 662 1423 702 fore
1450 664 1664 710 videantur,

256 731 387 783 itaque
406 730 596 769 dicantur.

301 798 495 835 XXXVI.
527 798 625 835 Haec
645 810 737 834 cum
758 796 826 834 iste
845 797 1026 850 posceret,
1040 805 1290 850 agereturque
1310 811 1352 835 ea
1369 810 1426 835 res
1447 798 1487 835 in
1508 796 1662 843 senatu,

258 860 439 901 Sthenius
459 861 790 901 vehementiffime
821 863 984 908 restitit3
1015 863 1230 915 multaque,
1262 872 1305 901 ut
1331 863 1371 900 in
1392 863 1529 915 primis
1552 863 1664 900 Sicu-

257 929 387 968 lorum
407 930 448 973 in
468 929 631 967 dicendo
651 929 828 982 copiosus
848 929 915 974 est,
937 930 1258 967 commemoravit
1276 944 1284 968 :
1308 929 1445 967 urbem
1466 929 1663 981 relinque-

258 1008 299 1033 re
318 994 596 1033 Thermitanos
631 995 703 1032 effe
734 995 945 1040 honestius,
976 1009 1093 1048 quam
1116 996 1193 1048 pati
1215 996 1299 1033 tolli
1326 1009 1374 1034 ex
1406 996 1499 1033 urbe
1520 1009 1663 1033 monu-

258 1070 390 1100 menta
409 1062 617 1113 majorum,
639 1061 757 1113 spolia
775 1060 960 1106 hostium,
983 1061 1169 1099 beneficia
1188 1062 1383 1100 clariffimi
1404 1062 1488 1106 viri,
1521 1062 1665 1099 indicia

258 1127 446 1166 societatis
466 1127 602 1180 populi
621 1128 805 1171 Romani,
838 1137 952 1179 atque
970 1127 1165 1165 amicitiae.
1213 1128 1416 1166 Commoti
1436 1128 1556 1165 animi
1578 1127 1665 1166 sunt

257 1194 452 1231 omnium.
484 1194 674 1245 Repertus
696 1192 748 1230 est
768 1205 899 1237 nemo,
919 1193 1015 1244 quin
1039 1193 1141 1231 mori
1161 1193 1304 1231 diceret
1324 1193 1436 1231 satius
1457 1193 1542 1231 effe.
1584 1195 1663 1231 Ita-

257 1273 334 1312 que
352 1259 429 1298 hoc
449 1258 576 1297 adhuc
596 1259 787 1312 oppidum
800 1260 938 1297 Verres
959 1260 1106 1297 invenit
1125 1273 1245 1312 prope
1266 1259 1390 1299 solum
1412 1261 1451 1298 in
1472 1261 1564 1298 orbe
1585 1270 1662 1298 ter-

258 1340 401 1372 rarum,
436 1326 538 1364 unde
572 1324 672 1364 nihil
693 1326 880 1378 ejusmodi
911 1339 1040 1364 rerum
1071 1327 1117 1364 de
1137 1326 1298 1379 publico
1328 1341 1397 1379 per
1431 1327 1526 1371 vim,
1562 1326 1663 1364 nihil

258 1393 425 1438 occulte,
458 1391 558 1431 nihil
588 1393 766 1445 imperio,
798 1391 899 1430 nihil
920 1393 1053 1445 gratia,
1081 1391 1182 1431 nihil
1202 1393 1327 1445 pretio
1353 1393 1472 1447 poffet
1502 1392 1662 1431 auferre.

260 1461 525 1498 Veruntamen
545 1458 655 1498 hasce
687 1458 803 1513 hujus
838 1460 1068 1513 cupiditates
1088 1474 1281 1514 exponam
1311 1460 1386 1499 alio
1412 1460 1525 1499 loco:
1558 1474 1663 1500 nunc

257 1527 306 1565 ad
325 1525 531 1565 Sthenium
552 1535 728 1565 revertar.

314 1593 450 1645 Itaque
470 1592 538 1630 iste
568 1591 815 1632 vehementer
846 1592 1006 1632 Sthenio
1031 1592 1201 1631 infensus
1222 1592 1436 1645 hospitium
1461 1593 1497 1631 ei
1518 1606 1662 1631 renun-

258 1659 361 1703 ciat;
393 1660 512 1697 domo
543 1659 623 1710 ejus
654 1660 832 1711 emigrat,
865 1668 980 1710 atque
1005 1660 1099 1697 adeo
1128 1660 1231 1697 exit:
1264 1673 1354 1697 nam
1374 1661 1456 1711 jam
1477 1669 1564 1697 ante
1583 1660 1662 1697 mi-

257 1734 395 1779 grarat,
427 1726 534 1762 Eum
551 1734 680 1762 autem
701 1725 957 1762 inimicissimi
973 1723 1122 1762 Sthenii
1141 1725 1305 1762 domum
1327 1725 1432 1762 suam
1452 1725 1579 1762 statim
1599 1726 1661 1763 in-

258 1793 394 1836 vitant,
419 1800 462 1829 ut
483 1792 659 1829 animum
690 1793 769 1844 ejus
802 1792 843 1830 in
863 1790 1069 1830 Sthenium
1089 1791 1385 1836 inflammarent,
1417 1792 1663 1830 ementiendo

255 1859 418 1912 aliquid,
432 1868 471 1897 et
491 1859 746 1897 criminando.
770 1860 829 1897 Hi
843 1868 971 1897 autem
988 1870 1093 1897 erant
1108 1859 1275 1904 inimici,
1291 1858 1523 1911 Agathinus,
1541 1858 1663 1897 homo

255 1926 415 1970 nobilis,
448 1935 486 1964 et
507 1925 745 1971 Dorotheus,
768 1923 846 1978 *qui
866 1925 1030 1964 habebat
1056 1927 1097 1964 in
1119 1927 1367 1965 matrimonio
1387 1925 1660 1971 Callidamam,

258 1991 447 2044 Agathini
467 1992 547 2043 ejus
569 1991 704 2038 filiam,
737 1992 784 2030 de
810 2006 886 2045 qua
915 1992 982 2030 iste
1012 1993 1208 2030 audierat:
1240 1993 1370 2044 itaque
1401 1992 1447 2030 ad
1476 2005 1662 2044 generum

258 2057 447 2111 Agathini
468 2059 631 2110 migrare
652 2059 803 2098 maluit.
836 2061 926 2097 Una
945 2073 1022 2098 nox
1042 2058 1308 2104 intercefferat,
1330 2073 1423 2097 cum
1445 2059 1511 2096 iste
1532 2059 1661 2096 Doro-

259 2125 396 2164 theum
431 2126 479 2163 fic
514 2125 712 2178 diligebat,
744 2136 787 2164 ut
822 2127 964 2165 diceres
985 2128 1118 2165 omnia
1146 2128 1246 2164 inter
1276 2140 1339 2165 eos
1374 2127 1444 2165 effe
1475 2141 1659 2164 commu-

257 2192 348 2237 nia;
381 2190 626 2244 Agathinum
657 2192 710 2229 ita
729 2192 963 2237 observabat,
995 2202 1039 2230 ut
1067 2193 1238 2245 aliquem
1257 2193 1411 2230 affinem
1437 2206 1480 2230 ac
1500 2193 1660 2245 propin-

260 2271 398 2311 quum.
431 2259 691 2295 Contemnere
710 2258 827 2296 etiarn
847 2258 999 2311 signum
1026 2259 1125 2296 illud
1145 2259 1320 2297 Himerae
1334 2259 1416 2310 jam
1447 2258 1658 2300 videbatur,

258 2324 363 2376 quod
394 2337 484 2361 eum
515 2324 643 2362 multo
674 2325 795 2377 magis
827 2324 949 2377 figura
979 2334 1017 2363 et
1048 2324 1279 2363 lineamenta
1308 2324 1467 2376 hospitae
1494 2323 1659 2360 delesta-

260 2390 365 2427 bant.

314 2455 527 2494 XXXVII.
560 2456 692 2507 Itaque
712 2455 854 2494 hortari
875 2455 1052 2494 homines
1079 2455 1212 2507 coepit,
1244 2463 1286 2491 ut
1320 2453 1466 2504 aliquid
1501 2451 1660 2490 Sthenio

258 2520 421 2572 periculi
455 2531 648 2565 crearent,
685 2522 935 2574 criminisque
968 2521 1244 2573 confingerent⁴
1295 2519 1490 2557 Dicebant
1527 2518 1562 2555 se
1600 2518 1659 2555 illi

259 2584 360 2623 nihil
391 2584 543 2631 habere,
575 2588 680 2639 quod
711 2588 895 2626 dicerent.
934 2589 1044 2626 Tum
1070 2587 1136 2625 isse
1165 2584 1226 2624 his
1253 2595 1381 2639 aperte
1413 2585 1589 2629 ostendit,
1621 2593 1659 2620 et
