2201 2792
267 328 297 355 p.

269 359 308 393 87

271 436 309 464 88

289 2151 329 2182 90

519 216 811 259 VARIAE
902 214 1466 256 LECTIONES.

353 365 390 393 30
410 364 484 383 nunc
496 368 520 393 χ
532 355 559 384 d.

353 405 388 433 33
412 394 520 424 Rosciis
535 408 558 432 χ
571 394 657 431 Roscii

371 437 389 463 6
410 445 474 464 eum
489 449 512 472 χ
525 446 580 463 cum
594 442 617 462 et

354 484 387 511 ¹7
411 474 526 503 societas
539 487 563 512 χ
574 476 677 502 civitas

348 530 390 537 ·—-
409 515 536 544 statuitur
550 514 575 543 C
590 513 620 541 H
636 512 654 540 S
669 511 698 540 T
712 524 745 549 χ,
760 511 893 549 ψβανιιίτ

348 569 391 577 ·-·
411 564 504 593 neque
517 568 541 592 χ
554 555 582 582 d.

352 605 368 623 2
374 605 388 632 3
412 604 483 622 nova
497 608 520 631 χ
533 596 560 622 d.

349 650 390 656 —
410 634 458 662 est.
480 634 621 662 Bonorum
635 645 660 668 χ
672 633 706 668 est
720 632 852 659 honorum.

352 684 391 710 ²4
411 681 522 711 emptor
537 672 574 700 est
588 671 613 700 C
627 671 659 698 H
675 671 691 698 S
707 671 736 698 T
751 670 777 704 ψ
792 678 922 707 emptorem

348 728 390 736 —
409 713 608 751 Chrysogonus
633 710 657 738 C
672 710 703 738 H
719 710 736 738 S
757 710 940 747 Chrysbgonum
953 722 977 746 χ

451 752 611 790 Chrysogono
626 749 653 784 ψ
667 749 844 788 Chrysogonrm

355 802 390 831 25
414 792 559 830 quomodo
572 789 600 824 ψ
613 800 664 828 quo

353 834 389 861 28
412 841 444 860 ac
460 832 485 860 C
501 830 532 858 H
549 830 566 858 S
581 838 629 858 aut

354 881 391 910 29
412 879 619 909 conqueramur
641 869 673 897 H
697 881 721 906 χ
743 875 927 906 conquerantur
950 865 979 903 ψ

453 916 626 949 conqueratur

357 960 395 990 30
415 950 470 979 hoc
483 965 506 989 χ
520 955 546 978 d.

355 1007 397 1014 —
416 996 570 1028 potuerunt
584 1002 607 1026 χ
615 989 744 1027 potuerint

356 1047 397 1053 —
417 1030 476 1068 ipsa
491 1031 521 1058 H
537 1031 562 1058 d.

359 1080 391 1109 31
417 1071 494 1099 enim
509 1070 534 1097 C
549 1071 576 1097 d.

380 1121 396 1139 2
416 1110 583 1139 recesserunt
607 1108 633 1137 C
658 1107 676 1137 S
699 1105 873 1147 &serpserunt
899 1106 930 1135 H
953 1105 980 1142 ψ

456 1150 614 1187 dtscefflrunr

357 1205 398 1214 —
417 1191 518 1218 Romae
535 1190 552 1217 S
567 1202 591 1226 χ
603 1189 684 1217 Roma

380 1240 396 1268 3
420 1230 448 1259 Si
465 1229 489 1257 C
505 1229 535 1257 H
551 1229 568 1256 S
583 1229 612 1256 T
626 1242 650 1266 χ
663 1230 690 1256 d.

357 1285 399 1292 —
419 1278 533 1307 quoque
546 1269 611 1306 lege
626 1282 650 1306 χ
662 1277 755 1306 quoque

359 1324 402 1333 --·
421 1316 562 1337 vemennt
574 1321 596 1345 χ
610 1311 727 1336 venerint

363 1359 399 1377 1ο
418 1348 602 1376 ementiretur
616 1348 641 1376 C
655 1354 795 1376 emerentur

363 1399 398 1417 12
419 1388 455 1416 de
470 1388 499 1416 H
516 1388 534 1415 S
549 1388 579 1415 T
590 1401 614 1425 χ
631 1388 658 1416 d.

363 1438 396 1466 13
421 1428 497 1458 bona
518 1437 574 1457 non
597 1426 718 1455 venifl'e:
740 1425 772 1454 id
790 1438 814 1462 χ
836 1425 918 1452 omnia
940 1426 982 1451 in-

461 1468 552 1503 venff‘
565 1468 597 1494 id

363 1517 373 1537 1
383 1518 397 1545 ς
421 1507 454 1535 ad
471 1520 494 1543 χ
508 1509 535 1533 d.

364 1548 400 1577 16
421 1546 457 1574 ad
474 1545 597 1574 Kalend.
611 1544 707 1582 Junias
729 1543 755 1572 C
775 1541 902 1571 Kalendis
925 1542 983 1579 Ja-

461 1588 562 1613 nuaeriis
576 1585 604 1612 T
615 1583 681 1612 Kal.
695 1585 767 1622 Jan.

364 1634 402 1656 20
422 1632 561 1662 corruptae
575 1638 599 1662 χ
611 1633 730 1662 corrupta

366 1675 402 1694 22
424 1675 515 1693 errare
527 1678 551 1702 χ
564 1674 648 1693 ενγινε

365 1715 401 1743 23
423 1705 562 1733 rediviam
582 1712 678 1731 curem
698 1702 723 1730 C
744 1703 838 1729 omittit
864 1701 928 1736 (fid
950 1700 985 1732 ef}

465 1743 604 1782 Spatium)
640 1743 671 1770 H
696 1745 773 1771 etiam
808 1743 901 1768 omimt
929 1750 984 1767 eum

465 1784 580 1821 SpatioS
597 1801 609 1807 -
626 1800 638 1806 -
655 1801 663 1806 -
680 1794 750 1811 curae
762 1781 791 1808 T
804 1791 854 1807 rem
867 1781 985 1807 divinam

465 1835 553 1852 curam
569 1826 599 1858 (e
604 1822 633 1858 s
648 1822 684 1856 l.)
699 1835 723 1859 χ
736 1822 881 1849 recidivam
895 1829 966 1847 rurae

367 1873 406 1901 24
425 1863 459 1892 de
474 1863 594 1901 pecunia
608 1872 665 1890 non
681 1862 710 1890 Τ
724 1863 796 1898 depe
810 1877 822 1883 -
839 1875 852 1883 ·
869 1875 881 1882 —
893 1870 941 1887 non

364 1919 405 1926 —
428 1904 514 1932 ullius
528 1903 559 1930 H
574 1902 646 1930 illim

368 1945 404 1972 28
427 1943 529 1982 partim
549 1952 600 1980 pro
615 1942 639 1970 C
655 1942 672 1969 S
683 1943 786 1978 partim

367 1998 407 2005 -
427 1984 533 2021 putetis
547 1999 558 2004 -
575 2000 588 2006 -
603 1999 616 2005 -
630 1991 664 2009 ea
676 1990 730 2019 pro
744 1988 789 2008 me
802 1977 863 2016 ipso
877 1991 901 2015 χ
912 1979 939 2007 d.

369 2032 384 2060 3
394 2032 403 2050 ι
429 2032 463 2050 ex
477 2036 501 2060 χ
514 2021 541 2056 ψ
554 2030 578 2050 et

369 2073 408 2101 34
428 2063 488 2091 haec
527 2071 542 2089 a
582 2059 777 2098 Chrysogono,
811 2071 835 2096 χ
865 2060 930 2087 enim
969 2067 987 2086 a

471 2102 624 2139 Cbtystgono
638 2101 707 2135 Jud.

393 2152 403 2170 1
430 2141 568 2170 venierint
581 2153 606 2178 χ
619 2143 733 2168 venerint

367 2197 408 2205 —
428 2182 532 2210 deinde
546 2181 570 2209 C
587 2184 604 2209 S
623 2181 649 2208 d.
676 2178 780 2208 deinde
800 2194 813 2201 ·
829 2194 838 2200 -
857 2195 870 2203 .

471 2221 525 2249 rint
539 2233 563 2257 χ
576 2221 602 2248 d.

393 2272 409 2291 2
432 2271 518 2301 quare
535 2261 564 2288 H
581 2270 660 2298 quare
675 2262 709 2286 ii}

369 2317 411 2325 —
431 2310 522 2339 neque
537 2299 707 2337 proscriptus
721 2297 752 2326 H
765 2297 794 2325 T
810 2297 837 2325 d.

395 2350 410 2379 3
433 2351 497 2370 cum
516 2341 543 2368 H
561 2340 578 2368 S
594 2343 653 2377 quin
848 2352 851 2353 ν

392 2391 412 2418 4
432 2391 495 2419 quae
511 2397 522 2402 -
536 2397 547 2402 -
563 2397 574 2402 -
587 2378 726 2407 venierint
740 2390 764 2415 χ
776 2378 804 2407 d.

370 2425 412 2446 ·'—
434 2419 572 2450 venierint
587 2418 612 2448 C
628 2419 738 2453 venierit

891 2175 989 2205 venie-

1028 322 1059 350 p.

1028 361 1067 390 90

1036 1431 1072 1461 91

1129 353 1145 380 8
1168 350 1270 389 partim
1285 350 1455 379 connivente
1482 349 1507 378 C
1519 349 1549 379 H
1564 351 1582 379 S
1597 349 1626 379 Τ
1654 363 1688 388 χ,
1703 349 1732 387 ψ

1130 440 1149 468 9
1170 430 1334 459 commisisse
1347 443 1371 467 χ
1384 431 1511 467 commg'ffae

1114 480 1123 498 1
1133 480 1148 498 2
1169 469 1305 508 praeteriri
1319 484 1342 507 χ
1357 473 1462 506 reperim

1115 519 1148 548 15
1170 509 1290 547 pernicii
1304 510 1329 538 C
1342 510 1372 537 H
1388 509 1406 537 S
1422 509 1451 536 T
1465 523 1498 546 χ,
1514 508 1663 547 ψμνιιίτῐε

1114 559 1148 585 17
1171 550 1321 577 commoda
1335 550 1360 578 C
1376 549 1407 577 H
1422 548 1440 577 S
1455 551 1485 578 T
1501 562 1524 587 χ
1536 550 1666 578 commodis

1115 592 1150 618 18
1173 599 1257 626 quem
1273 590 1302 617 T
1316 589 1342 616 d.

1113 637 1152 657 20
1171 628 1344 665 gubernaret
1360 629 1391 656 H
1402 628 1526 667 gubernet

1112 677 1145 697 21
1172 667 1284 735 leglibubs
1306 668 1331 696 C
1348 669 1365 696 S
1382 666 1409 703 ’ψ
1433 679 1488 697 cum
1501 667 1600 707 legibus
1613 668 1643 696 T
1657 681 1681 706 χ
1706 675 1736 697 ut

1225 718 1238 735 e
1255 720 1264 735 ι
1285 718 1313 737 us

1114 749 1151 777 28
1173 719 1292 775 Erugius
1304 747 1321 775 S
1334 746 1360 782 ψ
1370 749 1426 785 post
1440 748 1507 775 hanc
1521 747 1608 776 Vocem
1620 751 1654 786 {st
1668 749 1737 786 Spa·

1211 790 1275 815 lium
1299 798 1412 815 vacuum
1427 787 1564 824 plusquam
1582 791 1688 826 paginae
1711 795 1736 816 et

1211 829 1239 854 in
1255 830 1369 862 margine
1382 826 1418 854 ab
1440 828 1497 854 ead.
1517 838 1595 855 manu
1606 829 1737 865 striplum

1213 868 1259 903 est,
1282 869 1301 882 “
1317 867 1411 904 dficit.
1445 868 1593 894 tantundem
1616 869 1681 895 enim
1708 871 1737 895 in

1212 907 1291 934 codice
1315 906 1486 944 antiquifflmo
1504 906 1668 943 dficiebat.’'
1706 907 1737 935 T

1213 946 1289 974 habet
1309 946 1403 974 nullam
1425 945 1581 983 Defeeiioni:
1593 947 1690 975 Notum
1711 947 1737 975 C

1213 985 1293 1013 habet
1302 985 1440 1023 plusquam
1453 993 1533 1013 totam
1542 989 1667 1024 paginam
1681 998 1738 1015 va·

1215 1032 1313 1053 cantem
1342 1026 1372 1053 H
1396 1025 1474 1053 habet
1495 1025 1613 1062 Spatium
1639 1026 1738 1064 aliquot

1212 1065 1340 1093 linearum
1367 1073 1391 1093 et
1419 1068 1447 1092 in
1474 1068 1589 1102 margine
1615 1066 1650 1093 ab
1677 1067 1735 1095 cad.

1215 1115 1291 1133 manu
1306 1104 1446 1140 scribitur,
1467 1105 1552 1142 dgficit
1575 1106 1617 1135 bic
1630 1104 1739 1135 multum

1215 1157 1239 1181 χ
1248 1152 1342 1182 parva
1356 1144 1450 1172 lacuna
1464 1147 1499 1182 cst

1117 1193 1154 1221 29
1176 1193 1270 1222 aptam
1287 1197 1309 1221 χ
1323 1192 1440 1221 apertam

1117 1238 1157 1246 —
1176 1224 1334 1252 existimant
1348 1237 1371 1261 χ
1384 1225 1551 1261 existimavit

1119 1273 1156 1300 30
1178 1263 1329 1291 salentinis
1346 1268 1369 1291 C
1385 1263 1416 1291 H
1430 1263 1582 1293 Sallentinis

1119 1312 1155 1340 3²
1176 1303 1263 1331 animi
1278 1316 1301 1339 χ
1314 1304 1341 1330 d.

1119 1351 1153 1380 33
1178 1342 1323 1370 relaxandi
1339 1342 1363 1370 C
1379 1342 1407 1370 T
1422 1344 1450 1371 d.

1115 1397 1156 1404 —
1175 1383 1258 1420 plura
1272 1396 1296 1419 χ
1308 1382 1425 1419 etplura

1141 1430 1152 1449 ι
1177 1422 1281 1450 referta
1294 1435 1318 1458 χ
1331 1424 1427 1459 νςχὶέῖα

1117 1476 1158 1483 -
1179 1461 1313 1498 authepsa
1327 1462 1357 1488 T
1371 1468 1418 1488 aut
1433 1464 1512 1498 capsa

1140 1511 1156 1529 2
1178 1508 1256 1529 tanto
1272 1500 1296 1528 C
1312 1500 1342 1529 H
1358 1500 1376 1528 S
1389 1505 1460 1529 tanti

1118 1555 1159 1564 —
1181 1549 1211 1568 ut
1225 1540 1250 1574 ψ
1265 1548 1313 1568 aut

1139 1590 1153 1618 3
1175 1581 1299 1618 pretium
1334 1580 1493 1609 enumerari
1521 1581 1547 1609 C
1567 1595 1601 1619 χ,
1631 1580 1658 1616 ψ
1681 1582 1745 1619 quid

1213 1622 1327 1657 pretium
1347 1631 1491 1648 enumerare
1510 1621 1540 1649 H
1560 1624 1674 1659 pretium
1693 1633 1744 1648 nu·

1219 1662 1316 1687 merari
1330 1660 1347 1686 S
1363 1660 1428 1696 quid
1433 1664 1547 1696 pretium
1568 1671 1697 1689 numerare
1711 1660 1742 1689 T

1222 1699 1337 1737 qliquam
1346 1706 1481 1735 pecumam
1495 1711 1628 1730 numerare

1141 1747 1158 1775 7
1180 1738 1209 1766 in
1225 1738 1310 1765 domo
1323 1751 1347 1775 χ
1359 1741 1395 1766 vi
1407 1750 1473 1767 nemo

1140 1781 1156 1806 8
1179 1777 1282 1806 habeat
1295 1791 1319 1815 χ
1332 1778 1445 1807 habebat

1140 1827 1159 1856 9
1181 1826 1252 1846 artes
1267 1818 1291 1846 C
1305 1819 1322 1845 S
1337 1822 1405 1846 artis

1120 1874 1161 1880 —
1182 1860 1299 1895 Coquos
1313 1858 1338 1886 C
1354 1858 1371 1885 S
1388 1859 1465 1885 Coros

1119 1912 1160 1920 —
1181 1898 1293 1934 pistores
1307 1911 1331 1935 χ
1338 1903 1477 1934 ptseatores
1492 1896 1518 1933 ψ
1528 1900 1640 1935 placere,

1124 1947 1159 1966 ιο
1179 1937 1260 1965 causa
1272 1950 1296 1974 χ
1308 1949 1363 1965 eam

1126 1987 1161 2014 ¹4
1183 1977 1290 2010 dorno;
1311 1976 1338 2011 ψ
1352 1978 1422 2006 modo

1126 2027 1159 2054 ις
1181 2027 1265 2054 quam
1281 2029 1304 2053 χ
1317 2019 1344 2045 d.

1126 2066 1159 2092 ¹7
1181 2056 1310 2083 delibuto
1324 2056 1349 2084 C
1364 2055 1475 2084 dilibuto

1125 2105 1160 2134 ¹9
1183 2104 1213 2124 ut
1227 2105 1325 2122 omnes
1350 2095 1374 2123 C
1396 2096 1425 2123 Τ
1439 2099 1519 2124 etiam
1537 2097 1635 2133 videti!
1646 2095 1747 2134 judices

1223 2143 1252 2162 11!
1266 2146 1345 2162 omne}

1126 2184 1161 2212 25
1183 2174 1328 2202 existimet
1342 2176 1366 2203 C
1381 2178 1512 2214 existumet

1124 2215 1162 2243 26
1183 2224 1228 2242 me
1241 2227 1264 2251 χ
1278 2225 1307 2242 ne

1126 2257 1163 2284 28
1185 2254 1235 2291 qui
1251 2254 1379 2281 vicerunt
1394 2252 1422 2280 T
1437 2253 1465 2279 d.

1127 2304 1165 2331 30
1186 2294 1214 2321 in
1228 2307 1252 2330 χ
1265 2293 1291 2320 d.

1128 2344 1160 2371 3¹
1186 2334 1290 2370 quibus
1303 2345 1327 2369 χ
1338 2334 1384 2368 qui

1127 2383 1163 2411 3²
1186 2372 1351 2401 retineretur
1362 2383 1386 2408 χ
1399 2372 1526 2397 retinetur

1128 2423 1162 2452 35
1184 2411 1304 2449 imperio
1319 2423 1343 2449 χ
1358 2413 1511 2439 auclornate
