2201 2792
753 171 888 212 PRO
947 170 998 207 A.
1060 164 1374 205 CAECINA.
1680 176 1754 215 501

373 291 442 316 nos
463 274 622 315 stultitia
646 272 750 311 illius
771 271 955 313 sublevat,
986 279 1104 320 quam
1134 263 1240 303 laedit
1272 259 1513 314 improbitas,
1555 258 1761 311 Improbus

373 342 464 388 fuit,
500 341 604 394 quod
635 338 814 377 homines
850 334 992 387 coegit,
1023 331 1212 375 armavit3
1243 327 1382 367 coac‘tis
1410 324 1650 376 armatisque,
1681 324 1763 361 vim

373 407 482 446 fecit.
515 406 628 446 Laefit
659 405 699 442 in
730 416 775 440 eo
807 401 1003 440 Caecinam
1021 412 1030 435 :
1062 394 1271 435 sublevavit
1301 392 1447 430 ibidem
1465 409 1476 435 ;
1509 403 1599 428 nam
1633 389 1672 426 in
1705 401 1764 425 eas

375 473 471 526 ipsas
492 486 563 517 res,
600 483 693 523 quas
725 465 1004 521 improbiffime
1023 461 1131 507 fecit,
1152 459 1369 499 testimonia
1388 455 1561 509 sumpsit,
1594 463 1632 493 et
1651 454 1704 492 eis
1726 454 1768 492 in

376 540 486 578 causa
505 536 733 577 testimoniis
755 535 890 572 utitur.

433 607 567 658 Itaque
599 601 699 641 mihi
729 610 879 638 certum
914 598 979 642 est,
1013 599 1328 647 RecuperatoreS,
1349 600 1554 642 antequam
1575 588 1621 626 ad
1642 600 1770 626 meam

379 672 638 710 defensionem
659 667 842 718 meosque
861 664 970 702 testes
992 663 1118 707 venio,
1152 660 1257 698 illius
1278 659 1336 696 uti
1356 656 1587 695 confeffione
1608 664 1645 692 et
1666 654 1770 691 testi-

379 737 536 776 moniis.
613 734 678 771 uid
698 731 920 775 confitetur,
948 738 1062 781 atque
1092 727 1146 765 ita
1175 725 1341 763 libenter
1371 721 1590 764 confitetur,
1624 729 1666 757 ut
1694 732 1772 756 non

380 803 505 841 solum
527 801 650 844 fateri,
672 798 735 835 sed
754 798 870 835 etiarn
891 794 1076 848 profiteri,
1096 791 1283 834 videatur,
1306 790 1608 840 Recuperatores
1627 786 1639 822 ?
1664 786 1772 822 Con-

382 868 514 907 vocavi
533 866 737 905 homines:
760 863 893 915 coegi:
916 860 1075 899 armavi:
1099 867 1239 896 terrore
1260 855 1409 898 mortis,
1432 853 1603 906 periculo
1622 851 1773 904 capitis,

383 949 431 973 ne
451 933 660 976 accederes,
679 930 832 969 obstiti:
852 927 967 972 ferro,
991 925 1132 978 inquit,
1154 923 1268 966 ferro,
1289 930 1326 959 et
1346 919 1421 958 hoc
1440 920 1534 957 dicit
1554 919 1594 956 in
1609 917 1774 970 judicio,

384 1012 423 1039 te
443 1001 555 1054 rejeci
575 1009 688 1050 atque
708 995 906 1050 perterrui.
942 993 1078 1045 Qid?
1114 990 1220 1028 testes
1242 988 1336 1040 quid
1357 986 1492 1024 aiunt?
1526 986 1569 1023 P.
1592 984 1775 1028 Vefflius,

387 1067 627 1120 propinquus
649 1062 817 1106 AEbuffi,
846 1060 881 1098 se
901 1059 1064 1097 AEbutio
1085 1070 1177 1095 cum
1196 1054 1348 1093 armatis
1376 1052 1486 1090 servis
1504 1049 1640 1088 veniffe
1658 1049 1776 1086 advo-

387 1143 533 1171 catum.
565 1130 674 1181 Qid
693 1126 899 1181 praeterea?
929 1123 1039 1162 fuiffe
1059 1121 1276 1175 complures
1294 1127 1472 1156 armatOS.
1505 1115 1613 1171 Qid
1641 1114 1744 1152 aliud
1764 1115 1776 1151 ?

388 1201 583 1237 minatum
604 1196 674 1235 esse
693 1195 903 1232 AEbutium
926 1191 1101 1230 Caecinae.
1134 1188 1243 1239 Qid
1263 1199 1334 1238 ego
1356 1186 1401 1223 de
1428 1183 1503 1221 hoc
1525 1182 1615 1220 teste
1635 1182 1777 1226 dicam,

388 1266 457 1304 nifi
477 1264 566 1308 hoc,
595 1264 909 1313 Recuperatores‚
932 1267 975 1295 ut
995 1256 1140 1295 idcirco
1160 1268 1238 1292 non
1263 1252 1391 1290 minus
1412 1251 1446 1288 ei
1467 1248 1641 1293 credatis,
1674 1247 1780 1300 quod

390 1330 512 1369 homo
534 1329 662 1368 minus
683 1327 842 1365 idoneus
872 1323 1063 1367 habetur,
1096 1320 1158 1359 sed
1189 1319 1275 1357 ideo
1306 1317 1480 1360 credatis,
1513 1315 1618 1367 quod
1647 1328 1692 1352 ex
1716 1313 1783 1351 illa

389 1406 496 1452 parte
511 1396 552 1434 id
570 1395 679 1439 dicit,
701 1392 807 1446 quod
825 1391 884 1429 illi
901 1389 1019 1428 causae
1037 1387 1206 1426 maxime
1221 1385 1275 1422 est
1292 1383 1462 1421 alienum
1480 1381 1492 1418 ?

448 1465 499 1502 A.
523 1461 747 1503 Terentius,
767 1459 861 1496 alter
880 1455 997 1500 testis,
1019 1467 1097 1491 non
1117 1452 1235 1490 modo
1256 1450 1479 1493 AEbutium,
1508 1447 1569 1486 sed
1588 1447 1703 1485 etiam
1726 1445 1782 1483 se-

393 1530 536 1583 ipsum,
557 1527 697 1579 arguit.
730 1525 776 1562 In
796 1522 1004 1561 AEbutium
1025 1519 1100 1557 hoc
1121 1518 1228 1562 dicit,
1262 1524 1424 1554 armatos
1445 1514 1624 1552 homines
1645 1511 1754 1550 fuiffe
1772 1526 1781 1549 :

395 1597 442 1634 de
462 1595 497 1633 se
517 1603 647 1632 autern
667 1591 743 1630 hoc
759 1588 951 1643 praedicat‚
973 1583 1186 1629 Antiocho,
1205 1582 1357 1621 AEbutii
1374 1581 1490 1626 servo,
1509 1578 1719 1633 imperasse,
1743 1586 1785 1615 ut

395 1663 437 1701 in
453 1662 649 1700 Caecinam
669 1657 931 1696 advenientem
954 1666 1046 1691 cum
1067 1650 1167 1689 ferro
1188 1649 1395 1687 invaderet.
1419 1647 1527 1698 Qid
1545 1647 1681 1698 loquar
1700 1658 1784 1682 am-

397 1730 500 1783 plius
520 1727 595 1766 hoc
626 1726 673 1764 de
692 1723 881 1762 homine?
913 1722 953 1758 in
974 1733 1092 1772 quem
1112 1731 1182 1770 ego
1203 1716 1342 1759 dicere,
1375 1728 1467 1752 cum
1488 1725 1637 1765 rogarer
1657 1725 1677 1748 a
1698 1712 1785 1748 Cae-

398 1795 498 1839 cina,
520 1804 720 1844 nunquam
740 1789 860 1844 volui,
893 1800 941 1826 ne
959 1797 1113 1838 arguere
1133 1784 1247 1821 illum
1273 1781 1327 1819 rei
1347 1779 1517 1832 capitalis
1538 1777 1708 1815 viderer:
1741 1775 1788 1812 de

399 1875 444 1900 eo
465 1860 602 1899 dubito
621 1871 740 1901 nunc,
765 1854 962 1908 quomodo
982 1862 1047 1890 aut
1066 1852 1214 1903 loquar,
1236 1857 1300 1886 aut
1321 1856 1480 1890 taceam,
1503 1858 1593 1882 cum
1614 1843 1692 1896 ipse
1712 1841 1788 1880 hoc

400 1929 447 1967 de
466 1928 665 1979 sejuratus
687 1922 878 1976 praedicet.
911 1918 1062 1959 Deinde
1083 1919 1130 1955 L.
1155 1915 1297 1954 Caelius
1329 1926 1405 1950 non
1438 1911 1560 1949 solum
1579 1909 1790 1948 AEbutium

401 2007 495 2032 cum
515 1992 669 2030 armatis
690 1989 789 2027 dixit
809 1987 918 2026 fuiffe
939 1983 1220 2038 compluribus,
1252 1993 1387 2018 verum
1415 1979 1530 2016 etiam
1558 1990 1649 2014 cum
1672 1975 1789 2012 advo-

403 2059 496 2098 catis
517 2056 717 2110 perpaucis
738 2068 783 2092 eo
802 2053 940 2091 veniffe
956 2052 1166 2089 Caecinam.
1190 2049 1252 2086 De
1267 2045 1342 2084 hoc
1363 2058 1434 2097 ego
1455 2043 1545 2082 teste
1565 2040 1760 2080 detraham
1777 2040 1789 2076 ?

402 2126 467 2164 cui
489 2137 608 2176 aeque‚
630 2131 744 2173 atque
764 2133 852 2158 meo
873 2119 971 2162 testi,
994 2126 1037 2154 ut
1056 2115 1230 2158 credatis,
1252 2111 1415 2165 postulo.

461 2192 513 2229 X.
546 2191 591 2228 P.
615 2187 833 2226 Memmius
854 2185 1002 2222 secutus
1023 2182 1088 2226 est,
1110 2181 1179 2233 qui
1199 2179 1310 2217 suum
1330 2191 1408 2216 non
1427 2189 1587 2229 parvum
1608 2171 1791 2211 benefici-

406 2272 475 2297 um
495 2253 817 2294 commemoravit
836 2253 877 2289 in
898 2250 1041 2288 amicos
1059 2247 1235 2290 Caecinae,
1252 2245 1393 2297 quibus
1416 2243 1487 2281 sese
1507 2242 1607 2278 viam
1628 2251 1695 2290 per
1715 2236 1792 2274 fra-

408 2324 476 2361 tris
496 2322 552 2360 sui
572 2320 740 2358 fundum
760 2317 899 2367 dediffe
929 2315 1041 2359 dixit,
1078 2326 1153 2366 qua
1177 2311 1344 2363 effugere
1366 2307 1524 2362 possent,
1557 2317 1648 2341 cum
1679 2301 1795 2339 effent

409 2398 518 2428 metu
537 2400 672 2425 omnes
693 2383 897 2439 perterriti.
930 2382 1038 2420 Huic
1059 2394 1130 2432 ego
1151 2378 1233 2416 testi
1256 2377 1392 2428 gratias
1419 2386 1542 2424 agam,
1575 2369 1679 2421 quod
1698 2378 1735 2405 ct
1756 2368 1795 2404 in

411 2467 449 2493 re
470 2451 754 2491 misericordem
775 2449 809 2487 se
831 2448 1008 2501 pra—buit,
1030 2456 1067 2483 et
1089 2446 1127 2482 in
1150 2441 1368 2480 testimonio
1390 2436 1623 2489 religiosum.

466 2521 518 2559 A.
541 2517 719 2561 Annius,
741 2524 779 2553 et
799 2516 878 2568 ejus
900 2513 1002 2551 filius
1024 2513 1071 2550 L.
1098 2508 1273 2551 Attilius,
1299 2516 1334 2543 ct
1356 2514 1518 2542 armatos
1542 2502 1594 2539 ibi
1615 2499 1737 2543 fuiffe,
1760 2507 1797 2535 ct
