2201 2792
531 203 607 257 388
961 201 1052 241 {N
1122 201 1504 240 VERREM

585 303 677 354 Qo
697 303 870 341 cruciatu
891 302 936 341 fit
955 301 1128 347 affectus,
1149 302 1278 340 venire
1304 301 1343 340 in
1365 309 1539 340 mentem
1560 299 1705 340 neceffe
1720 299 1772 338 est
1792 298 1925 338 omni-

528 370 614 415 bus,
631 384 723 408 curn
743 369 832 407 esset
852 369 1001 407 vinetus
1022 368 1149 407 nudus
1169 369 1209 406 in
1231 382 1314 414 aere,
1331 369 1370 406 in
1390 368 1524 414 imbri,
1545 369 1586 407 in
1605 367 1761 421 frigore.
1783 366 1926 418 Neque

527 444 656 474 tamen
683 434 770 473 finis
790 433 884 472 huic
914 434 1077 485 injuriae,
1109 433 1405 486 crudelitatique
1425 433 1555 479 fiebat,
1585 434 1709 472 donec
1740 431 1924 486 populus,

526 511 642 555 atque
663 501 834 540 universa
861 500 1090 546 multitudo,
1125 501 1324 539 atrocitate
1343 500 1412 545 rei,
1444 500 1779 552 misericordiaque
1812 511 1926 537 com-

526 578 646 614 mota,
668 568 840 607 senatum
860 567 1028 606 clamore
1047 567 1188 619 coegit,
1222 576 1266 605 ut
1285 566 1319 604 ei
1339 566 1587 605 simulacrum
1616 565 1716 604 illud
1735 564 1925 604 Mercurii

525 635 787 688 polliceretur.
812 634 1043 673 Clamabant
1063 632 1159 678 fore,
1177 642 1219 671 ut
1237 633 1305 687 ipsi
1327 633 1399 671 sese
1416 634 1486 671 Dii
1506 632 1746 671 immortales
1762 630 1925 670 ulcisce-

526 710 659 739 rentur
676 716 684 740 :
706 700 910 739 hominem
930 700 1074 738 interea
1093 699 1213 752 perire
1233 699 1483 737 innocentem
1503 712 1581 737 non
1597 706 1786 751 oportere.
1813 697 1924 735 Tum

524 767 705 820 frequens
720 767 867 805 senatus
881 766 926 804 ad
939 765 1053 803 istum
1075 767 1181 804 venit
1189 785 1200 811 3
1219 765 1427 819 pollicetur
1440 765 1607 818 signum.
1631 765 1689 803 Ita
1709 766 1865 817 Sopater
1877 762 1924 800 de

524 833 644 872 statua
660 835 709 872 C.
724 833 920 877 Marcelli,
942 845 1035 870 cum
1051 833 1133 884 jam
1154 845 1250 885 pene
1270 831 1507 884 obriguiffet,
1529 831 1594 869 vix
1613 831 1722 870 vivus
1738 829 1924 868 aufertur.

580 900 692 938 XLI.
724 900 819 938 Non
839 898 990 951 poffum
1017 898 1192 950 disposite
1210 898 1328 936 istum
1347 897 1532 943 accusare,
1566 898 1592 935 fi
1613 896 1794 949 cupiam:
1826 908 1925 949 opus

525 966 577 1004 est
598 980 676 1005 non
697 966 823 1004 solum
843 965 1015 1017 ingenio,
1045 978 1180 1003 verum
1200 965 1318 1003 etiam
1343 964 1505 1002 artificio
1539 964 1708 1016 quodam
1729 962 1925 1016 fingulari.

526 1035 664 1071 Unum
695 1031 772 1070 hoc
794 1032 941 1069 crimen
962 1031 1112 1069 videtur
1132 1031 1217 1075 effe,
1254 1040 1292 1069 et
1325 1045 1345 1069 a
1376 1045 1439 1069 me
1474 1044 1544 1084 pro
1575 1044 1655 1068 uno
1688 1030 1845 1082 ponitur
1878 1029 1927 1067 de

524 1100 727 1139 Mercurio
742 1098 1029 1150 Tyndaritano:
1051 1098 1161 1151 plura
1180 1098 1291 1136 sunt:
1315 1097 1376 1135 sed
1396 1111 1438 1135 ea
1453 1111 1533 1150 quo
1552 1099 1663 1150 paeto
1677 1096 1925 1149 distinguere,

524 1180 567 1205 ac
588 1166 753 1220 separare
773 1164 925 1218 poffim,
955 1164 1095 1202 nescio.
1129 1164 1196 1202 Est
1217 1165 1468 1217 pecunIarum
1487 1173 1702 1217 captarum,
1724 1163 1829 1216 quod
1848 1162 1924 1214 fig-

523 1247 621 1272 num
642 1246 662 1270 a
688 1232 798 1270 sociis
819 1231 994 1283 pecuniae
1011 1243 1160 1283 magnae
1180 1230 1343 1268 sustulit.
1376 1230 1443 1268 Est
1462 1230 1676 1283 peculatus,
1697 1229 1803 1282 quod
1820 1229 1925 1281 pub-

523 1301 597 1338 lice
618 1299 753 1352 populi
774 1297 946 1336 Romani
965 1297 1133 1350 fignum,
1153 1297 1200 1334 de
1221 1297 1346 1350 praeda
1365 1296 1535 1335 hostium
1555 1305 1729 1349 captum,
1756 1296 1925 1348 pofitum

523 1364 764 1418 imperatoris
785 1363 903 1402 nostri
923 1363 1098 1408 nomine,
1118 1376 1196 1400 non
1216 1363 1408 1401 dubitavit
1426 1362 1587 1401 auferre.
1616 1362 1684 1401 Est
1704 1361 1924 1414 majestatis,

524 1432 630 1485 quod
651 1429 805 1484 imperii
826 1429 942 1467 nostri
959 1429 1104 1482 glorIae,
1119 1442 1324 1481 rerumque
1339 1429 1529 1481 gestarum
1545 1437 1800 1467 monumenta
1813 1441 1923 1466 ever-

523 1508 616 1543 tere,
637 1506 754 1550 atque
772 1496 959 1548 asportare
979 1495 1087 1534 ausus
1102 1495 1167 1534 est.
1187 1495 1255 1534 Est
1270 1495 1432 1540 sceleris,
1450 1495 1555 1547 quod
1575 1495 1776 1548 religiones
1795 1494 1924 1533 maxi-

523 1577 605 1602 mas
625 1562 797 1601 violavit.
821 1561 889 1600 Est
908 1561 1162 1606 crudelitatis,
1186 1561 1291 1614 quod
1310 1561 1352 1599 in
1371 1560 1575 1600 hominem
1596 1561 1859 1606 innocentem,
1882 1561 1924 1598 in

524 1630 671 1669 socium
692 1628 883 1673 nostrum,
915 1637 1031 1680 atque
1050 1628 1239 1673 amicum,
1273 1640 1436 1673 novum,
1465 1641 1508 1666 ac
1529 1627 1715 1680 fingulare
1746 1626 1925 1681 supplicii

525 1709 644 1750 genus
666 1694 914 1747 excogitavit.

580 1762 684 1801 Illud
706 1775 794 1800 vero
814 1760 910 1814 quid
931 1760 989 1805 sit,
1006 1761 1089 1812 jam
1109 1773 1188 1799 non
1209 1774 1309 1813 queo
1329 1760 1454 1799 dicere
1469 1779 1481 1806 ς
1514 1773 1592 1813 quo
1613 1760 1771 1799 nomine
1790 1759 1924 1813 appel-

524 1829 616 1874 lem,
639 1827 779 1872 nescio,
811 1826 918 1879 quod
950 1827 989 1864 in
1012 1827 1061 1865 C.
1084 1826 1266 1865 Marcelli
1286 1826 1418 1865 statua.
1451 1826 1559 1878 Qid
1579 1826 1632 1864 est
1651 1825 1755 1864 hoc?
1786 1826 1923 1864 Patro-

524 1895 643 1934 nusne
663 1894 768 1946 quod
789 1893 894 1930 erat?
926 1893 1021 1944 quid
1055 1901 1141 1931 tum
1164 1894 1177 1930 ?
1209 1906 1288 1945 quo
1317 1893 1356 1930 id
1377 1892 1546 1944 spectat?
1569 1901 1701 1930 utrum
1728 1905 1769 1929 ea
1789 1904 1845 1930 res
1875 1891 1924 1929 ad

523 1975 654 2014 opem,
686 1972 733 1997 an
754 1959 799 1996 ad
820 1958 1081 1997 calamitatem
1101 1958 1322 2004 clientium,
1350 1967 1465 2010 atque
1484 1957 1681 2011 hospitum
1703 1958 1823 1996 valere
1854 1958 1923 1996 de-

525 2027 666 2066 bebat?
698 2027 762 2064 An
784 2033 826 2062 ut
847 2023 923 2062 hoc
943 2024 1169 2069 ostenderes,
1191 2033 1323 2063 contra
1343 2025 1424 2064 vim
1446 2033 1553 2063 tuam
1573 2025 1613 2062 in
1634 2023 1804 2077 patronis
1824 2038 1922 2078 prae-

525 2093 606 2132 fidii
627 2091 727 2131 nihil
747 2090 817 2129 effe
836 2092 848 2128 ?
881 2091 966 2143 quis
989 2090 1064 2130 hoc
1096 2105 1173 2130 non
1195 2092 1442 2145 intelligeret,
1473 2093 1514 2130 in
1540 2092 1711 2145 improbi
1732 2091 1927 2144 praesentis

524 2159 690 2214 imperio
709 2158 896 2210 majorem
915 2157 986 2196 effe
1006 2159 1100 2203 vim,
1134 2171 1251 2211 quam
1273 2159 1313 2197 in
1335 2159 1529 2198 bonorum
1558 2158 1773 2197 absentium
1793 2168 1923 2211 patro-

524 2227 628 2266 cinio
648 2226 660 2262 ?
692 2226 757 2264 An
777 2238 866 2262 vero
886 2237 932 2262 ex
953 2223 1028 2262 hoc
1050 2225 1116 2262 illa
1143 2234 1206 2262 tua
1227 2225 1424 2278 singularis
1455 2224 1689 2278 significatur
1708 2224 1921 2269 insolentia,

525 2293 713 2347 superbia,
734 2291 978 2330 contumacia
996 2291 1008 2328 ?
1031 2290 1228 2329 detrahere
1244 2292 1423 2330 videlicet
1443 2291 1588 2344 aliquid
1611 2300 1647 2328 te
1668 2291 1714 2328 de
1733 2290 1922 2343 amplitu-

525 2362 612 2399 dine
633 2358 915 2397 Marcellorum
936 2356 1089 2409 putasti,
1122 2357 1256 2409 Itaque
1277 2370 1380 2395 nunc
1402 2357 1620 2395 Siculorum
1642 2356 1824 2395 Marcelli
1844 2370 1923 2395 non

526 2427 612 2465 sunt
632 2424 808 2478 patroni;
841 2423 976 2461 Verres
998 2423 1037 2461 in
1058 2436 1193 2461 eorum
1210 2423 1343 2461 locum
1359 2422 1583 2461 substitutus
1604 2422 1671 2461 est.

580 2494 712 2544 Qam
743 2492 784 2529 in
815 2500 852 2530 te
884 2499 1030 2530 tantam
1050 2490 1235 2530 virtutem
1255 2489 1341 2536 effe,
1371 2498 1435 2528 aut
1461 2489 1690 2543 dignitatem
1720 2489 1921 2528 arbitratus
