2201 2792
505 209 581 248 282
934 209 1023 249 IN
1094 210 1476 251 VERREM

502 310 690 349 effecisti?
721 311 816 364 quid
843 310 1028 350 affecutus
1057 312 1127 349 es?
1160 313 1217 352 Ut
1247 313 1392 365 populo
1423 313 1624 356 Romano,
1656 312 1821 351 Praetore
1849 319 1899 355 te,

501 377 626 416 nescio
646 379 740 430 quid
761 378 805 416 ad
826 379 1005 417 decumas
1022 378 1229 422 accederet,
1248 379 1464 417 deserendas
1481 380 1662 417 arationes
1678 378 1900 430 relinquen-

501 444 640 496 dasque
660 444 809 483 curasti.
834 445 1013 483 Succeffit
1033 445 1105 483 tibi
1127 446 1174 482 L.
1195 445 1393 483 Metellus.
1417 447 1483 484 Tu
1504 446 1760 490 innocentior,
1782 456 1901 496 quam

500 510 715 548 Metellus?
748 520 789 548 tu
810 511 931 548 laudis
952 520 988 549 et
1008 510 1164 548 honoris
1195 511 1399 562 cupidior?
1432 512 1529 549 Tibi
1555 512 1658 549 enim
1680 510 1899 548 consulatus

500 577 760 628 quaerebatur,
797 577 962 614 Metello
997 586 1175 630 paternus
1210 575 1358 622 honor,
1393 586 1430 614 et
1462 578 1584 615 avitus
1619 576 1896 628 negligebatur.

498 643 634 680 Multo
655 644 814 681 minoris
836 643 1022 688 vendidit,
1055 657 1131 682 non
1155 643 1285 689 modo,
1308 657 1425 697 quam
1446 653 1502 689 tu,
1536 643 1597 681 sed
1617 644 1749 687 etiam,
1781 654 1900 694 quam

496 709 565 760 qui
586 718 671 747 ante
692 718 728 747 te
749 709 1014 748 vendiderunt.

552 776 708 828 Qaero,
739 777 764 814 fi
785 777 862 829 ipse
882 778 1097 829 excogitare
1124 791 1201 816 non
1230 786 1390 830 poterat,
1426 776 1758 830 quemadmodum
1778 788 1898 828 quarn

494 841 666 894 plurimo
696 842 901 888 venderet3
944 857 992 880 ne
1026 853 1091 881 tua
1121 845 1280 896 quidem
1312 844 1477 882 recentia
1511 844 1680 896 proximi
1721 841 1895 880 Praetoris

494 908 649 961 vestigia
673 908 848 961 persequi
879 918 1040 962 poterat,
1072 919 1114 948 ut
1146 912 1222 949 tuis
1255 911 1455 963 praeclaris,
1487 911 1610 948 abste
1632 909 1804 962 principe
1832 908 1894 945 in-

493 975 630 1019 ventis,
661 984 698 1012 et
717 976 942 1026 excogitatis
962 977 1110 1020 edictis,
1138 986 1250 1029 atque
1271 977 1452 1014 institutis
1473 986 1642 1013 uteretur
1660 976 1672 1012 ?
1706 975 1776 1013 Ille
1807 986 1896 1011 vero

493 1050 578 1078 tum
601 1041 636 1078 se
657 1041 869 1079 Metellum
889 1043 1053 1080 minime
1074 1041 1154 1080 fore
1185 1043 1357 1095 putasset,
1390 1043 1415 1080 fi
1437 1051 1472 1080 te
1496 1042 1571 1080 ulla
1591 1043 1630 1080 in
1662 1055 1700 1079 re
1720 1041 1893 1078 imitatu-s

491 1107 606 1146 elset:
640 1109 707 1160 qui
728 1109 775 1146 ab
807 1109 899 1146 urbe
921 1110 1062 1154 Roma,
1090 1110 1195 1161 quod
1227 1123 1342 1147 nemo
1364 1123 1536 1161 unquam
1571 1108 1652 1162 post
1682 1107 1892 1146 hominum

490 1175 720 1212 memoriam
741 1173 848 1219 fecit,
865 1188 957 1212 cum
978 1175 1046 1212 fibi
1068 1175 1107 1212 in
1129 1176 1366 1228 provinciam
1386 1175 1706 1227 proficiscendum
1726 1182 1891 1226 putaret,

489 1242 614 1280 literas
635 1243 681 1280 ad
703 1242 839 1280 Siciliae
859 1243 1031 1280 civitates
1065 1243 1179 1287 misit,
1212 1257 1277 1295 per
1308 1257 1401 1295 quas
1422 1242 1595 1281 hortatur
1625 1252 1663 1280 et
1693 1251 1813 1294 rogat,
1848 1251 1892 1279 ut

488 1319 606 1353 arent,
640 1317 683 1346 ut
714 1308 831 1346 serant
862 1308 1050 1346 beneficio
1084 1310 1219 1361 populi
1252 1310 1433 1347 Romani.
1468 1310 1558 1347 Hoc
1579 1309 1674 1361 petit
1694 1308 1892 1360 aliquanto

486 1384 573 1412 ante
593 1375 800 1412 adventum
823 1373 961 1419 suum;
993 1384 1030 1412 et
1061 1375 1171 1412 simul
1192 1375 1368 1420 ostendit,
1397 1375 1431 1413 se
1451 1375 1533 1427 lege
1555 1375 1766 1413 Hieronica
1796 1387 1891 1412 ven-

488 1440 676 1485 diturum,
708 1439 782 1477 hoc
804 1440 868 1484 est,
900 1441 939 1477 in
967 1441 1075 1478 omni
1109 1441 1252 1478 ratione
1283 1441 1533 1479 decumarum
1564 1439 1663 1478 nihil
1689 1440 1748 1478 isti
1770 1439 1892 1477 fimile

487 1505 693 1544 faCturum.
726 1508 858 1558 Atque
879 1505 974 1551 haec,
998 1520 1073 1544 non
1094 1507 1303 1559 cupiditate
1324 1508 1450 1559 aliqua
1476 1507 1605 1544 scribit
1625 1506 1824 1550 adduftus,
1847 1514 1891 1543 ut

486 1574 525 1610 in
548 1573 710 1610 alienam
732 1573 968 1625 provinciam
989 1574 1120 1611 mittat
1152 1573 1277 1611 literas
1301 1583 1387 1611 ante
1420 1582 1588 1625 tempus,
1624 1573 1685 1610 sed
1716 1572 1887 1617 confilio,

486 1652 547 1683 ne,
578 1639 603 1676 s1
626 1649 777 1691 tempus
799 1639 952 1676 sationis
984 1639 1227 1692 praeteriisset,
1263 1653 1425 1691 granum
1457 1639 1496 1676 in
1532 1639 1728 1691 provincia
1763 1638 1890 1676 Sicilia

486 1705 640 1742 nullum
661 1703 903 1743 haberemus.
938 1705 1170 1758 Cognoscite
1187 1705 1342 1744 Metelli
1364 1705 1504 1743 literas.
1533 1705 1670 1743 Recita
1689 1704 1890 1757 epistolam

485 1772 533 1808 L.
558 1771 726 1808 Metelli.
759 1772 953 1810 L1TERAE
978 1773 1027 1810 L.
1051 1773 1290 1812 METELLx.

537 1828 690 1876 XVIII.
723 1839 797 1876 Hae
829 1838 959 1883 lioerae,
982 1839 1152 1890 JudiceS,
1186 1841 1234 1878 L.
1268 1840 1437 1885 Metelli,
1472 1853 1563 1892 quas
1595 1839 1762 1883 audistis,
1794 1837 1884 1882 hoc,

482 1908 671 1950 quantum
693 1899 758 1943 est,
780 1912 825 1936 ex
844 1899 972 1936 Sicilia
988 1899 1174 1938 frumenti
1206 1900 1402 1938 hornotini
1422 1910 1680 1939 exaraverunt.
1715 1900 1883 1938 Glebam

482 1968 710 2006 commosset
743 1969 783 2006 in
815 1982 903 2020 agro
934 1969 1148 2007 decumano
1180 1971 1316 2008 Sicilia:
1348 1984 1476 2015 nemo,
1510 1971 1534 2008 fi
1567 1969 1754 2008 Metellus
1785 1968 1885 2007 hanc

481 2035 677 2087 epistolam
710 2048 786 2072 non
819 2035 986 2073 misisset.
1019 2037 1154 2087 Qid?
1186 2037 1352 2075 Metello
1382 2037 1567 2076 divinitus
1598 2036 1674 2075 hoc
1705 2036 1811 2074 venit
1844 2036 1886 2074 in

481 2110 681 2146 mentem3
713 2115 759 2138 an
781 2101 827 2139 ab
849 2102 1000 2146 Siculis,
1021 2105 1088 2155 qui
1111 2104 1280 2142 Romam
1301 2103 1596 2156 frequentissimi
1616 2111 1884 2147 convenerant,

484 2167 858 2219 negotiatoribusque
880 2168 1018 2206 Sicilia:
1038 2169 1171 2207 dodhls
1193 2170 1244 2208 est
1263 2170 1275 2206 ?
1307 2183 1488 2222 quorum,
1511 2171 1646 2223 quanti
1672 2178 1882 2208 conventus

481 2234 527 2271 ad
546 2232 765 2278 Marcellos,
783 2233 1062 2285 antIquiffimos
1085 2236 1222 2273 Siciliae
1242 2245 1434 2287 patronos,
1449 2237 1583 2288 quanti
1604 2236 1650 2273 ad
1667 2237 1742 2273 Cn.
1762 2236 1882 2272 Pom-

482 2300 628 2351 peium,
651 2298 861 2336 Consulem
883 2299 1134 2351 designatum,
1155 2301 1384 2353 caeterosque
1405 2301 1507 2338 illius
1528 2301 1733 2352 provinciae
1754 2298 1882 2337 neces-

483 2364 610 2410 farios,
645 2364 725 2402 fieri
758 2364 858 2402 soliti
890 2365 974 2410 fint,
1011 2367 1098 2417 quis
1134 2366 1283 2418 ignorat
1302 2367 1314 2402 ?
1346 2366 1465 2417 Qod
1499 2366 1657 2417 quidem
1685 2365 1883 2417 judicium

484 2430 592 2468 nullo
614 2444 782 2481 unquam
805 2430 851 2467 de
871 2429 1029 2468 homine
1050 2429 1195 2469 fastum
1216 2431 1281 2476 est,
1303 2440 1345 2468 ut
1365 2431 1494 2468 absens
1515 2431 1749 2469 accusaretur
1769 2431 1814 2469 ab
1836 2431 1882 2468 iis

483 2496 624 2548 palam,
646 2510 812 2548 quorum
834 2497 873 2534 in
895 2497 1008 2541 bona,
1040 2497 1253 2549 liberosque
1274 2497 1470 2535 summum
1499 2497 1721 2549 imperium,
1755 2496 1882 2550 potes-

485 2570 679 2614 tatemque
699 2560 868 2601 haberet.
901 2564 1028 2603 Tanta
1047 2563 1102 2602 vis
1123 2572 1199 2602 erat
1212 2563 1453 2614 injuriarum,
1472 2571 1514 2601 ut
1533 2561 1712 2602 homines
1733 2563 1883 2616 quidvis
