2201 2792
605 218 952 258 ACTIONIS
994 219 1047 258 ΙΙ.
1108 219 1319 258 LIBER
1350 221 1403 259 11.
1630 237 1705 277 225

305 317 409 370 quod
429 317 688 356 dubitandum
707 319 912 358 videretur.
957 320 1106 357 Interea
1135 318 1241 357 istius
1261 319 1436 364 libertus,
1468 328 1506 358 et
1532 322 1707 359 accensus

305 384 407 422 idem
429 384 716 431 Timarchides,
750 386 818 438 qui
838 386 903 431 est,
936 386 976 424 id
996 386 1101 438 quod
1121 398 1168 423 ex
1195 385 1373 438 plurimis
1395 386 1553 424 testibus
1583 387 1708 438 priore

303 449 451 487 astione
470 450 670 496 didicistis,
692 464 820 489 rerum
842 450 1066 504 hujusmodi
1094 451 1275 489 omnium
1296 451 1498 490 transa&or
1523 461 1562 489 et
1582 452 1708 489 admi-

303 515 432 561 nister,
454 516 500 554 ad
521 517 724 570 Sopatrum
745 518 863 556 venit.
910 518 1053 556 Monet
1085 516 1303 563 hominem,
1335 531 1383 555 ne
1412 518 1530 555 nimis
1560 518 1709 568 judicio

305 582 531 627 Sacerdotis,
559 592 597 620 et
623 584 740 622 causae
760 583 928 622 confidat
946 599 955 622 z
987 583 1235 629 accusatores,
1258 584 1516 636 inimicosque
1536 585 1617 636 ejus
1638 583 1709 621 ha-

304 648 392 686 bere
412 650 452 687 in
479 651 610 688 animo
639 652 845 704 pecuniam
866 651 1024 689 Praetori
1055 651 1141 689 dare
1159 666 1168 689 :
1202 652 1411 689 Praetorem
1431 661 1560 690 tamen
1580 652 1630 689 ob
1652 651 1708 689 sa-

304 714 429 753 lutem
449 716 564 753 malle
584 717 756 769 accipere
770 736 783 763 ς
815 726 853 754 et
879 717 992 755 fimul
1024 717 1152 762 malle,
1185 717 1212 755 fi
1232 717 1316 755 fieri
1336 717 1470 770 poffet,
1503 731 1585 756 rem
1598 717 1709 770 judi-

304 790 429 819 catam
450 795 528 820 non
549 782 772 822 rescindere.
805 784 974 836 Sopater,
1007 797 1100 822 cum
1119 783 1195 821 hoc
1217 783 1275 821 illi
1306 783 1562 836 improvisum
1595 792 1710 836 atque

304 846 549 900 inopinatum
579 849 785 895 accidisset,
822 858 1044 888 commotus
1075 849 1128 887 est
1148 849 1254 894 sane;
1288 863 1414 902 neque
1441 851 1481 888 in
1501 849 1708 903 praesentia,

305 912 554 952 Timarchidi
587 915 683 966 quid
716 915 971 968 responderet,
1007 913 1159 960 habuit,
1194 915 1277 960 nifi,
1311 915 1347 953 se
1367 915 1709 960 confideraturum,

305 979 401 1030 quid
420 979 489 1017 fibi
510 980 556 1017 de
575 994 617 1018 ea
637 994 675 1018 re
695 981 783 1019 effet
802 981 1024 1019 faciendum
1043 996 1052 1020 z
1085 990 1122 1019 et
1142 981 1255 1019 fimul
1275 981 1453 1027 ostendit,
1487 982 1522 1020 se
1541 982 1581 1020 in
1603 981 1709 1019 sum-

306 1057 372 1083 ma
390 1045 617 1084 difficultate
636 1045 707 1083 effe
727 1047 959 1085 nummaria.
1002 1047 1090 1086 Post
1110 1046 1156 1085 ad
1176 1048 1322 1085 amicos
1340 1047 1497 1086 retulit:
1530 1047 1598 1100 qui
1618 1060 1711 1085 cum

306 1111 342 1149 ei
372 1111 526 1150 fuifl‘ent
559 1113 728 1150 auctores
759 1113 993 1151 redimendae
1023 1113 1167 1158 salutis,
1204 1113 1250 1151 ad
1271 1112 1569 1152 Timarchidem
1588 1114 1707 1152 venit.

304 1178 499 1231 Expositis
520 1179 594 1216 suis
614 1178 923 1224 difficultatibus,
956 1178 1160 1218 hominem
1180 1180 1226 1217 ad
1246 1181 1338 1219 H-S
1362 1194 1481 1219 Lxxx
1502 1180 1680 1234 perducit
1695 1199 1708 1225 5

305 1259 467 1298 eamque
487 1246 522 1283 ei
541 1246 748 1298 pecuniam
768 1254 958 1284 numerat.

361 1312 515 1350 XXIX.
548 1311 798 1364 Posteaquam
824 1312 870 1350 ad
903 1311 1052 1350 causam
1083 1312 1288 1350 dicendam
1320 1322 1481 1351 ventum
1515 1312 1566 1350 est
1581 1331 1593 1358 ;
1626 1322 1713 1350 tum

258 1413 262 1416 ,
306 1391 396 1416 vero
414 1378 490 1416 fine
506 1387 629 1422 metu,
645 1377 721 1415 fine
741 1391 832 1416 cura
850 1392 984 1416 omnes
1001 1388 1120 1423 erant,
1135 1379 1203 1431 qui
1218 1379 1422 1432 Sopatrum
1442 1378 1710 1417 defendebant.

309 1445 469 1483 Crimen
501 1444 657 1483 nullum
690 1454 768 1483 erat
784 1463 795 1490 5
828 1459 883 1483 res
898 1446 1070 1498 judicata
1088 1460 1096 1484 :
1135 1446 1265 1483 Verres
1297 1460 1480 1485 nummos
1502 1455 1710 1499 acceperat.

308 1512 408 1563 Qis
430 1511 548 1565 poffet
568 1510 757 1556 dubitare,
789 1511 976 1563 quidnam
996 1511 1084 1549 effet
1104 1510 1312 1550 futurum?
1344 1513 1422 1550 Res
1452 1512 1522 1551 illo
1553 1513 1614 1550 die
1635 1526 1713 1550 non

307 1589 526 1630 peroratur:
560 1578 774 1616 dimittitur
787 1579 997 1630 judicium.
1030 1579 1177 1616 Iterum
1197 1578 1243 1616 ad
1263 1579 1466 1631 Sopatrum
1484 1578 1712 1617 Timarchi-

307 1645 374 1681 des
395 1645 512 1682 venit.
536 1644 619 1688 Ait,
641 1643 872 1681 accusatores
893 1644 973 1694 ejus
990 1644 1117 1681 multo
1135 1644 1318 1695 majorem
1336 1645 1540 1697 pecuniam
1556 1645 1714 1683 Praetori

308 1709 499 1762 polliceri,
514 1722 633 1760 quam
653 1717 837 1760 quantam
857 1707 922 1745 hic
944 1707 1123 1746 dedisset:
1145 1709 1319 1760 proinde,
1335 1710 1360 1747 fi
1381 1709 1537 1762 saperet,
1553 1710 1711 1756 videret,

305 1775 406 1827 quid
426 1775 495 1813 fibi
516 1773 604 1813 effet
623 1772 859 1812 faciendum.
905 1774 1057 1818 Homo,
1079 1787 1301 1826 quanquam
1322 1783 1400 1813 erat
1419 1783 1457 1813 et
1477 1775 1643 1821 Siculus,
1675 1785 1715 1814 et

310 1854 409 1886 reus,
431 1840 506 1879 hoc
527 1840 592 1885 est,
616 1849 653 1878 et
666 1841 754 1892 jure
774 1841 924 1892 iniquo,
945 1849 983 1877 et
1003 1849 1175 1892 tempore
1193 1840 1356 1885 adversO,
1373 1840 1472 1878 ferre
1492 1850 1634 1887 tamen,
1653 1851 1713 1880 at-

310 1921 386 1962 que
406 1907 535 1946 audire
555 1907 698 1945 diutius
713 1906 1008 1945 Timarchidem
1030 1920 1107 1944 non
1128 1907 1269 1959 potuit.
1294 1908 1439 1952 Facite,
1453 1908 1595 1960 inquit,
1610 1908 1715 1961 quod

309 1975 419 2014 vobis
438 1975 549 2019 libet,
572 1974 726 2012 daturus
743 1987 821 2012 non
842 1974 927 2012 sum
947 1973 1128 2026 amplius.
1161 1973 1348 2026 Idemque
1367 1973 1442 2013 hoc
1462 1976 1596 2014 amicis
1617 1977 1714 2028 ejus,

311 2049 349 2078 et
369 2039 631 2078 defensoribus
651 2040 877 2085 videbatui-5
901 2048 1016 2092 atque
1031 2053 1076 2077 eo
1096 2040 1212 2078 etiam
1233 2041 1370 2093 magis,
1392 2041 1497 2093 quod
1515 2042 1596 2087 iste,
1614 2056 1715 2095 quo-

312 2119 392 2158 quo
413 2106 530 2144 modo
549 2105 584 2142 se
605 2106 643 2142 in
660 2118 702 2142 ea
717 2105 922 2157 quaestione
942 2105 1148 2158 praebebat,
1163 2114 1291 2144 tamen
1312 2107 1352 2144 in
1373 2107 1530 2145 consilio
1551 2107 1717 2146 habebat

311 2170 490 2210 homines
511 2170 687 2208 honestos
719 2185 739 2208 e
767 2180 959 2209 conventu
982 2172 1225 2223 Syracusano,
1259 2173 1326 2224 qui
1348 2174 1539 2212 Sacerdoti
1561 2187 1716 2226 quoque

311 2237 351 2275 in
373 2237 530 2276 confilio
551 2236 700 2275 fuerant
721 2247 821 2282 tum,
853 2250 945 2275 cum
976 2236 1064 2276 effet
1083 2237 1187 2276 idem
1221 2237 1287 2276 hic
1318 2241 1473 2292 Sopater
1503 2240 1713 2277 absolutus.

313 2306 405 2344 Hoc
426 2306 581 2344 rationis
613 2304 819 2350 habebant,
851 2304 974 2343 facere
999 2319 1061 2343 eos
1083 2306 1192 2344 nullo
1220 2307 1337 2345 modo
1358 2306 1472 2359 poffe,
1508 2316 1549 2343 ut
1579 2306 1716 2343 eodem

313 2372 489 2416 crimine,
507 2371 641 2409 iisdem
663 2371 836 2417 testibus,
851 2372 1056 2424 Sopatrum
1073 2373 1371 2410 condemnarent
1387 2372 1503 2408 iidem
1520 2370 1715 2416 homines,

314 2430 383 2488 qui
403 2446 509 2475 antea
529 2437 781 2477 absolvifi'ent.

370 2504 505 2554 Itaque
538 2503 609 2541 hac
645 2519 719 2544 una
749 2505 812 2560 spe
841 2506 886 2546 ad
912 2506 1109 2559 judicium
1140 2504 1301 2543 venitur.
1349 2504 1442 2555 Qo
1473 2504 1717 2559 posteaquam

398 2569 470 2607 To
487 2582 537 2609 M.
570 2571 642 2610 IV.
1349 2571 1379 2609 F
1400 2570 1423 2609 f
