2201 2792
394 170 442 208 86
911 168 1266 207 ORATIO

390 267 554 310 laeditur,
583 266 646 303 cui
667 264 701 302 se
722 264 985 303 commiserit?
1020 265 1147 316 Atqui
1167 278 1209 302 ea
1228 264 1314 301 sunt
1333 261 1665 301 animadvertenda
1695 276 1786 315 pec-

390 342 473 370 cata
493 332 675 374 maxime,
697 344 781 383 quae
801 330 1033 368 difficillime
1054 338 1324 382 praecaventur.
1356 329 1470 367 Tecti
1490 329 1560 367 effe
1579 328 1625 366 ad
1645 328 1786 366 alienos

393 397 614 449 possumus:
646 397 779 434 intimi
799 396 923 433 multa
952 396 1138 448 apertiora
1158 395 1323 439 videant,
1354 394 1498 432 neceffe
1531 394 1608 432 est:
1641 393 1789 431 socium

392 477 481 501 vero
501 476 631 500 cavere
660 461 729 513 qui
748 461 971 513 possumus?
1004 474 1123 512 quem
1152 461 1267 498 etiam
1289 461 1315 498 fi
1337 461 1562 504 metuimus,
1583 461 1648 510 jus
1669 459 1790 496 officii

393 529 582 567 kedimus.
627 529 744 565 Recte
774 528 893 579 igitur
925 527 1082 578 majores
1105 540 1209 571 eum,
1246 526 1314 578 qui
1344 526 1491 563 socium
1512 524 1716 570 fefellisset,
1749 524 1789 561 in

393 594 564 631 virorum
587 594 777 630 bonorum
798 606 960 629 numero
980 606 1057 629 non
1078 601 1261 644 putarunt
1281 590 1414 628 haberi
1435 600 1621 642 oportere.

449 662 504 697 Λῖ
524 672 611 696 vero
632 660 683 695 T.
709 657 870 695 Roscius
891 671 968 695 non
990 671 1112 694 unum
1135 659 1187 694 rei
1207 657 1434 709 pecuniariae
1455 657 1600 694 socium
1634 653 1788 697 fefellit,

396 724 533 776 (quod,
566 723 710 761 tametfi
744 736 855 774 grave
886 723 951 766 est,
984 732 1112 760 tamen
1132 723 1261 774 aliquo
1288 723 1404 760 modo
1436 721 1535 774 poss'e
1566 720 1657 758 ferri
1682 720 1789 757 vide-

394 792 474 840 tur)
506 803 639 827 verum
675 802 814 826 novem
847 788 1026 826 homines
1060 788 1366 833 honestiffimoe,
1408 787 1577 840 ejusdem
1605 787 1789 829 muneris,

394 856 609 907 legationis,
654 854 787 897 officii,
834 854 1180 905 mandatorumque
1209 853 1327 892 socios
1342 883 1352 898 ‚
1396 853 1550 891 induxit
1566 881 1577 897 ,
1620 852 1789 903 decepit,

393 921 578 964 destituit,
610 918 821 956 adversariis
855 919 1024 963 tradidit,
1055 920 1163 956 omni
1198 918 1330 956 fraude
1360 928 1397 956 et
1431 918 1588 970 perfidia
1620 915 1788 954 fefellit:

394 987 463 1037 qui
484 986 529 1022 de
549 987 628 1037 ejus
650 984 784 1022 scelere
804 984 981 1036 suspicari
1013 983 1112 1021 nihil
1133 992 1356 1035 potuerunt,
1387 983 1534 1020 socium
1554 981 1674 1019 officii
1706 994 1790 1018 me—

394 1061 500 1088 tuere
521 1064 598 1088 non
619 1050 861 1093 debuerunt,
893 1050 972 1099 ejus
994 1049 1185 1085 malitiam
1205 1061 1283 1085 non
1310 1047 1510 1092 viderunt‚·
1542 1046 1706 1084 orationi
1726 1059 1791 1083 va-

394 1131 451 1154 nae
469 1116 726 1154 crediderunt.
774 1115 908 1166 Itaque
930 1127 1032 1152 nunc
1058 1113 1116 1151 illi
1146 1112 1323 1151 homines
1354 1112 1605 1151 honestissimi
1638 1121 1794 1164 propter

394 1182 500 1220 istius
521 1181 670 1218 infidias
691 1193 828 1232 parum
849 1189 1032 1232 putantur
1061 1179 1164 1216 cauti
1195 1178 1423 1230 providique
1442 1177 1564 1215 fuifi‘e.
1615 1177 1700 1221 Iste,
1725 1176 1793 1228 qui

395 1248 507 1285 initio
539 1247 709 1299 proditor
742 1244 832 1288 fuit,
864 1245 1000 1282 deinde
1021 1244 1206 1296 perfuga:
1240 1244 1307 1295 qui
1328 1245 1455 1296 primo
1482 1244 1674 1281 sociorum
1695 1256 1792 1280 con-

394 1313 473 1350 filia
492 1311 707 1349 adversariis
738 1311 964 1355 enuntiavit,
1000 1309 1136 1347 deinde
1156 1310 1376 1347 societatem
1397 1323 1489 1347 cum
1510 1309 1597 1362 ipfis
1623 1308 1792 1346 adversa-

395 1379 460 1416 riis
481 1379 597 1422 coiit3
630 1385 744 1414 terret
763 1376 879 1413 etiam
900 1388 983 1420 nos,
1015 1388 1057 1412 ac
1077 1375 1260 1420 minatur,
1297 1375 1417 1413 tribus
1438 1375 1602 1427 praediis,
1632 1373 1708 1411 hoe
1727 1373 1793 1418 est,

396 1444 563 1496 praemiis
585 1442 747 1485 sceleris,
780 1450 949 1479 ornatus.
996 1441 1042 1478 In
1063 1440 1251 1492 ejusmodi
1272 1441 1362 1485 vita,
1392 1440 1564 1492 Judices,
1593 1440 1633 1477 in
1654 1438 1714 1477 his
1737 1447 1796 1478 tot

396 1509 585 1560 tantisque
620 1508 788 1559 flagitiis,
832 1505 906 1544 hoc
946 1514 1105 1559 quoque'
1135 1506 1387 1551 maleficium,
1429 1506 1475 1543 de
1506 1519 1583 1557 quo
1597 1505 1795 1557 judicium

396 1575 462 1620 est,
494 1574 700 1627 reperietis,
752 1574 911 1611 Etenim
938 1586 1104 1625 quaerere
1137 1573 1190 1610 ita
1217 1572 1387 1611 debetis:
1421 1573 1489 1611 ubi
1521 1572 1645 1610 multa
1674 1584 1794 1615 avare,

396 1640 519 1678 multa
549 1640 735 1682 audacter,
767 1639 891 1676 multa
925 1638 1117 1690 improbe,
1150 1638 1274 1676 multa
1303 1637 1500 1690 perfidiose
1520 1637 1617 1675 facta
1642 1636 1795 1682 videtis,

396 1706 452 1743 ibi
473 1705 592 1742 scelus
614 1717 769 1756 quoque
789 1703 902 1740 latere
924 1704 1022 1740 inter
1051 1703 1119 1740 illa
1149 1710 1206 1741 tot
1237 1702 1379 1756 flagitia
1403 1712 1591 1756 putatote.
1624 1702 1797 1740 Tametsi

397 1770 472 1809 hoc
493 1770 652 1822 quidem
673 1769 837 1808 minime
853 1769 957 1814 latet,
973 1768 1079 1821 quod
1099 1769 1151 1807 ita
1170 1778 1399 1822 promptum
1419 1778 1457 1807 et
1475 1768 1713 1822 propositum
1729 1768 1795 1813 est,

399 1846 441 1875 ut
462 1850 539 1874 non
558 1835 605 1873 ex
625 1835 702 1873 illis
726 1834 938 1878 maleficiis,
966 1848 1051 1885 quae
1071 1835 1112 1872 in
1132 1834 1201 1872 illo
1220 1834 1366 1872 constat
1386 1833 1468 1878 esse,
1496 1834 1571 1880 1100
1601 1833 1796 1885 intelliga-

399 1911 487 1945 tur;
521 1914 652 1938 verum
686 1913 732 1937 ex
753 1898 827 1936 hoc
861 1899 992 1942 etiam,
1027 1898 1054 1935 fi
1086 1900 1191 1950 quod
1222 1899 1380 1936 illorum
1410 1898 1510 1936 forte
1540 1898 1795 1943 dubitabitur,

397 1966 660 2004 convincatur.
712 1964 820 2015 Qid
853 1963 1021 2007 tandem,
1052 1963 1191 2015 quaeso,
1223 1963 1411 2014 Judices?
1443 1978 1538 2002 num
1558 1973 1622 2001 aut
1642 1963 1708 2001 ille
1739 1964 1796 2002 la-

400 2032 493 2070 nista
512 2031 674 2068 omnino
702 2030 785 2081 jam
806 2043 826 2066 a
845 2029 981 2081 gladiis
1003 2029 1181 2067 recesfiffe
1200 2029 1372 2074 videtur;
1404 2038 1468 2068 aut
1499 2030 1565 2068 iste
1586 2029 1797 2082 discipulus

400 2096 578 2149 magistro
599 2095 792 2132 tantulum
827 2095 873 2132 de
907 2103 984 2132 arte
1018 2094 1253 2132 concedere?
1286 2096 1357 2133 Par
1390 2095 1441 2133 est
1462 2096 1628 2140 avaritia,
1665 2096 1798 2133 similis

401 2163 639 2214 improbitas,
661 2161 791 2198 eadem
814 2161 1066 2213 impudentia,
1087 2162 1242 2212 gemina
1262 2162 1428 2200 audacia.

456 2229 564 2266 XLI.
598 2227 771 2270 Etenim,
805 2227 987 2278 quoniam
1010 2226 1128 2264 fidem
1149 2228 1318 2279 magistri
1349 2228 1555 2279 cognostiS‚
1578 2227 1798 2278 cognoscite

400 2308 502 2332 nunc
523 2294 700 2346 discipuli
722 2294 955 2344 nequitatem.
994 2293 1089 2330 Dixi
1106 2294 1188 2343 jam
1209 2303 1329 2338 antea,
1351 2292 1609 2346 saepenumero
1629 2292 1798 2344 postula-

403 2372 458 2399 tos
479 2361 549 2398 effe
569 2360 614 2397 ab
637 2360 713 2397 istis
731 2360 825 2397 duos
848 2359 966 2396 servos
988 2359 1026 2396 in
1044 2358 1307 2410 quaestionem.
1331 2361 1397 2396 Tu
1418 2359 1577 2410 semper,
1598 2359 1650 2396 T,
1667 2358 1797 2402 Rosci,

401 2426 586 2465 recusasti.
620 2427 760 2475 Qaero
781 2426 845 2462 abs
868 2435 919 2469 te,
942 2425 1032 2468 iine,
1055 2424 1122 2476 qui
1142 2423 1396 2476 postulabant,
1419 2424 1567 2476 indigni
1588 2433 1706 2467 erant,
1731 2427 1798 2475 qui

398 2491 679 2543 impetrarent?
712 2505 764 2531 an
780 2491 844 2529 iste
867 2504 942 2530 non
964 2489 1249 2535 commovebat,
1271 2504 1340 2544 pro
1360 2504 1437 2542 quo
1458 2489 1697 2542 postulabant
1718 2491 1729 2526 ?
1752 2504 1799 2528 an
