2201 2792
612 191 960 232 ACTIONIS
1002 191 1056 229 ΙΙ.
1129 190 1339 228 LIBER
1381 192 1413 229 Ι.
1648 193 1720 244 169

313 303 446 347 potes:
478 300 592 342 atque
623 289 776 327 utinam
808 288 945 341 neges!
979 290 1117 327 Unum
1139 288 1295 326 ostende
1314 289 1354 326 in
1376 288 1515 326 tabulis
1537 298 1601 326 aut
1629 290 1720 334 tuis,

313 370 378 398 aut
397 357 514 410 patris
536 356 609 401 tui,
640 364 822 408 emptum
843 354 940 399 effe;
972 355 1109 393 vicisti.
1147 354 1212 392 Ne
1234 354 1316 393 haec
1337 355 1497 407 quidem
1519 355 1596 392 duo
1623 356 1725 407 signa

311 423 589 478 pulcherrima,
611 437 697 476 quae
717 436 822 460 nunc
843 422 889 460 ad
923 422 1162 475 impluvium
1184 431 1298 460 tuum
1327 422 1439 466 stant,
1462 435 1547 473 quae
1579 422 1724 460 multos

312 504 431 529 annos
453 491 499 528 ad
520 490 646 528 valvas
666 490 833 541 Junonis
865 489 1000 526 Samiae
1020 489 1219 533 steterunt,
1252 487 1369 526 habes
1391 487 1592 540 quomodo
1619 501 1725 525 eme-

312 558 391 603 τῖες
423 556 521 603 haec,
553 558 729 610 inquam,
752 556 843 601 duo,
877 569 962 608 quae
982 556 1022 594 in
1043 556 1189 594 aedibus
1211 556 1287 593 tuis
1308 555 1384 593 sola
1404 557 1488 607 jam
1509 554 1610 600 sunt,
1643 567 1727 607 qua:

312 625 496 663 sedtorem
516 625 733 678 expectant,
754 623 882 661 relicta
903 636 944 660 ac
964 622 1142 661 destituta
1162 636 1182 660 a
1202 623 1345 660 caeteris
1367 622 1496 675 fignis.

369 692 522 730 XXIV.
555 692 624 736 At,
655 690 785 735 credo,
816 691 858 728 in
888 688 992 728 hisce
1013 689 1101 728 solis
1128 689 1241 728 rebus
1268 689 1476 728 indomitas
1498 688 1727 741 cupiditates

313 766 430 810 atque
459 757 667 795 effraenatas
701 755 892 796 habebat:
924 765 1066 795 caeterae
1095 755 1277 794 libidines
1299 756 1378 808 ejus
1410 756 1556 794 ratione
1586 756 1728 807 aliqua,

315 833 381 863 aut
401 824 519 863 modo
539 823 854 862 continebantur.
901 823 1034 874 Qam
1065 822 1201 861 multis
1234 822 1351 860 istum
1384 822 1578 875 ingenui5‚
1610 835 1729 874 quam

315 891 453 931 multis
485 890 674 929 matribus
706 889 891 936 familias,
922 890 964 928 in
994 889 1060 928 illa
1090 898 1187 927 tetra
1207 898 1322 942 atque
1351 889 1504 944 impura
1539 889 1730 941 legatione

314 959 398 997 vim
418 958 581 996 attuliffe
600 957 825 996 existimatis
844 958 858 995 ?
880 971 1006 1010 ecquo
1026 957 1067 995 in
1083 956 1228 1010 oppido
1248 957 1387 1010 pedem
1403 956 1544 1009 posuit,
1562 956 1632 994 ubi
1652 970 1731 994 non

314 1024 427 1076 plura
448 1024 667 1076 stuprorum
683 1022 999 1075 flagitiorumque
1018 1023 1189 1067 suorum,
1212 1036 1331 1075 quam
1351 1022 1534 1061 adventus
1556 1023 1626 1068 sui,
1648 1023 1731 1061 ves-

315 1091 411 1144 tigia
430 1090 629 1143 reliquerit
647 1090 660 1126 ?
694 1089 766 1127 Sed
795 1103 868 1142 ego
887 1089 1034 1134 omnia,
1063 1103 1148 1142 quae
1169 1090 1298 1141 negari
1318 1098 1543 1142 potuerunt,
1574 1098 1730 1142 praeter-

315 1158 474 1196 mittam
486 1175 499 1202 3
522 1157 639 1194 etiam
661 1153 757 1199 haec,
773 1169 859 1207 quae
878 1154 1085 1193 certiffima
1099 1155 1187 1193 sunt
1206 1164 1245 1193 et
1260 1155 1476 1200 clarissima,
1490 1155 1729 1208 relinquam:

317 1236 443 1262 unum
463 1221 622 1275 aliquod
643 1220 690 1258 de
711 1219 865 1259 nefariis
885 1220 991 1258 istius
1012 1219 1121 1257 factis
1143 1220 1299 1272 eligam,
1332 1235 1412 1273 quo
1432 1220 1585 1259 facilius
1606 1222 1652 1258 ad
1672 1222 1732 1260 Si-

316 1289 449 1328 ciliam
467 1288 606 1342 poffim
627 1286 849 1340 aliquando,
882 1299 967 1340 quae
987 1284 1089 1325 mihi
1108 1284 1186 1324 hoc
1207 1285 1332 1325 oneris
1354 1287 1580 1340 negotiique
1600 1287 1731 1340 impo-

317 1355 407 1402 suit,
438 1356 649 1410 pervenire.

375 1423 585 1476 Oppidum
614 1421 667 1460 est
687 1422 728 1460 ln
749 1422 1007 1476 Hellesponto
1027 1422 1302 1477 Lampsacum,
1333 1422 1507 1475 Judices,
1529 1422 1571 1460 in
1598 1422 1734 1475 primis

320 1489 418 1528 Afiae
437 1489 645 1543 provinciae
665 1489 814 1528 clarum
846 1499 885 1528 et
904 1490 1060 1528 nobile:
1092 1489 1272 1529 homines
1305 1499 1435 1528 autem
1458 1489 1526 1543 ipsi
1548 1489 1735 1542 Lampsa-

320 1557 406 1595 ceni
438 1566 524 1595 tum
555 1556 709 1596 summe
739 1558 781 1595 in
802 1571 938 1596 omnes
969 1558 1070 1596 cives
1103 1558 1302 1596 Romanos
1324 1557 1499 1602 officiofi,
1530 1565 1616 1594 tum
1636 1570 1735 1609 prae-

321 1632 422 1661 terea
440 1624 612 1662 maxime
632 1623 748 1661 sedati
769 1633 807 1661 et
828 1624 966 1675 quieti,
988 1637 1109 1676 prope
1129 1634 1264 1677 praeter
1283 1632 1438 1662 caeteros
1459 1623 1506 1661 ad
1535 1622 1738 1660 summum

322 1688 553 1726 Graecorum
584 1689 711 1726 otium
742 1689 872 1740 potius
891 1717 901 1732 ‚
933 1702 1052 1740 quam
1082 1689 1129 1726 ad
1153 1689 1276 1727 ullam
1306 1690 1389 1727 vim
1419 1698 1484 1726 aut
1517 1688 1736 1726 tumultum

322 1754 621 1794 accommodati.
654 1754 828 1799 Accidit,
860 1768 953 1792 cum
985 1754 1052 1792 iste
1081 1767 1102 1791 a
1134 1756 1210 1793 Cn.
1249 1754 1453 1792 Dolabella
1484 1752 1736 1806 efflagitasset,

322 1830 367 1860 ut
406 1822 442 1859 se
480 1822 528 1860 ad
567 1834 698 1874 regem
738 1822 1002 1860 Nicomedem
1023 1851 1034 1867 ,
1077 1835 1287 1874 regemque
1321 1821 1495 1860 Sadalam
1530 1821 1736 1866 mitteret,

322 1902 494 1941 cumque
519 1888 593 1927 iter
622 1887 699 1927 hoc
726 1888 795 1926 fibi
826 1888 949 1941 magis
983 1888 1031 1926 ad
1064 1888 1253 1940 quaestum
1288 1887 1414 1933 suum,
1446 1901 1564 1940 quam
1594 1887 1641 1925 ad
1661 1887 1737 1925 rei-

321 1954 490 2008 publicae
522 1964 676 2008 tempus
710 1954 1055 1993 accommodatum
1087 1953 1389 2007 depoposciffet;
1427 1963 1471 1992 ut
1502 1954 1572 1992 illo
1602 1954 1739 1992 itinere

323 2021 471 2060 veniret
502 2021 776 2075 Lampsacum,
814 2035 907 2060 cum
943 2034 1083 2074 magna
1120 2020 1351 2066 calamitate,
1382 2029 1420 2058 et
1451 2034 1572 2074 prope
1605 2020 1737 2074 perni-

323 2086 384 2125 cie
413 2087 593 2127 civitatis.
626 2089 846 2127 Deducitur
877 2088 945 2126 iste
975 2088 1021 2126 ad
1042 2087 1259 2138 Janitorem
1291 2087 1485 2140 quendam
1515 2086 1736 2140 hospitem3

324 2153 566 2206 comitesque
595 2155 677 2206 ejus
707 2154 803 2192 item
835 2154 937 2207 apud
971 2162 1125 2193 caeteros
1160 2152 1328 2207 hospites
1365 2154 1620 2193 collocantur.
1681 2154 1739 2190 Ut

326 2232 412 2257 mos
447 2229 526 2258 erat
555 2219 678 2266 istius,
714 2229 830 2272 atque
862 2229 905 2258 ut
936 2233 1028 2258 eum
1062 2220 1136 2259 suae
1169 2220 1351 2259 libidines
1386 2220 1580 2274 flagitiosae
1613 2218 1737 2256 facere

325 2286 621 2332 admonuerant,
653 2287 780 2325 statim
801 2287 1005 2340 negotium
1035 2287 1098 2326 dat
1119 2287 1196 2325 illis
1228 2287 1302 2327 suis
1324 2288 1548 2331 comitibus,
1580 2284 1736 2336 nequis-

326 2353 431 2391 fimis
452 2353 755 2407 turpissimisque
776 2352 1019 2400 hominibus,
1051 2355 1108 2392 uti
1138 2354 1291 2392 videant
1322 2364 1360 2392 et
1391 2353 1633 2403 investigent,
1669 2364 1736 2388 ec-

326 2432 403 2470 qua
425 2420 534 2473 virgo
554 2421 613 2466 fit,
645 2430 709 2459 aut
730 2421 870 2460 mulier
890 2421 1019 2475 digna,
1051 2421 1307 2474 quamobrem
1338 2419 1405 2457 istc
1426 2416 1630 2470 Lampsaci
1647 2416 1736 2455 diu-

324 2493 400 2522 tius
419 2497 736 2527 commoraretur.

415 2552 544 2591 ToM.
569 2554 639 2592 IV.
1398 2551 1432 2589 Y
