2201 2792
583 156 930 197 ACTIONIS
961 155 1014 193 ΙΙ.
1074 154 1386 193 LIBERIV.
1599 155 1670 208 381

282 264 352 302 Dii
373 261 610 302 immortales
641 259 704 298 sua
724 265 902 312 repetunt
921 256 962 294 in
982 269 1027 294 eo
1052 255 1217 308 judicio,
1249 254 1355 306 quod
1375 252 1602 291 hominibus
1633 254 1678 292 ad

283 330 364 369 suas
386 343 441 368 res
461 327 683 381 repetendas
718 325 771 363 est
790 324 1044 363 constitutum
1063 324 1075 360 ?
1118 322 1316 361 Miramur
1336 319 1502 358 Athenis
1524 321 1680 358 Miner-

282 409 384 441 vam,
417 395 511 433 Deli
529 393 770 446 Apollinem,
792 391 990 442 Junonem
1013 389 1129 434 Sami,
1165 389 1295 441 Pergae
1315 388 1497 431 Dianam,
1534 386 1680 424 multos

282 472 461 516 praeterea
480 462 526 500 ab
548 461 617 499 isto
650 461 756 499 Deos
777 468 857 496 tota
876 458 976 503 Asia,
999 457 1228 508 Graeciaque
1262 455 1436 499 violatos,
1472 455 1541 506 qui
1561 467 1581 490 a
1601 455 1680 490 Ca-

282 530 422 583 pitolio
444 541 579 567 manus
599 527 784 565 abstinere
805 538 883 563 non
904 523 1101 577 potuerit?
1134 522 1253 574 Qod
1272 522 1410 574 privati
1431 520 1609 559 homines
1636 520 1684 557 de

224 624 233 629 κ
284 596 358 634 suis
379 595 553 649 pecuniis
574 603 724 638 ornant,
755 591 1003 642 ornaturique
1024 590 1123 634 sunt,
1155 588 1195 626 id
1217 590 1265 627 C.
1288 588 1424 626 Verres
1451 583 1497 625 ab
1527 587 1680 639 regibus

282 664 408 701 ornari
429 673 506 700 non
532 660 586 698 est
605 659 741 713 paffus.
803 659 937 709 Itaque
967 655 1043 694 hoc
1064 655 1209 694 nefario
1229 654 1364 693 scelere
1383 663 1586 707 concepto,
1618 653 1680 691 ni-

282 727 342 766 hil
361 728 487 781 postea
505 736 586 765 tota
615 726 656 764 in
678 724 808 763 Sicilia
827 737 953 776 neque
973 723 1079 767 sacri,
1109 736 1234 775 neque
1255 721 1418 774 religiofi
1450 720 1521 758 effe
1543 720 1679 758 duxit:

283 795 337 832 ita
356 794 429 832 sese
449 794 489 832 in
519 807 560 831 ea
595 792 792 845 provincia
821 804 888 843 per
908 790 1120 827 triennium
1141 788 1263 841 geffit,
1291 797 1335 825 ut
1365 788 1412 825 ab
1432 787 1501 825 isto
1522 800 1598 824 non
1621 786 1680 824 so-

284 861 370 899 lum
389 860 632 905 hominibus,
655 872 789 898 verum
807 858 924 896 etiam
946 857 1035 895 Diis
1055 856 1357 900 immortalibus,
1381 854 1528 892 bellum
1553 855 1680 891 indic-

284 937 371 966 tum
393 936 603 981 putaretur.

340 995 535 1033 XXXIII.
569 993 717 1046 Segesta
747 992 799 1030 est
832 990 1022 1044 oppidum
1054 999 1230 1043 pervetus
1265 989 1306 1027 in
1338 988 1482 1033 Sicilia,
1509 988 1681 1039 Judices,

284 1062 392 1114 quod
425 1061 472 1099 ab
493 1062 616 1099 AEnea
635 1058 809 1112 fugiente
837 1071 857 1095 a
878 1059 1011 1109 Troja,
1047 1066 1162 1109 atque
1190 1057 1229 1094 in
1264 1054 1346 1093 haec
1380 1055 1464 1093 loca
1494 1054 1682 1098 veniente,

287 1129 491 1166 conditum
512 1126 582 1165 effe
603 1125 876 1163 demonstrant.
908 1125 1044 1175 Itaque
1065 1122 1269 1176 Segestani,
1300 1135 1378 1160 non
1399 1121 1524 1159 solum
1546 1134 1683 1173 perpe-

288 1204 352 1233 tua
372 1194 548 1233 societate
567 1202 681 1244 atque
713 1191 897 1235 amicitia,
928 1204 1063 1228 verum
1097 1190 1213 1227 etiam
1246 1189 1488 1241 cognatione,
1525 1187 1559 1225 se
1590 1201 1685 1224 cum

285 1261 433 1314 populo
455 1261 635 1297 Romano
656 1258 881 1310 conjunctos
914 1256 984 1294 effe
1004 1256 1249 1294 arbitrantur.
1282 1256 1372 1293 Hoc
1393 1254 1589 1306 quondam
1611 1267 1682 1305 op-

287 1327 440 1380 pidum,
472 1324 564 1364 cum
595 1324 660 1362 illa
679 1324 811 1362 civitas
832 1336 924 1361 cum
947 1323 1077 1360 Poenis
1099 1321 1164 1359 suo
1185 1322 1357 1366 nomine,
1389 1334 1430 1358 ac
1462 1321 1524 1357 sua
1552 1319 1686 1372 sponte

287 1393 459 1437 bellaret,
491 1405 511 1429 a
531 1389 894 1442 Carthaginenfibus
916 1390 953 1426 vi
978 1397 1137 1441 captum
1157 1398 1271 1439 atque
1292 1387 1461 1425 deletum
1483 1386 1534 1423 est
1553 1404 1563 1430 ;
1595 1400 1684 1423 om-

287 1461 441 1512 niaque,
473 1472 558 1511 quae
579 1466 807 1495 ornamento
828 1456 915 1493 urbi
934 1454 1005 1492 effe
1036 1454 1196 1507 poffent,
1229 1453 1505 1506 Carthaginem
1525 1453 1612 1489 sunt
1638 1466 1685 1489 ex

289 1526 359 1565 illo
393 1527 480 1564 loco
514 1525 723 1577 deportata.
757 1522 850 1560 Fuit
885 1523 984 1573 apud
1017 1521 1233 1573 Segestanos
1255 1534 1302 1558 ex
1333 1534 1402 1558 aere
1437 1519 1684 1557 simulacrum

289 1593 439 1636 Dianae,
477 1589 569 1629 cum
603 1590 766 1632 summa,
809 1596 924 1639 atque
958 1587 1217 1639 antiquissima
1249 1588 1456 1639 praeditum
1488 1586 1684 1637 religione,

290 1668 376 1697 tum
410 1656 589 1709 fingulari
623 1668 750 1707 opere,
783 1653 1025 1705 artificioque
1058 1652 1286 1706 perfectum.
1338 1654 1430 1690 Hoc
1464 1652 1686 1689 transsatum

291 1724 583 1777 Carthaginem,
614 1722 746 1760 locum
767 1730 935 1764 tantum,
958 1720 1212 1772 hominesque
1233 1728 1425 1763 mutarat;
1458 1719 1686 1770 religionem

290 1791 452 1844 quidem
484 1789 683 1842 pristinam
717 1787 987 1826 conservabat:
1020 1800 1109 1824 nam
1130 1795 1286 1839 propter
1305 1786 1489 1823 eximiam
1510 1783 1685 1837 pulchri-

291 1857 483 1902 tudinem,
506 1857 622 1894 etiam
643 1854 816 1893 hostibus
838 1854 966 1906 digna,
989 1866 1106 1906 quam
1128 1852 1353 1891 sanctiffime
1372 1852 1557 1895 colerent,
1579 1850 1687 1888 vide-

292 1925 415 1962 batur.

353 1989 519 2041 Aliquot
539 1988 673 2026 seculis
696 1988 791 2040 post,
826 1987 870 2024 P.
894 1987 1023 2039 Scipio
1043 1986 1147 2024 bello
1168 1985 1318 2024 Punico
1345 1985 1460 2022 tertio
1480 1982 1687 2035 Carthagi-

292 2068 383 2092 nem
404 2055 530 2107 cepit:
555 2068 629 2106 qua
649 2054 689 2091 in
710 2053 867 2090 victoria
889 2053 1033 2103 (videte
1054 2051 1226 2089 hominis
1244 2052 1441 2095 virtutem,
1463 2059 1501 2088 et
1521 2050 1687 2101 diligen-

292 2120 402 2164 tiam,
435 2129 476 2157 ut
496 2129 533 2156 et
554 2118 770 2156 domesticis
793 2117 1078 2169 praeclariffimae
1099 2117 1250 2154 virtutis
1269 2117 1458 2169 exemplis
1479 2115 1686 2168 gaudeam,

292 2195 330 2223 et
350 2199 395 2224 eo
415 2186 557 2237 majore
577 2184 666 2222 odio
683 2184 841 2236 dignam
858 2182 962 2221 istius
983 2182 1253 2220 incredibilem
1271 2183 1470 2220 audaciam
1484 2181 1684 2233 judicetis)

293 2252 512 2290 convocatis
535 2251 672 2288 Siculis
693 2250 892 2294 omnibus,
924 2249 1029 2301 quod
1050 2248 1272 2294 diutiffime,
1295 2249 1567 2302 saepiffimeque
1588 2246 1687 2282 Sici—

296 2317 387 2354 liam
408 2326 582 2354 vexatam
603 2329 623 2353 a
643 2314 1005 2368 Carthaginenfibus
1025 2325 1221 2367 cognorat,
1239 2314 1352 2367 jubet
1372 2313 1502 2350 omnia
1523 2310 1688 2361 conqui-

296 2383 327 2420 ri
346 2397 355 2420 :
387 2383 604 2435 pollicetur,
627 2382 696 2420 fibi
717 2396 866 2435 magnae
886 2395 986 2420 curae
1005 2381 1101 2426 fore,
1133 2391 1175 2419 ut
1195 2381 1326 2418 omnia
1346 2378 1580 2420 civitatibus,
1603 2391 1687 2428 quae

296 2449 479 2500 cujusque
499 2448 667 2493 fuissent,
701 2449 998 2487 restituerentur.
1031 2449 1138 2485 Tum
1160 2447 1238 2490 illa,
1267 2460 1351 2497 quaa
1381 2444 1576 2496 quondam
1600 2443 1686 2480 fue-

297 2525 380 2553 rant
415 2515 578 2552 Himerfi
611 2514 767 2559 sublata,
804 2515 850 2552 de
871 2515 1012 2566 quibus
1034 2524 1141 2551 antea
1174 2513 1268 2557 dixi,
1301 2510 1568 2549 Thermitanis
1602 2509 1690 2547 sunt
