2201 2792
555 244 901 286 AcT10N1s
943 244 996 283 11.
1057 242 1353 283 LIBERII.
1582 258 1660 299 237

255 343 405 398 igitur?
441 343 567 382 civem
603 345 843 383 Romanum.
877 344 955 383 Cui
985 343 1061 382 1100
1082 343 1235 397 probari
1255 342 1405 396 potest?
1439 343 1542 381 Cum
1569 342 1661 381 esset

255 411 435 449 Sthenius
455 411 620 449 civitatis
652 411 724 449 suae
745 411 1017 456 nobiliffimus,
1040 410 1271 463 ampliffima
1289 410 1532 462 cognatione,
1569 409 1660 462 plu-

254 477 363 515 rimis
384 477 591 522 amicitiis;
625 492 717 516 cum
737 487 914 531 praeterea
934 478 1014 516 tota
1036 477 1165 516 Sicilia
1186 477 1359 515 multum
1381 477 1604 514 auctoritate
1623 487 1663 515 et.

252 545 373 596 gratia
392 544 526 597 posset,
548 545 718 582 invenire
737 545 937 583 neminem
959 544 1135 582 Siculum
1157 544 1299 596 potuit,
1332 544 1401 596 qui
1420 557 1489 596 pro
1511 543 1545 581 se
1564 557 1661 596 cog-

253 610 356 648 nitor
385 611 518 649 fieret?
550 609 625 648 hoc
657 611 867 664 probabis?
900 613 964 649 An
994 610 1071 663 ipse
1093 611 1219 648 civem
1241 610 1467 647 Romanum
1490 609 1627 648 maluit
1646 611 1659 647 ?

253 677 363 721 cedo,
386 677 448 714 cui
467 677 611 722 Siculo,
633 690 726 714 curn
743 677 773 715 is
794 691 878 714 reus
899 677 1020 721 fieret,
1042 677 1136 714 civis
1159 677 1359 714 Romanus
1381 677 1558 728 cognitor
1578 675 1660 714 fac-

252 750 314 779 tus
337 755 509 793 unquam
529 742 587 779 fit.
635 743 831 780 Omnium
852 743 1066 780 Praetorum
1097 742 1238 786 literas,
1271 742 1339 793 qui
1371 750 1457 780 ante
1488 741 1659 787 fuerunt,

251 807 393 860 profer,
411 809 574 861 explica.
602 808 640 846 Si
658 822 781 846 unum
803 809 1007 853 inveneris,
1030 822 1101 860 ego
1121 807 1197 845 hoc
1219 807 1305 851 tibi,
1324 807 1661 859 quemadmodum

252 874 293 911 in
314 874 453 912 tabulis
474 874 662 927 scriptum
683 873 816 920 habes,
838 875 891 913 ita
908 875 1059 927 gestum
1080 873 1150 912 effe
1171 874 1397 912 concedam.

306 941 376 984 At,
407 940 521 978 credo
535 969 545 985 ,
575 940 755 978 Sthenius
789 940 866 979 hoc
899 941 969 979 fibi
1003 941 1178 993 amplum
1213 939 1284 977 effe
1313 940 1482 992 putavit,
1519 940 1660 994 eligere

252 1019 273 1044 e
299 1007 446 1044 civium
478 1007 748 1045 Romanorum
784 1021 960 1052 numero,
992 1021 1039 1045 ex
1070 1007 1286 1045 amicorum
1318 1016 1433 1059 atque
1461 1006 1659 1060 hospitum

251 1072 408 1111 suorum
428 1073 551 1126 copia,
574 1086 691 1125 quem
711 1074 952 1126 cognitorem
974 1073 1088 1111 daret.
1134 1074 1265 1124 Qem
1298 1073 1472 1125 delegit?
1505 1075 1590 1125 quis
1618 1075 1660 1112 in

251 1139 391 1176 tabulis
412 1139 573 1191 scriptus
594 1139 674 1176 est?
699 1140 746 1177 C.
763 1139 963 1184 Claudius,
988 1140 1034 1177 C.
1051 1138 1168 1183 filius,
1191 1139 1375 1177 Palatina.
1399 1139 1493 1176 Non
1514 1153 1657 1191 quaero,

250 1204 338 1256 quis
365 1203 430 1242 1110
452 1205 496 1242 fit
517 1204 718 1249 Claudius,
749 1219 867 1256 quam
898 1204 1131 1257 splendidus,
1165 1218 1281 1256 quam
1314 1203 1508 1250 honestus,
1540 1220 1659 1257 quam

249 1270 423 1316 idoneus,
454 1280 608 1323 propter
642 1271 753 1322 cujus
785 1271 1049 1309 auetoritatem
1080 1279 1118 1308 et
1149 1271 1379 1322 dignitatem
1400 1270 1581 1309 Sthenius
1610 1272 1658 1310 ab

249 1337 430 1375 omnium
462 1337 682 1375 Siculorum
713 1337 990 1376 consuetudine
1023 1337 1243 1382 discederet,
1277 1346 1314 1374 et
1348 1338 1474 1376 civem
1507 1339 1657 1376 Roma-

250 1415 348 1441 num
369 1404 611 1455 cognitorem
628 1403 745 1441 daret.
769 1402 885 1441 Nihil
903 1402 1044 1441 horum
1062 1416 1204 1455 quaero.
1229 1402 1396 1440 Fortafl‘e
1416 1403 1522 1441 enim
1541 1403 1656 1442 Sthe-

248 1470 335 1508 nius
367 1483 445 1507 non
476 1469 718 1522 splendorem
748 1468 935 1514 hominis,
967 1469 1028 1507 sed
1054 1468 1372 1514 familiaritatem,
1408 1469 1558 1507 secutus
1587 1471 1655 1510 est.

249 1537 358 1589 Qid
377 1537 404 1574 s1
424 1536 604 1574 omnium
636 1536 861 1575 mortalium
883 1535 1043 1574 Sthenio
1064 1549 1180 1574 nemo
1200 1536 1411 1581 inimicior,
1445 1551 1562 1588 quam
1588 1537 1655 1576 hic

249 1603 297 1639 C.
321 1602 523 1646 Claudius,
555 1612 641 1640 tum
662 1602 822 1655 semper,
856 1611 941 1640 tum
961 1603 999 1639 in
1021 1601 1081 1639 his
1103 1602 1189 1653 ipfis
1222 1602 1333 1639 rebus
1355 1612 1391 1639 et
1414 1604 1656 1655 temporibus

249 1667 353 1706 fuit?
385 1668 412 1705 fi
432 1669 478 1705 de
502 1668 619 1706 literis
641 1669 830 1720 corruptis
861 1678 993 1705 contra
1012 1669 1118 1705 venit
1137 1668 1149 1704 ?
1180 1667 1205 1704 fi
1226 1667 1360 1705 contra
1379 1669 1489 1706 omni
1510 1670 1655 1708 ratione

247 1734 436 1786 pugnavit
454 1734 467 1770 ?
499 1742 631 1770 utrum
652 1734 781 1786 potius
802 1747 872 1786 pro
894 1732 1054 1770 Sthenio
1085 1733 1292 1770 inimicum
1320 1734 1561 1785 cognitorem
1582 1735 1655 1772 effe

247 1798 408 1844 fa&um,
440 1812 487 1836 an
519 1808 556 1836 te
587 1799 627 1836 111
659 1798 809 1837 Sthenii
839 1799 1012 1852 periculo
1032 1799 1181 1836 inimici
1205 1800 1285 1852 ejus
1310 1799 1469 1836 nomine
1490 1800 1653 1839 abusum

247 1865 318 1904 effe
338 1865 538 1904 credemus
559 1866 572 1902 ?

301 1933 450 1970 XLIV.
483 1934 558 1976 Ac,
582 1945 629 1970 ne
650 1933 736 1985 quis
757 1932 856 1970 forte
879 1932 1045 1976 dubitet,
1076 1931 1294 1983 cujusmodi
1316 1940 1444 1969 totum
1466 1932 1510 1970 fit
1531 1946 1652 1985 nego-

247 1997 376 2042 tium;
408 1998 555 2035 tametsi
571 1999 806 2050 jamdudum
831 1998 1015 2036 omnibus
1044 1998 1150 2035 istius
1182 1998 1473 2050 improbitatem
1505 1999 1651 2052 perspi-

248 2077 362 2102 cuam
381 2063 450 2101 effe
466 2064 634 2109 confido,
649 2074 777 2103 tamen
792 2065 995 2117 paululum
1012 2065 1129 2102 etiam
1148 2065 1346 2103 attendite.
1369 2065 1519 2103 Videtis
1536 2066 1652 2104 illum

248 2128 444 2181 subcrispo
464 2129 619 2182 capillo,
642 2131 813 2182 nigrum,
836 2131 903 2182 qui
924 2144 968 2167 eo
990 2131 1099 2168 vultu
1123 2143 1191 2168 nos
1214 2132 1397 2175 intuetur,
1422 2141 1464 2169 ut
1485 2132 1553 2169 fibi
1574 2133 1652 2185 ipse

246 2206 450 2250 peracutus
471 2196 541 2233 esse
561 2197 762 2234 videatur?
786 2198 853 2248 qui
876 2196 1022 2234 tabulas
1044 2197 1175 2234 tenet?
1197 2198 1265 2249 qui
1287 2197 1417 2235 scribit
1437 2198 1449 2233 ?
1472 2199 1539 2249 qui
1562 2213 1650 2236 mo-

246 2263 340 2301 net?
363 2262 431 2314 qui
450 2262 652 2315 proximus
672 2262 751 2300 est?
774 2263 810 2300 Is
831 2262 884 2300 011
905 2264 951 2301 C.
977 2263 1177 2308 Claudius,
1200 2264 1267 2316 qui
1289 2264 1328 2301 in
1351 2264 1478 2300 Sicilia
1499 2264 1648 2314 seques-

247 2338 303 2366 ter
323 2328 443 2372 istius,
467 2329 663 2381 interpres,
685 2328 882 2373 confector
901 2330 1161 2381 negotiorum,
1184 2343 1300 2382 prope
1321 2329 1468 2379 collega
1488 2330 1647 2365 Timar-

247 2394 355 2432 chidi
388 2395 680 2434 numerabatur:
713 2409 817 2433 nunc
849 2396 999 2433 obtinet
1032 2410 1123 2434 eum
1144 2396 1291 2438 locum,
1326 2403 1367 2431 ut
1389 2395 1451 2430 vix
1472 2395 1648 2445 Apronio

248 2460 306 2497 illi
326 2460 372 2497 de
389 2459 645 2498 familiaritate
665 2462 871 2499 concedere
887 2462 1072 2506 videatur,
1087 2470 1123 2498 et
1141 2461 1206 2512 qui
1224 2461 1257 2497 se
1275 2473 1350 2496 11011
1365 2458 1645 2505 Timarchidis,

247 2525 309 2563 sed
330 2525 444 2576 ipfius
465 2526 594 2563 Verris
615 2527 819 2579 collegam,
843 2537 879 2564 et
901 2527 1048 2564 socium
1069 2525 1139 2563 esse
1160 2525 1323 2562 dicebat.

303 2590 490 2629 Dubitate
524 2592 655 2636 etiam,
701 2593 725 2630 fi
760 2592 929 2645 potestis,
974 2592 1069 2643 quin
1103 2605 1193 2629 eum
1231 2591 1296 2628 iste
1329 2590 1569 2643 potiffimum
1599 2603 1645 2627 ex
