2201 2792
581 186 927 227 ACTIONIS
969 187 1023 226 ΙΙ.
1095 188 1305 227 LIBER
1349 192 1381 230 Ι.
1613 197 1686 251 165

278 297 461 343 putatur;
484 294 665 338 tantaque
684 286 764 338 ejus
785 286 987 324 auctoritas
1010 285 1205 339 religionis
1226 296 1264 325 et
1284 287 1350 332 est,
1373 298 1410 326 et
1431 288 1577 343 semper
1596 292 1686 339 fuit,

279 365 322 394 ut
342 369 388 393 ne
409 352 527 392 Persae
547 352 722 405 quidem,
754 365 846 391 cum
867 352 1016 391 bellum
1039 354 1111 391 toti
1134 354 1307 399 Graeciae,
1334 355 1422 393 Diis
1439 354 1686 397 hominibus-

277 434 352 473 que
372 418 608 464 indixissent,
639 427 676 456 et
706 418 816 457 mille
836 433 1000 457 numero
1021 420 1178 458 navium
1207 420 1359 458 claffem
1381 421 1427 459 ad
1448 421 1597 461 Delum
1618 437 1686 477 ap-

274 485 469 540 puliffent,
492 485 707 538 quidquam
729 495 957 524 conarentur
977 495 1041 524 aut
1062 486 1216 532 violare,
1248 496 1313 525 aut
1342 489 1543 541 attingere.
1595 490 1687 529 Hoc

274 562 318 592 tu
342 552 480 591 fanum
511 551 750 605 depopulari,
782 551 905 590 homo
939 552 1232 606 improbiffime‚
1270 563 1384 606 atque
1415 555 1685 602 amentiffime,

273 619 467 658 audebas?
498 618 576 657 fuit
605 618 683 656 ulla
703 619 895 672 cupiditas
927 628 1045 664 tanta,
1077 633 1162 672 quae
1182 629 1329 659 tantam
1350 621 1592 673 extingueret
1625 637 1686 661 re-

274 685 490 738 ligionem?
521 695 572 731 et,
606 685 632 723 s1
655 694 740 723 tum
760 684 842 723 haec
874 699 952 723 non
987 685 1198 739 cogitabas,
1230 700 1277 724 ne
1304 699 1408 725 nunc
1443 688 1604 740 quidem
1625 703 1685 727 re-

274 752 455 797 cordaris,
487 752 644 790 nullum
668 750 740 790 effe
760 760 914 791 tanturn
934 753 1100 799 malum,
1126 753 1230 806 quod
1252 767 1328 792 non
1351 754 1423 792 tibi
1443 768 1513 808 pro
1533 755 1686 794 sceleri-

273 819 346 858 bus
367 820 444 858 tuis
459 819 612 872 jamdiu
633 819 843 858 debeatur?

327 886 443 925 XIX.
476 887 523 925 In
542 886 674 925 Aliam
693 900 783 926 vero
802 887 1006 940 postquam
1028 888 1147 932 venit,
1166 887 1260 940 quid
1282 901 1354 941 ego
1374 888 1558 928 adventus
1579 888 1686 928 istius

273 953 444 1006 prandia,
477 967 618 999 coenas,
651 968 786 1006 equos,
821 968 1062 1007 muneraque
1096 956 1438 994 commemorem?
1470 955 1570 994 nihil
1592 970 1686 994 cum

272 1020 393 1058 Verre
427 1020 474 1058 de
505 1020 742 1072 quotidianis
777 1021 1009 1059 criminibus
1043 1023 1194 1059 acturus
1227 1021 1326 1060 sum.
1371 1021 1475 1060 Chio
1507 1036 1574 1075 per
1603 1023 1686 1061 vim

272 1086 375 1139 figna
405 1084 667 1139 pulcherrima
697 1086 786 1124 dico
805 1086 1023 1132 abstuliffe,
1056 1088 1151 1125 item
1174 1087 1352 1138 Erythris
1379 1097 1417 1126 et
1438 1089 1684 1126 Halicarnas-

271 1153 323 1191 so.
371 1152 533 1190 Tenedo
566 1153 764 1204 (praetereo
784 1153 1006 1204 pecuniam,
1038 1166 1156 1204 quam
1176 1154 1333 1205 eripuit)
1367 1155 1519 1192 Tenem
1540 1154 1683 1207 ipsum,

270 1218 340 1270 qui
374 1216 476 1270 apud
497 1217 692 1254 Tenedios
713 1216 963 1254 sanctiffimus
986 1218 1094 1255 Deus
1114 1217 1293 1263 habetur,
1326 1219 1395 1271 qui
1416 1220 1553 1258 urbem
1575 1220 1685 1258 illam

271 1284 416 1322 dicitur
445 1282 670 1328 condidiffe,
704 1283 814 1335 cujus
846 1296 893 1321 ex
925 1283 1085 1322 nomine
1106 1284 1287 1322 Tenedus
1309 1285 1546 1330 nominatur,
1579 1284 1686 1323 hunc

269 1351 413 1404 ipsum,
435 1350 611 1403 inquam,
628 1351 798 1394 Tenem,
820 1348 1083 1403 pulcherrime
1102 1349 1265 1396 faetum,
1287 1364 1407 1403 quem
1426 1352 1623 1404 quondam
1644 1352 1686 1390 in

256 1416 434 1456 *comitio
453 1416 614 1461 vidistis,
635 1416 792 1455 abstulit
812 1430 954 1470 magno
974 1430 1067 1455 cum
1087 1417 1239 1470 gemitu
1260 1418 1442 1456 civitatis.

326 1484 399 1522 Illa
430 1495 518 1522 vero
549 1483 785 1536 expugnatio
813 1482 894 1521 fani
923 1483 1177 1536 antiquiffimi
1209 1493 1246 1522 et
1273 1483 1497 1522 nobiliffimi
1519 1485 1685 1536 Junonis

271 1551 420 1595 Samiae,
449 1563 567 1603 quam
602 1550 773 1588 luctuosa
806 1550 943 1588 Samiis
978 1550 1086 1589 fuit?
1130 1565 1248 1603 quam
1281 1551 1414 1589 acerba
1449 1552 1522 1590 toti
1552 1553 1682 1590 Afiae?

266 1630 386 1670 quam
420 1618 518 1654 clara
538 1617 639 1670 apud
672 1618 839 1655 omnes?
872 1631 990 1669 quam
1023 1619 1171 1656 nemini
1203 1618 1370 1656 vestrum
1404 1619 1605 1656 inaudita?
1637 1619 1685 1657 de

270 1695 347 1735 qua
380 1683 664 1734 expugnatione
698 1695 791 1720 cum
825 1682 942 1734 legati
973 1683 1019 1719 ad
1047 1684 1094 1720 C.
1117 1684 1318 1721 Neronem
1348 1684 1388 1720 in
1409 1684 1539 1721 Afiam
1570 1686 1685 1721 Samo

269 1745 466 1792 venissent,
499 1747 721 1800 responsum
756 1747 940 1792 tulerunt,
983 1748 1173 1800 ejusmodi
1208 1749 1482 1800 querimonias,
1520 1762 1605 1801 quae
1635 1749 1683 1787 ad

269 1814 441 1867 legatum
463 1813 601 1867 populi
622 1814 794 1854 Romani
815 1814 1064 1867 pertinerent,
1096 1827 1175 1852 non
1196 1814 1242 1852 ad
1264 1816 1490 1860 Praetorem,
1513 1815 1574 1853 sed
1595 1815 1681 1854 Ro-

268 1895 374 1920 mam
396 1880 532 1919 deferri
553 1890 740 1934 oportere.
789 1882 894 1933 Qas
927 1881 993 1919 iste
1026 1882 1172 1919 tabulas
1194 1881 1319 1926 illinc,
1353 1896 1438 1934 quae
1468 1884 1572 1935 figna
1602 1882 1681 1921 sus-

268 1948 388 1987 tulit?
421 1963 507 2001 quae
538 1949 704 2001 cognovi
735 1957 889 2002 egomet
920 1947 1022 2001 apud
1042 1947 1157 1986 istum
1190 1947 1230 1986 in
1250 1948 1395 1986 aedibus
1416 1962 1552 2002 nuper,
1588 1963 1683 1988 cum

269 2014 493 2067 obfignandi
514 2015 634 2068 gratia
653 2015 848 2054 venifl‘em.
894 2015 993 2067 Qae
1014 2015 1117 2068 figna
1138 2029 1256 2061 nunc,
1280 2015 1430 2061 Verres,
1462 2015 1530 2053 ubi
1562 2015 1648 2054 sunt
1667 2016 1681 2054 ?

270 2081 336 2118 illa
355 2095 498 2133 quaero,
531 2095 614 2133 quae
646 2082 747 2134 apud
774 2091 810 2120 te
845 2095 967 2134 nuper
1000 2082 1046 2119 ad
1080 2095 1215 2120 omnes
1247 2083 1464 2127 columnas,
1497 2083 1682 2121 omnibus

268 2147 387 2185 etiam
423 2147 750 2192 intercolumniis,
781 2148 820 2185 in
857 2148 945 2185 filva
979 2147 1146 2200 denique
1180 2148 1355 2201 disposita
1376 2149 1446 2186 sub
1481 2149 1545 2187 dio
1577 2149 1680 2187 vidi-

267 2227 371 2252 mus.
405 2215 486 2251 Cur
506 2227 560 2257 ea,
593 2214 780 2266 quamdiu
801 2213 921 2251 alium
944 2215 1152 2252 Praetorem
1173 2228 1266 2252 cum
1287 2215 1559 2267 iis-judicibus,
1583 2228 1680 2267 quos

267 2281 309 2319 in
329 2279 472 2318 horum
494 2281 626 2317 locum
647 2280 872 2318 subsortitus
893 2293 986 2326 eras,
1018 2281 1064 2319 de
1091 2291 1127 2319 te
1148 2281 1188 2319 in
1208 2282 1413 2320 confilium
1435 2283 1581 2320 iturum
1603 2295 1678 2333 pu-

269 2347 365 2391 tasti,
400 2347 548 2385 tamdiu
580 2347 687 2386 domi
722 2346 911 2385 fuerunt?
952 2348 1198 2400 posteaquam
1235 2349 1368 2387 nostris
1405 2348 1560 2385 testibus
1591 2359 1676 2391 non,

271 2426 387 2464 quam
420 2412 523 2452 horis
560 2415 651 2460 tuis,
684 2415 741 2453 uti
773 2415 890 2453 malle
920 2415 1060 2460 vidisti,
1094 2416 1249 2452 nullum
1273 2416 1423 2466 lignum
1446 2413 1552 2449 domi
1587 2413 1677 2450 reli-

271 2478 399 2529 quisti,
431 2489 565 2531 praetcr
586 2481 676 2525 duo,
709 2495 794 2533 quae
825 2482 865 2519 in
888 2482 1024 2519 mediis
1047 2481 1189 2519 aedibus
1211 2480 1325 2524 sunt;
1359 2492 1444 2530 quae
1464 2478 1542 2531 ipsa
1563 2479 1680 2518 Samo

272 2544 416 2582 sublata
447 2545 560 2584 sunt?
592 2547 685 2585 Non
708 2547 845 2599 putasti
878 2560 941 2586 me
974 2548 1048 2585 tuis
1070 2544 1370 2584 familiariffimis
1399 2545 1438 2583 in
1460 2543 1559 2583 hanc
1593 2559 1676 2583 rem
