2201 2792
609 170 956 209 ACTIONIS
1000 171 1054 209 II.
1124 171 1409 211 LIBERI.
1643 186 1716 227 195

307 271 415 309 nulla
433 268 654 308 conditione
672 268 783 306 istam
804 268 1090 321 turpitudinem
1116 268 1314 313 subiffent,
1346 269 1415 307 nisi
1445 269 1564 307 officii
1587 270 1716 308 neces-

306 336 557 388 situdinisque
583 336 679 374 ratio
709 334 901 388 coegisset.
936 335 1121 381 Veniunt,
1153 345 1197 374 ut
1230 336 1333 381 dico,
1363 336 1409 373 ad
1442 335 1717 375 Chelidonem.

306 405 461 443 Domus
495 413 573 442 erat
602 404 738 456 plena:
770 417 869 442 nova
893 404 993 455 jura,
1024 417 1122 442 nova
1147 404 1311 449 decreta,
1345 417 1444 441 nova
1467 404 1617 455 judicia
1648 418 1717 456 pe-

304 471 494 510 tebantur.
530 471 637 510 Mihi
651 471 711 510 det
737 470 961 524 pffſjionem
973 489 985 516 ς
1016 471 1107 509 mihi
1133 486 1176 509 ne
1205 470 1344 510 adimat
1359 487 1373 510 .·
1408 471 1446 509 in
1465 485 1517 509 me
1541 470 1720 522 judicium

304 552 349 576 ne
366 537 426 576 det
442 554 456 576 .·
477 538 568 576 mihi
583 538 673 576 bona
691 537 836 577 addicat
851 554 865 577 .-
886 537 950 576 alii
966 551 1152 576 nummos
1172 538 1428 576 numerabant
1445 552 1454 576 ε
1488 537 1553 575 alii
1573 537 1721 575 tabulas

305 605 571 658 obfignabant.
603 606 758 644 Domus
778 615 858 644 erat
877 619 956 644 non
983 606 1204 644 meretricio
1224 614 1433 651 conventu,
1464 605 1527 644 sed
1546 605 1723 658 praetoria

307 673 435 718 turba,
458 672 606 712 referta.
639 673 766 712 Simul
799 687 843 712 ac
873 673 1036 727 potestas
1068 673 1243 726 primum
1272 673 1359 712 data
1388 673 1454 718 est,
1491 674 1633 712 adeunt
1662 672 1721 717 hi,

306 752 405 792 quos
426 739 522 777 dixi.
545 739 743 791 Loquitur
762 739 959 778 Mustius:
991 753 1075 778 rem
1091 739 1325 778 demonstrat
1342 754 1351 778 ε
1384 739 1484 792 petit
1503 740 1720 778 auxilium:

305 805 514 858 pecuniam
537 805 757 858 pollicetur.
790 806 1009 858 Respondit
1027 806 1109 851 illa,
1141 814 1185 844 ut
1204 806 1404 851 meretrix,
1439 819 1517 844 non
1536 804 1723 844 inhuma-

306 884 383 910 ne:
415 871 582 910 libenter
601 872 654 911 ait
673 872 710 910 se
729 871 801 911 effe
821 872 1023 918 fadfflram,
1054 881 1093 911 et
1126 872 1163 910 se
1193 886 1288 911 cum
1318 872 1389 910 isto
1420 872 1627 924 diligenter
1645 872 1723 911 ser-

307 939 619 978 mocinaturam:
652 940 789 978 reverti
817 940 946 992 jubet.
989 941 1100 978 Tum
1120 938 1336 977 discedunt.
1379 938 1565 978 Postridie
1595 951 1723 977 rever-

308 1011 459 1043 tuntur.
492 1005 622 1057 Negat
642 1005 710 1042 illa
727 1005 831 1058 poss‘e
850 1005 1058 1044 hominem
1078 1005 1248 1051 exorari,
1276 1018 1529 1059 permagnam
1549 1018 1641 1044 eum
1661 1006 1724 1044 di-

309 1082 396 1108 cere
415 1084 463 1109 ex
483 1069 550 1109 illa
568 1084 607 1109 re
626 1071 832 1123 pecuniam
849 1071 992 1110 confici
1012 1071 1129 1124 posse.

364 1137 478 1175 LIII.
510 1137 668 1182 Vereor,
687 1150 736 1175 ne
756 1137 843 1189 quis
869 1136 969 1175 forte
988 1138 1036 1175 de
1055 1138 1217 1191 populo,
1249 1138 1319 1190 qui
1337 1121 1459 1191 priori
1478 1138 1626 1177 afflone
1646 1151 1725 1178 non

309 1200 434 1247 affuit,
449 1201 546 1247 haec,
564 1202 655 1254 quia
674 1212 833 1254 propter
851 1203 1042 1255 insignem
1060 1204 1347 1255 turpitudinem
1359 1205 1447 1243 sunt
1466 1205 1724 1251 incredibilia,

309 1267 407 1321 fingi
427 1281 447 1306 a
464 1281 528 1306 me
547 1267 767 1307 arbitretur.
800 1269 859 1306 Ea
877 1282 942 1307 vos
964 1277 1086 1314 antea,
1109 1269 1281 1320 Judices,
1313 1271 1560 1322 cognovistis.
1611 1271 1728 1310 Dixit

303 1334 456 1386 juratus
479 1335 524 1372 P.
547 1334 729 1379 Potitius,
761 1342 868 1372 tutor
892 1334 1035 1388 pupilli
1055 1334 1194 1386 Junii:
1227 1335 1327 1374 dixit
1348 1336 1411 1374 M.
1434 1336 1593 1387 Junius,
1621 1345 1728 1375 tutor

254 1424 259 1427 »
311 1408 350 1438 et
368 1408 525 1453 patruus
545 1414 555 1438 t
588 1400 760 1438 Mustius
781 1400 945 1446 dixisset,
967 1401 994 1439 fi
1014 1401 1184 1440 viveret:
1217 1401 1278 1440 sed
1299 1415 1370 1455 pro
1390 1402 1554 1448 Mustio,
1583 1403 1727 1442 recenti

310 1479 365 1511 re,
397 1467 443 1504 de
464 1466 614 1505 Mustio
633 1467 812 1506 auditum
844 1468 945 1506 dixit
965 1469 1014 1507 L.
1038 1468 1241 1507 Domitius
1259 1483 1269 1507 t
1301 1468 1371 1520 qui
1391 1482 1484 1508 cum
1505 1469 1629 1514 sciret,
1663 1483 1728 1508 me

311 1547 360 1572 ex
380 1533 531 1572 Mustio
551 1533 639 1572 vivo
658 1534 812 1581 audiffe,
834 1535 940 1588 quod
965 1549 1010 1574 eo
1031 1535 1116 1574 sum
1138 1535 1226 1574 usus
1246 1536 1478 1588 plurimum,
1504 1536 1668 1588 (etenim
1688 1535 1729 1574 id

307 1601 520 1652 judicium,
542 1601 648 1653 quod
668 1615 788 1654 prope
817 1603 1000 1641 omnium
1031 1601 1278 1641 fortunarum
1308 1603 1461 1641 suarum
1484 1604 1531 1641 C.
1556 1603 1727 1642 Mustius

312 1665 464 1712 habuit,
496 1680 559 1704 me
593 1681 671 1704 uno
693 1667 922 1705 defendente
943 1668 1055 1719 vicit)
1088 1681 1180 1705 cum
1202 1668 1291 1713 hoc,
1325 1678 1369 1706 ut
1401 1669 1503 1713 dico,
1536 1669 1645 1707 sciret
1676 1671 1726 1708 L.

315 1732 517 1770 Domitius
552 1745 615 1770 me
646 1732 753 1776 scire,
785 1732 831 1770 ad
862 1745 954 1770 eum
986 1745 1044 1770 res
1078 1745 1213 1771 omnes
1239 1733 1436 1771 Mustium
1469 1733 1624 1771 solitum
1656 1733 1728 1772 effe

314 1796 458 1835 deferre
470 1816 483 1842 5
506 1806 636 1834 tamen
657 1797 704 1835 de
722 1795 939 1836 Chelidone
959 1797 1129 1842 reticuit,
1149 1797 1274 1850 quoad
1296 1798 1450 1849 potuit:
1473 1797 1548 1836 alio
1569 1798 1727 1851 respon-

314 1864 459 1902 sionem
479 1862 586 1900 suam
607 1863 805 1901 derivavit.
829 1865 982 1901 Tantus
1003 1864 1044 1901 in
1060 1863 1296 1902 adolescente
1317 1863 1535 1908 clariffimo,
1553 1877 1595 1901 ac
1617 1865 1727 1917 prin-

316 1928 648 1981 cipejuventutis‚
679 1928 804 1982 pudor
824 1928 915 1974 fuit,
949 1937 992 1967 ut
1013 1929 1252 1981 aliquandiu,
1285 1941 1378 1967 cum
1402 1943 1422 1967 a
1448 1943 1511 1967 me
1531 1943 1727 1983 premere-

316 2004 392 2039 tur,
426 1996 559 2033 omnia
591 1995 720 2047 potius
754 1994 1010 2048 responderet,
1043 2009 1162 2048 quam
1199 1994 1458 2034 Chelidonem
1495 1996 1726 2035 nominaret.

317 2061 450 2099 Primo
483 2061 704 2099 necessarios
735 2061 841 2101 istius
876 2061 923 2100 ad
953 2075 1044 2100 eum
1074 2062 1255 2115 allegatos
1287 2062 1357 2100 effe
1377 2062 1557 2102 dicebat:
1591 2063 1728 2101 deinde

317 2127 522 2179 aliquando
541 2130 694 2165 coactus
716 2126 978 2166 Chelidonem
998 2129 1228 2167 nominavit.
1252 2129 1346 2167 Non
1368 2138 1405 2167 te
1425 2130 1558 2182 pudet,
1574 2130 1726 2174 Verres,

317 2195 398 2246 ejus
419 2194 592 2232 mulieris
613 2194 796 2232 arbitratu
817 2194 957 2247 geffiffe
983 2204 1201 2248 praeturani,
1235 2210 1351 2249 quam
1375 2198 1422 2235 L.
1446 2198 1649 2236 Domitius
1679 2197 1725 2234 ab

318 2260 354 2298 se
373 2261 566 2299 nominari
587 2261 651 2299 vix
673 2260 742 2299 fibi
762 2260 966 2299 honestum
986 2262 1057 2300 effe
1077 2262 1330 2302 arbitrabatur
1349 2265 1361 2301 ?

373 2327 483 2365 LIV.
517 2327 667 2379 Rejeffl
687 2340 707 2364 a
728 2326 945 2366 Chelidone
965 2329 1125 2381 capiunt
1151 2329 1355 2367 confilium
1388 2328 1646 2371 necessarium,
1684 2337 1725 2365 ut

320 2391 524 2445 suscipiant
555 2393 623 2446 ips1
659 2394 885 2447 negotium:
918 2407 1010 2433 cum
1031 2395 1212 2433 Rabonio
1243 2404 1382 2437 tutore,
1415 2393 1519 2444 quod
1551 2402 1629 2430 erat
1661 2394 1726 2431 vix

322 2458 412 2496 H-S
444 2459 692 2511 quadraginta
723 2460 912 2505 millium,
950 2461 1161 2513 transigunt
1195 2461 1286 2498 H-S
1321 2459 1497 2496 ducentis
1532 2458 1723 2498 millibus.

322 2521 458 2562 Refert
478 2524 524 2562 ad
544 2524 660 2564 istum
681 2539 763 2564 rem
784 2526 1012 2572 Rabonius,
1046 2536 1088 2564 ut
1109 2525 1178 2562 sibi
1199 2524 1411 2567 videbatur,
1435 2524 1520 2562 satis
1541 2525 1725 2577 grandem

1295 2592 1324 2629 B
1347 2590 1370 2628 b
1399 2603 1420 2629 2
