<?xml version="1.0" encoding="UTF-8"?>
<!DOCTYPE html PUBLIC "-//W3C//DTD XHTML 1.0 Transitional//EN"
    "http://www.w3.org/TR/xhtml1/DTD/xhtml1-transitional.dtd">
<html xmlns="http://www.w3.org/1999/xhtml" xml:lang="en" lang="en">
 <head>
  <title>
</title>
<meta http-equiv="Content-Type" content="text/html;charset=utf-8" />
  <meta name='ocr-system' content='tesseract 3.04.00' />
  <meta name='ocr-capabilities' content='ocr_page ocr_carea ocr_par ocr_line ocrx_word'/>
</head>
<body>
  <div class='ocr_page' id='page_1' title='image "./operacumindicibu04ciceuoft_0021.png"; bbox 0 0 2201 2792; ppageno 0'>
   <div class='ocr_carea' id='block_1_1' title="bbox 545 108 1861 152">
    <p class='ocr_par' dir='ltr' id='par_1_1' title="bbox 545 108 1861 152">
     <span class='ocr_line' id='line_1_1' title="bbox 545 108 1861 152; baseline -0.008 0"><span class='ocrx_word' id='word_1_1' title='bbox 545 111 1083 152; x_wconf 88' lang='lat' dir='ltr'>ARGUMENTA</span> <span class='ocrx_word' id='word_1_2' title='bbox 1146 108 1682 144; x_wconf 89' lang='lat' dir='ltr'>ORATIONUM.</span> <span class='ocrx_word' id='word_1_3' title='bbox 1814 117 1861 142; x_wconf 89' lang='lat'>10</span> 
     </span>
    </p>
   </div>
   <div class='ocr_carea' id='block_1_2' title="bbox 375 190 1871 1517">
    <p class='ocr_par' dir='ltr' id='par_1_2' title="bbox 375 190 1871 1517">
     <span class='ocr_line' id='line_1_2' title="bbox 375 190 1863 243; baseline -0.006 -9"><span class='ocrx_word' id='word_1_4' title='bbox 375 208 411 234; x_wconf 85' lang='lat' dir='ltr'>et</span> <span class='ocrx_word' id='word_1_5' title='bbox 431 197 527 232; x_wconf 85' lang='lat' dir='ltr'>silvas</span> <span class='ocrx_word' id='word_1_6' title='bbox 546 206 579 230; x_wconf 86' lang='lat' dir='ltr'>et</span> <span class='ocrx_word' id='word_1_7' title='bbox 597 197 811 243; x_wconf 78' lang='lat' dir='ltr'>poffeffiones</span> <span class='ocrx_word' id='word_1_8' title='bbox 830 205 951 228; x_wconf 84' lang='lat' dir='ltr'>omnes</span> <span class='ocrx_word' id='word_1_9' title='bbox 970 192 1139 239; x_wconf 67' lang='lat' dir='ltr'>publicaS,</span> <span class='ocrx_word' id='word_1_10' title='bbox 1166 190 1319 236; x_wconf 83' lang='lat' dir='ltr'>exceptis</span> <span class='ocrx_word' id='word_1_11' title='bbox 1337 190 1426 236; x_wconf 82' lang='lat' dir='ltr'>agris</span> <span class='ocrx_word' id='word_1_12' title='bbox 1450 191 1631 236; x_wconf 84' lang='lat' dir='ltr'>Campano</span> <span class='ocrx_word' id='word_1_13' title='bbox 1649 200 1683 224; x_wconf 89' lang='lat' dir='ltr'>et</span> <span class='ocrx_word' id='word_1_14' title='bbox 1709 190 1863 232; x_wconf 65' lang='lat' dir='ltr'>Stellam,</span> 
     </span>
     <span class='ocr_line' id='line_1_3' title="bbox 376 238 1862 294; baseline -0.004 -13"><span class='ocrx_word' id='word_1_15' title='bbox 376 259 464 294; x_wconf 88' lang='lat' dir='ltr'>quos</span> <span class='ocrx_word' id='word_1_16' title='bbox 485 258 552 280; x_wconf 91' lang='lat' dir='ltr'>non</span> <span class='ocrx_word' id='word_1_17' title='bbox 571 245 686 287; x_wconf 82' lang='lat' dir='ltr'>vendi,</span> <span class='ocrx_word' id='word_1_18' title='bbox 713 244 768 278; x_wconf 89' lang='lat' dir='ltr'>sed</span> <span class='ocrx_word' id='word_1_19' title='bbox 796 242 904 278; x_wconf 88' lang='lat' dir='ltr'>dividi</span> <span class='ocrx_word' id='word_1_20' title='bbox 923 243 1079 288; x_wconf 85' lang='lat' dir='ltr'>quinque</span> <span class='ocrx_word' id='word_1_21' title='bbox 1099 240 1254 274; x_wconf 80' lang='lat' dir='ltr'>millibus</span> <span class='ocrx_word' id='word_1_22' title='bbox 1273 240 1474 273; x_wconf 86' lang='lat' dir='ltr'>colonorum</span> <span class='ocrx_word' id='word_1_23' title='bbox 1496 240 1551 273; x_wconf 76' lang='lat' dir='ltr'>lex</span> <span class='ocrx_word' id='word_1_24' title='bbox 1569 238 1740 284; x_wconf 83' lang='lat' dir='ltr'>jubebat;</span> <span class='ocrx_word' id='word_1_25' title='bbox 1769 250 1803 274; x_wconf 87' lang='lat' dir='ltr'>et</span> <span class='ocrx_word' id='word_1_26' title='bbox 1823 251 1862 275; x_wconf 87' lang='lat' dir='ltr'>ut</span> 
     </span>
     <span class='ocr_line' id='line_1_4' title="bbox 376 289 1864 340; baseline -0.005 -9"><span class='ocrx_word' id='word_1_27' title='bbox 376 296 483 331; x_wconf 88' lang='lat' dir='ltr'>iidem</span> <span class='ocrx_word' id='word_1_28' title='bbox 503 296 666 329; x_wconf 88' lang='lat' dir='ltr'>omnibus</span> <span class='ocrx_word' id='word_1_29' title='bbox 686 293 774 340; x_wconf 84' lang='lat' dir='ltr'>agris</span> <span class='ocrx_word' id='word_1_30' title='bbox 793 292 941 338; x_wconf 80' lang='lat' dir='ltr'>publicis</span> <span class='ocrx_word' id='word_1_31' title='bbox 961 290 1110 336; x_wconf 68' lang='lat' dir='ltr'>vectigal</span> <span class='ocrx_word' id='word_1_32' title='bbox 1128 290 1360 336; x_wconf 74' lang='lat' dir='ltr'>imponerent,</span> <span class='ocrx_word' id='word_1_33' title='bbox 1388 299 1535 335; x_wconf 85' lang='lat' dir='ltr'>excepto</span> <span class='ocrx_word' id='word_1_34' title='bbox 1556 289 1786 323; x_wconf 86' lang='lat' dir='ltr'>Recentorico</span> <span class='ocrx_word' id='word_1_35' title='bbox 1811 290 1864 324; x_wconf 88' lang='lat' dir='ltr'>Si-</span> 
     </span>
     <span class='ocr_line' id='line_1_5' title="bbox 377 337 1865 388; baseline -0.004 -9"><span class='ocrx_word' id='word_1_36' title='bbox 377 345 527 379; x_wconf 87' lang='lat' dir='ltr'>ciliensi:</span> <span class='ocrx_word' id='word_1_37' title='bbox 568 353 603 378; x_wconf 86' lang='lat' dir='ltr'>et</span> <span class='ocrx_word' id='word_1_38' title='bbox 621 354 671 383; x_wconf 91' lang='lat' dir='ltr'>ut,</span> <span class='ocrx_word' id='word_1_39' title='bbox 700 343 760 387; x_wconf 81' lang='lat' dir='ltr'>qui</span> <span class='ocrx_word' id='word_1_40' title='bbox 779 341 853 387; x_wconf 81' lang='lat' dir='ltr'>agri</span> <span class='ocrx_word' id='word_1_41' title='bbox 871 340 996 388; x_wconf 84' lang='lat' dir='ltr'>privati</span> <span class='ocrx_word' id='word_1_42' title='bbox 1014 340 1132 380; x_wconf 73' lang='lat' dir='ltr'>essent,</span> <span class='ocrx_word' id='word_1_43' title='bbox 1161 351 1218 372; x_wconf 89' lang='lat' dir='ltr'>eos</span> <span class='ocrx_word' id='word_1_44' title='bbox 1242 338 1432 385; x_wconf 80' lang='lat' dir='ltr'>publicare,</span> <span class='ocrx_word' id='word_1_45' title='bbox 1460 338 1519 383; x_wconf 74' lang='lat' dir='ltr'>qui</span> <span class='ocrx_word' id='word_1_46' title='bbox 1544 337 1690 383; x_wconf 80' lang='lat' dir='ltr'>publici,</span> <span class='ocrx_word' id='word_1_47' title='bbox 1718 339 1865 373; x_wconf 77' lang='lat' dir='ltr'>liberare</span> 
     </span>
     <span class='ocr_line' id='line_1_6' title="bbox 375 387 1864 441; baseline -0.004 -13"><span class='ocrx_word' id='word_1_48' title='bbox 375 394 532 441; x_wconf 73' lang='lat' dir='ltr'>possent:</span> <span class='ocrx_word' id='word_1_49' title='bbox 573 392 739 439; x_wconf 83' lang='lat' dir='ltr'>quodque</span> <span class='ocrx_word' id='word_1_50' title='bbox 755 392 794 425; x_wconf 88' lang='lat' dir='ltr'>ad</span> <span class='ocrx_word' id='word_1_51' title='bbox 814 402 993 437; x_wconf 75' lang='lat' dir='ltr'>quemque</span> <span class='ocrx_word' id='word_1_52' title='bbox 1011 400 1146 429; x_wconf 88' lang='lat' dir='ltr'>eorum,</span> <span class='ocrx_word' id='word_1_53' title='bbox 1175 388 1233 433; x_wconf 86' lang='lat' dir='ltr'>qui</span> <span class='ocrx_word' id='word_1_54' title='bbox 1262 387 1453 421; x_wconf 79' lang='lat' dir='ltr'>exercitum</span> <span class='ocrx_word' id='word_1_55' title='bbox 1480 387 1684 428; x_wconf 63' lang='lat' dir='ltr'>liabuiffent,</span> <span class='ocrx_word' id='word_1_56' title='bbox 1713 397 1747 421; x_wconf 86' lang='lat' dir='ltr'>et</span> <span class='ocrx_word' id='word_1_57' title='bbox 1775 388 1864 423; x_wconf 88' lang='lat' dir='ltr'>bella</span> 
     </span>
     <span class='ocr_line' id='line_1_7' title="bbox 376 435 1865 489; baseline -0.004 -12"><span class='ocrx_word' id='word_1_58' title='bbox 376 443 545 489; x_wconf 74' lang='lat' dir='ltr'>gestissent</span> <span class='ocrx_word' id='word_1_59' title='bbox 568 454 611 476; x_wconf 79' lang='lat' dir='ltr'>ex</span> <span class='ocrx_word' id='word_1_60' title='bbox 639 441 769 487; x_wconf 78' lang='lat' dir='ltr'>praeda,</span> <span class='ocrx_word' id='word_1_61' title='bbox 798 439 984 479; x_wconf 83' lang='lat' dir='ltr'>manubiis,</span> <span class='ocrx_word' id='word_1_62' title='bbox 1012 449 1095 472; x_wconf 86' lang='lat' dir='ltr'>auro</span> <span class='ocrx_word' id='word_1_63' title='bbox 1120 437 1298 470; x_wconf 79' lang='lat' dir='ltr'>coronario</span> <span class='ocrx_word' id='word_1_64' title='bbox 1325 435 1539 482; x_wconf 71' lang='lat' dir='ltr'>pervenisset,</span> <span class='ocrx_word' id='word_1_65' title='bbox 1568 446 1865 481; x_wconf 78' lang='lat' dir='ltr'>perventurumve</span> 
     </span>
     <span class='ocr_line' id='line_1_8' title="bbox 376 485 1865 538; baseline -0.003 -12"><span class='ocrx_word' id='word_1_66' title='bbox 376 493 469 535; x_wconf 79' lang='lat' dir='ltr'>effet,</span> <span class='ocrx_word' id='word_1_67' title='bbox 498 492 593 538; x_wconf 87' lang='lat' dir='ltr'>quod</span> <span class='ocrx_word' id='word_1_68' title='bbox 613 502 725 536; x_wconf 84' lang='lat' dir='ltr'>neque</span> <span class='ocrx_word' id='word_1_69' title='bbox 745 488 990 534; x_wconf 87' lang='lat' dir='ltr'>consumptum</span> <span class='ocrx_word' id='word_1_70' title='bbox 1019 487 1051 521; x_wconf 89' lang='lat' dir='ltr'>in</span> <span class='ocrx_word' id='word_1_71' title='bbox 1080 495 1322 525; x_wconf 86' lang='lat' dir='ltr'>monumentO,</span> <span class='ocrx_word' id='word_1_72' title='bbox 1352 485 1513 530; x_wconf 81' lang='lat' dir='ltr'>nequein</span> <span class='ocrx_word' id='word_1_73' title='bbox 1541 485 1698 519; x_wconf 74' lang='lat' dir='ltr'>aerarium</span> <span class='ocrx_word' id='word_1_74' title='bbox 1719 486 1865 521; x_wconf 76' lang='lat' dir='ltr'>relatum</span> 
     </span>
     <span class='ocr_line' id='line_1_9' title="bbox 376 533 1865 583; baseline -0.005 -7"><span class='ocrx_word' id='word_1_75' title='bbox 376 542 471 582; x_wconf 83' lang='lat' dir='ltr'>esset,</span> <span class='ocrx_word' id='word_1_76' title='bbox 499 541 532 575; x_wconf 88' lang='lat' dir='ltr'>id</span> <span class='ocrx_word' id='word_1_77' title='bbox 551 551 686 582; x_wconf 65' lang='lat' dir='ltr'>omneS,</span> <span class='ocrx_word' id='word_1_78' title='bbox 705 550 774 572; x_wconf 91' lang='lat' dir='ltr'>uno</span> <span class='ocrx_word' id='word_1_79' title='bbox 792 547 939 583; x_wconf 87' lang='lat' dir='ltr'>excepto</span> <span class='ocrx_word' id='word_1_80' title='bbox 952 536 1133 582; x_wconf 86' lang='lat' dir='ltr'>Pompeio,</span> <span class='ocrx_word' id='word_1_81' title='bbox 1161 536 1202 569; x_wconf 89' lang='lat' dir='ltr'>ad</span> <span class='ocrx_word' id='word_1_82' title='bbox 1227 534 1455 568; x_wconf 69' lang='lat' dir='ltr'>Decemviros</span> <span class='ocrx_word' id='word_1_83' title='bbox 1481 533 1671 569; x_wconf 78' lang='lat' dir='ltr'>referrent:</span> <span class='ocrx_word' id='word_1_84' title='bbox 1712 546 1865 582; x_wconf 68' lang='lat' dir='ltr'>quaeque</span> 
     </span>
     <span class='ocr_line' id='line_1_10' title="bbox 376 583 1867 631; baseline -0.005 -6"><span class='ocrx_word' id='word_1_85' title='bbox 376 602 420 625; x_wconf 87' lang='lat' dir='ltr'>ex</span> <span class='ocrx_word' id='word_1_86' title='bbox 438 590 477 624; x_wconf 84' lang='lat' dir='ltr'>iis</span> <span class='ocrx_word' id='word_1_87' title='bbox 496 590 598 624; x_wconf 85' lang='lat' dir='ltr'>rebus</span> <span class='ocrx_word' id='word_1_88' title='bbox 616 588 780 622; x_wconf 82' lang='lat' dir='ltr'>omnibus</span> <span class='ocrx_word' id='word_1_89' title='bbox 800 587 935 621; x_wconf 64' lang='lat' dir='ltr'>redacta</span> <span class='ocrx_word' id='word_1_90' title='bbox 953 586 1099 631; x_wconf 87' lang='lat' dir='ltr'>pecunia</span> <span class='ocrx_word' id='word_1_91' title='bbox 1117 585 1210 626; x_wconf 73' lang='lat' dir='ltr'>esset,</span> <span class='ocrx_word' id='word_1_92' title='bbox 1228 595 1268 617; x_wconf 88' lang='lat' dir='ltr'>ea</span> <span class='ocrx_word' id='word_1_93' title='bbox 1286 583 1474 617; x_wconf 82' lang='lat' dir='ltr'>decemviri</span> <span class='ocrx_word' id='word_1_94' title='bbox 1491 595 1590 630; x_wconf 86' lang='lat' dir='ltr'>agros</span> <span class='ocrx_word' id='word_1_95' title='bbox 1608 584 1640 617; x_wconf 83' lang='lat' dir='ltr'>iri</span> <span class='ocrx_word' id='word_1_96' title='bbox 1661 584 1760 618; x_wconf 87' lang='lat' dir='ltr'>Italia</span> <span class='ocrx_word' id='word_1_97' title='bbox 1777 596 1867 618; x_wconf 86' lang='lat' dir='ltr'>eme-</span> 
     </span>
     <span class='ocr_line' id='line_1_11' title="bbox 376 633 1867 685; baseline -0.005 -11"><span class='ocrx_word' id='word_1_98' title='bbox 376 649 466 681; x_wconf 86' lang='lat' dir='ltr'>rent,</span> <span class='ocrx_word' id='word_1_99' title='bbox 495 639 554 685; x_wconf 87' lang='lat' dir='ltr'>qui</span> <span class='ocrx_word' id='word_1_100' title='bbox 573 637 666 685; x_wconf 86' lang='lat' dir='ltr'>plebi</span> <span class='ocrx_word' id='word_1_101' title='bbox 684 638 789 671; x_wconf 91' lang='lat' dir='ltr'>Rom.</span> <span class='ocrx_word' id='word_1_102' title='bbox 807 636 1054 670; x_wconf 82' lang='lat' dir='ltr'>dividerentur.</span> <span class='ocrx_word' id='word_1_103' title='bbox 1109 635 1214 668; x_wconf 84' lang='lat' dir='ltr'>Hanc</span> <span class='ocrx_word' id='word_1_104' title='bbox 1241 633 1356 679; x_wconf 80' lang='lat' dir='ltr'>legem</span> <span class='ocrx_word' id='word_1_105' title='bbox 1387 633 1418 666; x_wconf 88' lang='lat' dir='ltr'>in</span> <span class='ocrx_word' id='word_1_106' title='bbox 1447 633 1588 674; x_wconf 85' lang='lat' dir='ltr'>Senatu,</span> <span class='ocrx_word' id='word_1_107' title='bbox 1617 633 1702 667; x_wconf 88' lang='lat' dir='ltr'>inito</span> <span class='ocrx_word' id='word_1_108' title='bbox 1734 633 1867 668; x_wconf 85' lang='lat' dir='ltr'>Consu-</span> 
     </span>
     <span class='ocr_line' id='line_1_12' title="bbox 378 681 1867 734; baseline -0.005 -11"><span class='ocrx_word' id='word_1_109' title='bbox 378 689 464 730; x_wconf 85' lang='lat' dir='ltr'>latu,</span> <span class='ocrx_word' id='word_1_110' title='bbox 492 688 570 734; x_wconf 84' lang='lat' dir='ltr'>ipfis</span> <span class='ocrx_word' id='word_1_111' title='bbox 589 686 754 722; x_wconf 85' lang='lat' dir='ltr'>Kalendis</span> <span class='ocrx_word' id='word_1_112' title='bbox 773 685 959 730; x_wconf 77' lang='lat' dir='ltr'>januariis,</span> <span class='ocrx_word' id='word_1_113' title='bbox 986 683 1153 731; x_wconf 82' lang='lat' dir='ltr'>praesente</span> <span class='ocrx_word' id='word_1_114' title='bbox 1174 682 1294 723; x_wconf 84' lang='lat' dir='ltr'>Rullo,</span> <span class='ocrx_word' id='word_1_115' title='bbox 1321 681 1467 715; x_wconf 71' lang='lat' dir='ltr'>diffiiafit</span> <span class='ocrx_word' id='word_1_116' title='bbox 1487 684 1598 728; x_wconf 84' lang='lat' dir='ltr'>prima</span> <span class='ocrx_word' id='word_1_117' title='bbox 1617 682 1783 724; x_wconf 87' lang='lat' dir='ltr'>oratione,</span> <span class='ocrx_word' id='word_1_118' title='bbox 1804 694 1867 717; x_wconf 92' lang='lat' dir='ltr'>cu-</span> 
     </span>
     <span class='ocr_line' id='line_1_13' title="bbox 377 731 1868 785; baseline -0.004 -13"><span class='ocrx_word' id='word_1_119' title='bbox 377 738 432 784; x_wconf 88' lang='lat' dir='ltr'>jus</span> <span class='ocrx_word' id='word_1_120' title='bbox 448 738 572 785; x_wconf 81' lang='lat' dir='ltr'>primae</span> <span class='ocrx_word' id='word_1_121' title='bbox 591 746 702 782; x_wconf 87' lang='lat' dir='ltr'>partes</span> <span class='ocrx_word' id='word_1_122' title='bbox 717 735 886 769; x_wconf 90' lang='lat' dir='ltr'>interiere.</span> <span class='ocrx_word' id='word_1_123' title='bbox 926 734 993 767; x_wconf 91' lang='lat' dir='ltr'>Sed</span> <span class='ocrx_word' id='word_1_124' title='bbox 1014 745 1095 767; x_wconf 90' lang='lat' dir='ltr'>cum</span> <span class='ocrx_word' id='word_1_125' title='bbox 1116 732 1259 773; x_wconf 81' lang='lat' dir='ltr'>Rullus,</span> <span class='ocrx_word' id='word_1_126' title='bbox 1286 742 1488 776; x_wconf 79' lang='lat' dir='ltr'>quanquam</span> <span class='ocrx_word' id='word_1_127' title='bbox 1515 731 1734 777; x_wconf 75' lang='lat' dir='ltr'>perspexerat</span> <span class='ocrx_word' id='word_1_128' title='bbox 1762 732 1868 766; x_wconf 87' lang='lat' dir='ltr'>Sena-</span> 
     </span>
     <span class='ocr_line' id='line_1_14' title="bbox 379 778 1865 827; baseline -0.005 -6"><span class='ocrx_word' id='word_1_129' title='bbox 379 796 435 821; x_wconf 90' lang='lat' dir='ltr'>tus</span> <span class='ocrx_word' id='word_1_130' title='bbox 456 786 688 826; x_wconf 86' lang='lat' dir='ltr'>voluntatem,</span> <span class='ocrx_word' id='word_1_131' title='bbox 717 795 831 818; x_wconf 86' lang='lat' dir='ltr'>tamen</span> <span class='ocrx_word' id='word_1_132' title='bbox 857 795 925 817; x_wconf 91' lang='lat' dir='ltr'>non</span> <span class='ocrx_word' id='word_1_133' title='bbox 953 781 1116 827; x_wconf 81' lang='lat' dir='ltr'>abjiceret</span> <span class='ocrx_word' id='word_1_134' title='bbox 1141 781 1228 826; x_wconf 81' lang='lat' dir='ltr'>legis</span> <span class='ocrx_word' id='word_1_135' title='bbox 1252 778 1406 814; x_wconf 71' lang='lat' dir='ltr'>ferendae</span> <span class='ocrx_word' id='word_1_136' title='bbox 1433 780 1626 821; x_wconf 80' lang='lat' dir='ltr'>consilium,</span> <span class='ocrx_word' id='word_1_137' title='bbox 1655 781 1694 813; x_wconf 89' lang='lat' dir='ltr'>ad</span> <span class='ocrx_word' id='word_1_138' title='bbox 1723 780 1865 815; x_wconf 87' lang='lat' dir='ltr'>alteram</span> 
     </span>
     <span class='ocr_line' id='line_1_15' title="bbox 377 829 1867 876; baseline -0.005 -5"><span class='ocrx_word' id='word_1_139' title='bbox 377 835 570 871; x_wconf 88' lang='lat' dir='ltr'>orationem</span> <span class='ocrx_word' id='word_1_140' title='bbox 596 835 718 868; x_wconf 89' lang='lat' dir='ltr'>eodem</span> <span class='ocrx_word' id='word_1_141' title='bbox 746 834 801 867; x_wconf 88' lang='lat' dir='ltr'>die</span> <span class='ocrx_word' id='word_1_142' title='bbox 829 833 1039 873; x_wconf 79' lang='lat' dir='ltr'>habendam,</span> <span class='ocrx_word' id='word_1_143' title='bbox 1066 831 1254 864; x_wconf 88' lang='lat' dir='ltr'>comitante</span> <span class='ocrx_word' id='word_1_144' title='bbox 1283 830 1425 869; x_wconf 74' lang='lat' dir='ltr'>Senam,</span> <span class='ocrx_word' id='word_1_145' title='bbox 1454 829 1486 862; x_wconf 89' lang='lat' dir='ltr'>in</span> <span class='ocrx_word' id='word_1_146' title='bbox 1518 830 1720 863; x_wconf 79' lang='lat' dir='ltr'>concionem</span> <span class='ocrx_word' id='word_1_147' title='bbox 1744 830 1867 876; x_wconf 84' lang='lat' dir='ltr'>populi</span> 
     </span>
     <span class='ocr_line' id='line_1_16' title="bbox 378 877 1866 930; baseline -0.004 -11"><span class='ocrx_word' id='word_1_148' title='bbox 378 885 566 924; x_wconf 86' lang='lat' dir='ltr'>adscendit,</span> <span class='ocrx_word' id='word_1_149' title='bbox 594 895 663 929; x_wconf 89' lang='lat' dir='ltr'>qua</span> <span class='ocrx_word' id='word_1_150' title='bbox 689 883 807 930; x_wconf 84' lang='lat' dir='ltr'>gratiis</span> <span class='ocrx_word' id='word_1_151' title='bbox 832 883 1001 929; x_wconf 88' lang='lat' dir='ltr'>primum,</span> <span class='ocrx_word' id='word_1_152' title='bbox 1029 892 1091 927; x_wconf 90' lang='lat' dir='ltr'>pro</span> <span class='ocrx_word' id='word_1_153' title='bbox 1120 890 1228 921; x_wconf 87' lang='lat' dir='ltr'>more,</span> <span class='ocrx_word' id='word_1_154' title='bbox 1256 878 1350 919; x_wconf 66' lang='lat' dir='ltr'>afris,</span> <span class='ocrx_word' id='word_1_155' title='bbox 1382 877 1500 911; x_wconf 84' lang='lat' dir='ltr'>sensim</span> <span class='ocrx_word' id='word_1_156' title='bbox 1526 880 1657 912; x_wconf 82' lang='lat' dir='ltr'>acceffit</span> <span class='ocrx_word' id='word_1_157' title='bbox 1689 879 1730 913; x_wconf 87' lang='lat' dir='ltr'>ad</span> <span class='ocrx_word' id='word_1_158' title='bbox 1760 879 1866 926; x_wconf 83' lang='lat' dir='ltr'>ipsam</span> 
     </span>
     <span class='ocr_line' id='line_1_17' title="bbox 377 927 1869 981; baseline -0.005 -12"><span class='ocrx_word' id='word_1_159' title='bbox 377 935 493 981; x_wconf 85' lang='lat' dir='ltr'>legem</span> <span class='ocrx_word' id='word_1_160' title='bbox 512 933 801 980; x_wconf 76' lang='lat' dir='ltr'>oppugnandam,</span> <span class='ocrx_word' id='word_1_161' title='bbox 827 943 975 977; x_wconf 86' lang='lat' dir='ltr'>eamque</span> <span class='ocrx_word' id='word_1_162' title='bbox 1000 929 1144 976; x_wconf 87' lang='lat' dir='ltr'>populo,</span> <span class='ocrx_word' id='word_1_163' title='bbox 1171 927 1304 969; x_wconf 80' lang='lat' dir='ltr'>aerario,</span> <span class='ocrx_word' id='word_1_164' title='bbox 1331 927 1531 973; x_wconf 70' lang='lat' dir='ltr'>reipublicae</span> <span class='ocrx_word' id='word_1_165' title='bbox 1559 928 1727 962; x_wconf 85' lang='lat' dir='ltr'>universae</span> <span class='ocrx_word' id='word_1_166' title='bbox 1753 928 1869 975; x_wconf 88' lang='lat' dir='ltr'>perni-</span> 
     </span>
     <span class='ocr_line' id='line_1_18' title="bbox 379 977 1868 1027; baseline -0.004 -10"><span class='ocrx_word' id='word_1_167' title='bbox 379 982 504 1017; x_wconf 89' lang='lat' dir='ltr'>ciosam</span> <span class='ocrx_word' id='word_1_168' title='bbox 526 983 739 1026; x_wconf 84' lang='lat' dir='ltr'>minimeque</span> <span class='ocrx_word' id='word_1_169' title='bbox 756 982 961 1027; x_wconf 84' lang='lat' dir='ltr'>popularem</span> <span class='ocrx_word' id='word_1_170' title='bbox 982 980 1046 1013; x_wconf 81' lang='lat' dir='ltr'>effe</span> <span class='ocrx_word' id='word_1_171' title='bbox 1065 978 1224 1012; x_wconf 88' lang='lat' dir='ltr'>ostendit.</span> <span class='ocrx_word' id='word_1_172' title='bbox 1270 977 1311 1010; x_wconf 92' lang='lat' dir='ltr'>In</span> <span class='ocrx_word' id='word_1_173' title='bbox 1330 988 1402 1022; x_wconf 89' lang='lat' dir='ltr'>quo</span> <span class='ocrx_word' id='word_1_174' title='bbox 1421 988 1502 1010; x_wconf 90' lang='lat' dir='ltr'>cum</span> <span class='ocrx_word' id='word_1_175' title='bbox 1522 988 1590 1010; x_wconf 91' lang='lat' dir='ltr'>non</span> <span class='ocrx_word' id='word_1_176' title='bbox 1609 977 1752 1011; x_wconf 85' lang='lat' dir='ltr'>obscure</span> <span class='ocrx_word' id='word_1_177' title='bbox 1772 978 1868 1012; x_wconf 88' lang='lat' dir='ltr'>vide-</span> 
     </span>
     <span class='ocr_line' id='line_1_19' title="bbox 380 1025 1868 1078; baseline -0.004 -12"><span class='ocrx_word' id='word_1_178' title='bbox 380 1042 475 1066; x_wconf 88' lang='lat' dir='ltr'>retur</span> <span class='ocrx_word' id='word_1_179' title='bbox 491 1031 613 1078; x_wconf 90' lang='lat' dir='ltr'>populi</span> <span class='ocrx_word' id='word_1_180' title='bbox 631 1030 763 1064; x_wconf 86' lang='lat' dir='ltr'>animos</span> <span class='ocrx_word' id='word_1_181' title='bbox 782 1029 1016 1068; x_wconf 74' lang='lat' dir='ltr'>commoviffe,</span> <span class='ocrx_word' id='word_1_182' title='bbox 1045 1028 1160 1073; x_wconf 84' lang='lat' dir='ltr'>eique,</span> <span class='ocrx_word' id='word_1_183' title='bbox 1187 1027 1283 1072; x_wconf 85' lang='lat' dir='ltr'>quod</span> <span class='ocrx_word' id='word_1_184' title='bbox 1303 1026 1468 1066; x_wconf 83' lang='lat' dir='ltr'>voluerat,</span> <span class='ocrx_word' id='word_1_185' title='bbox 1489 1025 1700 1071; x_wconf 77' lang='lat' dir='ltr'>persuasifie3</span> <span class='ocrx_word' id='word_1_186' title='bbox 1730 1027 1868 1068; x_wconf 86' lang='lat' dir='ltr'>Rullus,</span> 
     </span>
     <span class='ocr_line' id='line_1_20' title="bbox 380 1075 1869 1122; baseline -0.004 -7"><span class='ocrx_word' id='word_1_187' title='bbox 380 1092 494 1115; x_wconf 88' lang='lat' dir='ltr'>coram</span> <span class='ocrx_word' id='word_1_188' title='bbox 514 1080 723 1114; x_wconf 84' lang='lat' dir='ltr'>contendere</span> <span class='ocrx_word' id='word_1_189' title='bbox 742 1090 823 1112; x_wconf 90' lang='lat' dir='ltr'>cum</span> <span class='ocrx_word' id='word_1_190' title='bbox 843 1077 992 1111; x_wconf 80' lang='lat' dir='ltr'>Consule</span> <span class='ocrx_word' id='word_1_191' title='bbox 1008 1088 1076 1110; x_wconf 92' lang='lat' dir='ltr'>non</span> <span class='ocrx_word' id='word_1_192' title='bbox 1095 1075 1205 1115; x_wconf 73' lang='lat' dir='ltr'>ausuS,</span> <span class='ocrx_word' id='word_1_193' title='bbox 1233 1075 1405 1109; x_wconf 80' lang='lat' dir='ltr'>absentem</span> <span class='ocrx_word' id='word_1_194' title='bbox 1426 1075 1531 1120; x_wconf 85' lang='lat' dir='ltr'>paulo</span> <span class='ocrx_word' id='word_1_195' title='bbox 1550 1075 1624 1120; x_wconf 88' lang='lat' dir='ltr'>post</span> <span class='ocrx_word' id='word_1_196' title='bbox 1643 1075 1736 1122; x_wconf 88' lang='lat' dir='ltr'>apud</span> <span class='ocrx_word' id='word_1_197' title='bbox 1755 1087 1869 1122; x_wconf 88' lang='lat' dir='ltr'>popu·</span> 
     </span>
     <span class='ocr_line' id='line_1_21' title="bbox 381 1124 1870 1172; baseline -0.003 -9"><span class='ocrx_word' id='word_1_198' title='bbox 381 1130 455 1164; x_wconf 88' lang='lat' dir='ltr'>lum</span> <span class='ocrx_word' id='word_1_199' title='bbox 471 1129 669 1163; x_wconf 86' lang='lat' dir='ltr'>criminatus</span> <span class='ocrx_word' id='word_1_200' title='bbox 685 1127 744 1168; x_wconf 88' lang='lat' dir='ltr'>est,</span> <span class='ocrx_word' id='word_1_201' title='bbox 765 1127 856 1172; x_wconf 84' lang='lat' dir='ltr'>quasi</span> <span class='ocrx_word' id='word_1_202' title='bbox 876 1136 1016 1172; x_wconf 86' lang='lat' dir='ltr'>gratum</span> <span class='ocrx_word' id='word_1_203' title='bbox 1032 1124 1184 1159; x_wconf 53' lang='lat' dir='ltr'>facturus</span> <span class='ocrx_word' id='word_1_204' title='bbox 1199 1124 1417 1170; x_wconf 85' lang='lat' dir='ltr'>Syllanorum</span> <span class='ocrx_word' id='word_1_205' title='bbox 1435 1135 1598 1169; x_wconf 78' lang='lat' dir='ltr'>agrorum</span> <span class='ocrx_word' id='word_1_206' title='bbox 1614 1124 1870 1170; x_wconf 78' lang='lat' dir='ltr'>possessoribus,</span> 
     </span>
     <span class='ocr_line' id='line_1_22' title="bbox 379 1173 1867 1224; baseline -0.003 -12"><span class='ocrx_word' id='word_1_207' title='bbox 379 1178 496 1224; x_wconf 88' lang='lat' dir='ltr'>legem</span> <span class='ocrx_word' id='word_1_208' title='bbox 511 1187 613 1224; x_wconf 89' lang='lat' dir='ltr'>atque</span> <span class='ocrx_word' id='word_1_209' title='bbox 631 1177 716 1210; x_wconf 84' lang='lat' dir='ltr'>adeo</span> <span class='ocrx_word' id='word_1_210' title='bbox 735 1179 919 1210; x_wconf 84' lang='lat' dir='ltr'>commoda</span> <span class='ocrx_word' id='word_1_211' title='bbox 936 1175 1048 1221; x_wconf 87' lang='lat' dir='ltr'>plebis</span> <span class='ocrx_word' id='word_1_212' title='bbox 1066 1173 1306 1220; x_wconf 61' lang='lat' dir='ltr'>oppugnasset.</span> <span class='ocrx_word' id='word_1_213' title='bbox 1341 1173 1449 1218; x_wconf 81' lang='lat' dir='ltr'>Qod</span> <span class='ocrx_word' id='word_1_214' title='bbox 1470 1185 1548 1206; x_wconf 83' lang='lat' dir='ltr'>cum</span> <span class='ocrx_word' id='word_1_215' title='bbox 1570 1173 1694 1207; x_wconf 85' lang='lat' dir='ltr'>Cicero</span> <span class='ocrx_word' id='word_1_216' title='bbox 1712 1173 1867 1215; x_wconf 69' lang='lat' dir='ltr'>audiiset,</span> 
     </span>
     <span class='ocr_line' id='line_1_23' title="bbox 379 1221 1869 1268; baseline -0.003 -7"><span class='ocrx_word' id='word_1_217' title='bbox 379 1228 545 1261; x_wconf 89' lang='lat' dir='ltr'>advocata</span> <span class='ocrx_word' id='word_1_218' title='bbox 563 1227 728 1260; x_wconf 89' lang='lat' dir='ltr'>concione</span> <span class='ocrx_word' id='word_1_219' title='bbox 747 1225 881 1258; x_wconf 83' lang='lat' dir='ltr'>tertiam</span> <span class='ocrx_word' id='word_1_220' title='bbox 897 1224 1088 1258; x_wconf 90' lang='lat' dir='ltr'>orationem</span> <span class='ocrx_word' id='word_1_221' title='bbox 1110 1222 1242 1262; x_wconf 80' lang='lat' dir='ltr'>habuit,</span> <span class='ocrx_word' id='word_1_222' title='bbox 1270 1233 1351 1266; x_wconf 86' lang='lat' dir='ltr'>qua,</span> <span class='ocrx_word' id='word_1_223' title='bbox 1379 1232 1460 1266; x_wconf 82' lang='lat' dir='ltr'>quae</span> <span class='ocrx_word' id='word_1_224' title='bbox 1480 1221 1511 1255; x_wconf 91' lang='lat' dir='ltr'>in</span> <span class='ocrx_word' id='word_1_225' title='bbox 1533 1221 1643 1268; x_wconf 86' lang='lat' dir='ltr'>ipsum</span> <span class='ocrx_word' id='word_1_226' title='bbox 1669 1221 1822 1267; x_wconf 62' lang='lat' dir='ltr'>conjecta</span> <span class='ocrx_word' id='word_1_227' title='bbox 1850 1235 1869 1256; x_wconf 90' lang='lat' dir='ltr'>a</span> 
     </span>
     <span class='ocr_line' id='line_1_24' title="bbox 379 1270 1869 1316; baseline -0.003 -6"><span class='ocrx_word' id='word_1_228' title='bbox 379 1276 488 1311; x_wconf 92' lang='lat' dir='ltr'>Rullo</span> <span class='ocrx_word' id='word_1_229' title='bbox 505 1285 614 1316; x_wconf 89' lang='lat' dir='ltr'>erant,</span> <span class='ocrx_word' id='word_1_230' title='bbox 643 1273 758 1315; x_wconf 87' lang='lat' dir='ltr'>diluit,</span> <span class='ocrx_word' id='word_1_231' title='bbox 787 1284 821 1307; x_wconf 87' lang='lat' dir='ltr'>et</span> <span class='ocrx_word' id='word_1_232' title='bbox 845 1273 1005 1313; x_wconf 87' lang='lat' dir='ltr'>ostendit,</span> <span class='ocrx_word' id='word_1_233' title='bbox 1033 1271 1063 1306; x_wconf 85' lang='lat' dir='ltr'>se</span> <span class='ocrx_word' id='word_1_234' title='bbox 1090 1271 1221 1306; x_wconf 90' lang='lat' dir='ltr'>nemini</span> <span class='ocrx_word' id='word_1_235' title='bbox 1246 1271 1304 1304; x_wconf 85' lang='lat' dir='ltr'>nili</span> <span class='ocrx_word' id='word_1_236' title='bbox 1333 1270 1546 1315; x_wconf 67' lang='lat' dir='ltr'>reipublicae,</span> <span class='ocrx_word' id='word_1_237' title='bbox 1574 1271 1722 1304; x_wconf 89' lang='lat' dir='ltr'>Rullum</span> <span class='ocrx_word' id='word_1_238' title='bbox 1751 1282 1869 1306; x_wconf 86' lang='lat' dir='ltr'>autem</span> 
     </span>
     <span class='ocr_line' id='line_1_25' title="bbox 379 1320 1871 1370; baseline -0.003 -11"><span class='ocrx_word' id='word_1_239' title='bbox 379 1325 495 1360; x_wconf 90' lang='lat' dir='ltr'>socero</span> <span class='ocrx_word' id='word_1_240' title='bbox 512 1322 570 1358; x_wconf 91' lang='lat' dir='ltr'>suo</span> <span class='ocrx_word' id='word_1_241' title='bbox 582 1324 710 1370; x_wconf 81' lang='lat' dir='ltr'>Valgio</span> <span class='ocrx_word' id='word_1_242' title='bbox 728 1322 923 1357; x_wconf 88' lang='lat' dir='ltr'>consultum</span> <span class='ocrx_word' id='word_1_243' title='bbox 943 1333 1093 1368; x_wconf 84' lang='lat' dir='ltr'>cupere:</span> <span class='ocrx_word' id='word_1_244' title='bbox 1122 1320 1270 1354; x_wconf 86' lang='lat' dir='ltr'>Rullum</span> <span class='ocrx_word' id='word_1_245' title='bbox 1287 1330 1367 1352; x_wconf 86' lang='lat' dir='ltr'>vero</span> <span class='ocrx_word' id='word_1_246' title='bbox 1384 1320 1540 1363; x_wconf 77' lang='lat' dir='ltr'>Syllanos</span> <span class='ocrx_word' id='word_1_247' title='bbox 1556 1331 1657 1366; x_wconf 84' lang='lat' dir='ltr'>agros</span> <span class='ocrx_word' id='word_1_248' title='bbox 1673 1332 1741 1354; x_wconf 92' lang='lat' dir='ltr'>non</span> <span class='ocrx_word' id='word_1_249' title='bbox 1763 1322 1871 1355; x_wconf 91' lang='lat' dir='ltr'>modo</span> 
     </span>
     <span class='ocr_line' id='line_1_26' title="bbox 381 1368 1869 1418; baseline -0.003 -10"><span class='ocrx_word' id='word_1_250' title='bbox 381 1373 511 1409; x_wconf 90' lang='lat' dir='ltr'>nemini</span> <span class='ocrx_word' id='word_1_251' title='bbox 531 1373 694 1413; x_wconf 86' lang='lat' dir='ltr'>adimere,</span> <span class='ocrx_word' id='word_1_252' title='bbox 722 1373 776 1406; x_wconf 88' lang='lat' dir='ltr'>sed</span> <span class='ocrx_word' id='word_1_253' title='bbox 796 1384 916 1406; x_wconf 88' lang='lat' dir='ltr'>eorum</span> <span class='ocrx_word' id='word_1_254' title='bbox 936 1371 1170 1418; x_wconf 81' lang='lat' dir='ltr'>poffeffionem</span> <span class='ocrx_word' id='word_1_255' title='bbox 1190 1371 1306 1415; x_wconf 82' lang='lat' dir='ltr'>potius</span> <span class='ocrx_word' id='word_1_256' title='bbox 1326 1368 1541 1402; x_wconf 83' lang='lat' dir='ltr'>confirmare.</span> <span class='ocrx_word' id='word_1_257' title='bbox 1587 1369 1638 1403; x_wconf 82' lang='lat' dir='ltr'>Ita</span> <span class='ocrx_word' id='word_1_258' title='bbox 1657 1369 1869 1404; x_wconf 80' lang='lat' dir='ltr'>confirmatis</span> 
     </span>
     <span class='ocr_line' id='line_1_27' title="bbox 380 1417 1870 1470; baseline -0.003 -13"><span class='ocrx_word' id='word_1_259' title='bbox 380 1422 501 1470; x_wconf 89' lang='lat' dir='ltr'>populi</span> <span class='ocrx_word' id='word_1_260' title='bbox 521 1422 656 1462; x_wconf 86' lang='lat' dir='ltr'>animis,</span> <span class='ocrx_word' id='word_1_261' title='bbox 683 1433 763 1455; x_wconf 93' lang='lat' dir='ltr'>cum</span> <span class='ocrx_word' id='word_1_262' title='bbox 784 1420 890 1455; x_wconf 91' lang='lat' dir='ltr'>etiam</span> <span class='ocrx_word' id='word_1_263' title='bbox 911 1420 1103 1454; x_wconf 75' lang='lat' dir='ltr'>ostendisset</span> <span class='ocrx_word' id='word_1_264' title='bbox 1124 1419 1168 1453; x_wconf 89' lang='lat' dir='ltr'>L.</span> <span class='ocrx_word' id='word_1_265' title='bbox 1184 1418 1346 1452; x_wconf 66' lang='lat' dir='ltr'>Caecilius</span> <span class='ocrx_word' id='word_1_266' title='bbox 1366 1418 1466 1452; x_wconf 88' lang='lat' dir='ltr'>Trib.</span> <span class='ocrx_word' id='word_1_267' title='bbox 1494 1417 1606 1463; x_wconf 87' lang='lat' dir='ltr'>plebis</span> <span class='ocrx_word' id='word_1_268' title='bbox 1626 1418 1655 1452; x_wconf 85' lang='lat' dir='ltr'>se</span> <span class='ocrx_word' id='word_1_269' title='bbox 1675 1418 1870 1453; x_wconf 80' lang='lat' dir='ltr'>intercessu-</span> 
     </span>
     <span class='ocr_line' id='line_1_28' title="bbox 381 1465 1871 1517; baseline -0.003 -10"><span class='ocrx_word' id='word_1_270' title='bbox 381 1484 473 1514; x_wconf 84' lang='lat' dir='ltr'>rum,</span> <span class='ocrx_word' id='word_1_271' title='bbox 493 1471 515 1506; x_wconf 89' lang='lat' dir='ltr'>s1</span> <span class='ocrx_word' id='word_1_272' title='bbox 530 1471 656 1506; x_wconf 88' lang='lat' dir='ltr'>Rullus</span> <span class='ocrx_word' id='word_1_273' title='bbox 675 1471 790 1517; x_wconf 85' lang='lat' dir='ltr'>legem</span> <span class='ocrx_word' id='word_1_274' title='bbox 809 1469 896 1504; x_wconf 85' lang='lat' dir='ltr'>ferre</span> <span class='ocrx_word' id='word_1_275' title='bbox 911 1478 1106 1509; x_wconf 84' lang='lat' dir='ltr'>conaretur,</span> <span class='ocrx_word' id='word_1_276' title='bbox 1125 1467 1305 1502; x_wconf 81' lang='lat' dir='ltr'>consilium</span> <span class='ocrx_word' id='word_1_277' title='bbox 1320 1465 1473 1501; x_wconf 78' lang='lat' dir='ltr'>ferendae</span> <span class='ocrx_word' id='word_1_278' title='bbox 1488 1467 1572 1512; x_wconf 73' lang='lat' dir='ltr'>legis</span> <span class='ocrx_word' id='word_1_279' title='bbox 1587 1467 1714 1502; x_wconf 88' lang='lat' dir='ltr'>Rullus</span> <span class='ocrx_word' id='word_1_280' title='bbox 1733 1466 1871 1514; x_wconf 80' lang='lat' dir='ltr'>abjecit.</span> 
     </span>
    </p>
   </div>
   <div class='ocr_carea' id='block_1_3' title="bbox 490 1584 1869 1642">
    <p class='ocr_par' dir='ltr' id='par_1_3' title="bbox 490 1584 1869 1642">
     <span class='ocr_line' id='line_1_29' title="bbox 490 1584 1869 1642; baseline -0.003 -15"><span class='ocrx_word' id='word_1_281' title='bbox 490 1590 648 1642; x_wconf 86' lang='lat' dir='ltr'>Argum.</span> <span class='ocrx_word' id='word_1_282' title='bbox 982 1586 1062 1624; x_wconf 86' lang='lat' dir='ltr'>Pro</span> <span class='ocrx_word' id='word_1_283' title='bbox 1092 1585 1129 1622; x_wconf 93' lang='lat' dir='ltr'>C.</span> <span class='ocrx_word' id='word_1_284' title='bbox 1160 1584 1327 1624; x_wconf 78' lang='lat' dir='ltr'>Rabirio.</span> <span class='ocrx_word' id='word_1_285' title='bbox 1718 1599 1754 1637; x_wconf 90' lang='lat' dir='ltr'>p.</span> <span class='ocrx_word' id='word_1_286' title='bbox 1779 1597 1869 1636; x_wconf 77' lang='lat'>149.</span> 
     </span>
    </p>
   </div>
   <div class='ocr_carea' id='block_1_4' title="bbox 381 1671 1875 2407">
    <p class='ocr_par' dir='ltr' id='par_1_4' title="bbox 381 1671 1875 2407">
     <span class='ocr_line' id='line_1_30' title="bbox 430 1671 1871 1720; baseline -0.003 -9"><span class='ocrx_word' id='word_1_287' title='bbox 430 1676 460 1711; x_wconf 92' lang='lat' dir='ltr'>C</span> <span class='ocrx_word' id='word_1_288' title='bbox 473 1688 535 1711; x_wconf 86' lang='lat' dir='ltr'>UM</span> <span class='ocrx_word' id='word_1_289' title='bbox 559 1676 600 1710; x_wconf 90' lang='lat' dir='ltr'>C.</span> <span class='ocrx_word' id='word_1_290' title='bbox 623 1674 738 1709; x_wconf 90' lang='lat' dir='ltr'>Mario</span> <span class='ocrx_word' id='word_1_291' title='bbox 757 1683 791 1708; x_wconf 91' lang='lat' dir='ltr'>et</span> <span class='ocrx_word' id='word_1_292' title='bbox 810 1673 854 1708; x_wconf 93' lang='lat' dir='ltr'>L.</span> <span class='ocrx_word' id='word_1_293' title='bbox 869 1671 1006 1707; x_wconf 85' lang='lat' dir='ltr'>Valerio</span> <span class='ocrx_word' id='word_1_294' title='bbox 1025 1673 1143 1706; x_wconf 89' lang='lat' dir='ltr'>Coss.</span> <span class='ocrx_word' id='word_1_295' title='bbox 1164 1671 1336 1706; x_wconf 85' lang='lat' dir='ltr'>seditiosus</span> <span class='ocrx_word' id='word_1_296' title='bbox 1355 1671 1457 1705; x_wconf 91' lang='lat' dir='ltr'>Trib.</span> <span class='ocrx_word' id='word_1_297' title='bbox 1478 1671 1525 1718; x_wconf 89' lang='lat' dir='ltr'>pl.</span> <span class='ocrx_word' id='word_1_298' title='bbox 1546 1671 1764 1714; x_wconf 83' lang='lat' dir='ltr'>Saturninus,</span> <span class='ocrx_word' id='word_1_299' title='bbox 1791 1684 1871 1720; x_wconf 89' lang='lat' dir='ltr'>per-</span> 
     </span>
     <span class='ocr_line' id='line_1_31' title="bbox 383 1720 1870 1769; baseline -0.003 -9"><span class='ocrx_word' id='word_1_300' title='bbox 383 1726 478 1760; x_wconf 71' lang='lat' dir='ltr'>missa</span> <span class='ocrx_word' id='word_1_301' title='bbox 502 1728 628 1759; x_wconf 89' lang='lat' dir='ltr'>Coss.</span> <span class='ocrx_word' id='word_1_302' title='bbox 657 1723 751 1757; x_wconf 90' lang='lat' dir='ltr'>SCto</span> <span class='ocrx_word' id='word_1_303' title='bbox 779 1722 969 1769; x_wconf 87' lang='lat' dir='ltr'>republica,</span> <span class='ocrx_word' id='word_1_304' title='bbox 998 1721 1199 1756; x_wconf 76' lang='lat' dir='ltr'>interfec&#39;tus</span> <span class='ocrx_word' id='word_1_305' title='bbox 1229 1723 1321 1761; x_wconf 76' lang='lat' dir='ltr'>esset,</span> <span class='ocrx_word' id='word_1_306' title='bbox 1348 1720 1402 1754; x_wconf 81' lang='lat' dir='ltr'>sex</span> <span class='ocrx_word' id='word_1_307' title='bbox 1430 1729 1463 1753; x_wconf 88' lang='lat' dir='ltr'>et</span> <span class='ocrx_word' id='word_1_308' title='bbox 1493 1721 1635 1766; x_wconf 78' lang='lat' dir='ltr'>triginta</span> <span class='ocrx_word' id='word_1_309' title='bbox 1662 1723 1758 1755; x_wconf 88' lang='lat' dir='ltr'>annis</span> <span class='ocrx_word' id='word_1_310' title='bbox 1782 1722 1870 1766; x_wconf 85' lang='lat' dir='ltr'>post,</span> 
     </span>
     <span class='ocr_line' id='line_1_32' title="bbox 381 1770 1872 1816; baseline -0.003 -7"><span class='ocrx_word' id='word_1_311' title='bbox 381 1775 550 1809; x_wconf 89' lang='lat' dir='ltr'>Cicerone</span> <span class='ocrx_word' id='word_1_312' title='bbox 570 1772 778 1814; x_wconf 23' lang='lat' dir='ltr'>ConsulelC.</span> <span class='ocrx_word' id='word_1_313' title='bbox 800 1770 964 1806; x_wconf 85' lang='lat' dir='ltr'>Rabirius</span> <span class='ocrx_word' id='word_1_314' title='bbox 985 1770 1232 1816; x_wconf 85' lang='lat' dir='ltr'>perduellionis</span> <span class='ocrx_word' id='word_1_315' title='bbox 1257 1782 1332 1804; x_wconf 90' lang='lat' dir='ltr'>reus</span> <span class='ocrx_word' id='word_1_316' title='bbox 1351 1770 1462 1803; x_wconf 61' lang='lat' dir='ltr'>faetus</span> <span class='ocrx_word' id='word_1_317' title='bbox 1482 1770 1528 1802; x_wconf 83' lang='lat' dir='ltr'>est</span> <span class='ocrx_word' id='word_1_318' title='bbox 1554 1782 1572 1803; x_wconf 87' lang='lat' dir='ltr'>a</span> <span class='ocrx_word' id='word_1_319' title='bbox 1596 1771 1643 1803; x_wconf 92' lang='lat' dir='ltr'>T.</span> <span class='ocrx_word' id='word_1_320' title='bbox 1669 1771 1773 1804; x_wconf 87' lang='lat' dir='ltr'>Attio</span> <span class='ocrx_word' id='word_1_321' title='bbox 1800 1770 1872 1804; x_wconf 86' lang='lat' dir='ltr'>La-</span> 
     </span>
     <span class='ocr_line' id='line_1_33' title="bbox 382 1818 1870 1869; baseline -0.003 -11"><span class='ocrx_word' id='word_1_322' title='bbox 382 1823 500 1864; x_wconf 88' lang='lat' dir='ltr'>bieno,</span> <span class='ocrx_word' id='word_1_323' title='bbox 527 1823 587 1869; x_wconf 88' lang='lat' dir='ltr'>qui</span> <span class='ocrx_word' id='word_1_324' title='bbox 607 1822 783 1856; x_wconf 88' lang='lat' dir='ltr'>hominem</span> <span class='ocrx_word' id='word_1_325' title='bbox 803 1819 1048 1855; x_wconf 67' lang='lat' dir='ltr'>sacrosanctum</span> <span class='ocrx_word' id='word_1_326' title='bbox 1065 1819 1266 1853; x_wconf 89' lang='lat' dir='ltr'>Saturnium</span> <span class='ocrx_word' id='word_1_327' title='bbox 1283 1831 1300 1853; x_wconf 89' lang='lat' dir='ltr'>a</span> <span class='ocrx_word' id='word_1_328' title='bbox 1316 1818 1460 1852; x_wconf 80' lang='lat' dir='ltr'>Rabirio</span> <span class='ocrx_word' id='word_1_329' title='bbox 1479 1818 1698 1853; x_wconf 53' lang='lat' dir='ltr'>interfecffurn</span> <span class='ocrx_word' id='word_1_330' title='bbox 1719 1819 1870 1854; x_wconf 87' lang='lat' dir='ltr'>dicebat.</span> 
     </span>
     <span class='ocr_line' id='line_1_34' title="bbox 383 1867 1871 1917; baseline -0.003 -10"><span class='ocrx_word' id='word_1_331' title='bbox 383 1872 494 1907; x_wconf 87' lang='lat' dir='ltr'>Causa</span> <span class='ocrx_word' id='word_1_332' title='bbox 519 1873 591 1906; x_wconf 61' lang='lat' dir='ltr'>afta</span> <span class='ocrx_word' id='word_1_333' title='bbox 615 1871 662 1905; x_wconf 89' lang='lat' dir='ltr'>est</span> <span class='ocrx_word' id='word_1_334' title='bbox 690 1871 803 1917; x_wconf 85' lang='lat' dir='ltr'>primo</span> <span class='ocrx_word' id='word_1_335' title='bbox 822 1871 863 1904; x_wconf 91' lang='lat' dir='ltr'>ad</span> <span class='ocrx_word' id='word_1_336' title='bbox 882 1869 1099 1903; x_wconf 78' lang='lat' dir='ltr'>Duumviros</span> <span class='ocrx_word' id='word_1_337' title='bbox 1125 1880 1169 1902; x_wconf 88' lang='lat' dir='ltr'>ex</span> <span class='ocrx_word' id='word_1_338' title='bbox 1196 1869 1339 1914; x_wconf 81' lang='lat' dir='ltr'>antiquo</span> <span class='ocrx_word' id='word_1_339' title='bbox 1368 1879 1476 1908; x_wconf 87' lang='lat' dir='ltr'>more,</span> <span class='ocrx_word' id='word_1_340' title='bbox 1506 1867 1560 1902; x_wconf 88' lang='lat' dir='ltr'>sed</span> <span class='ocrx_word' id='word_1_341' title='bbox 1581 1867 1666 1901; x_wconf 87' lang='lat' dir='ltr'>sorte</span> <span class='ocrx_word' id='word_1_342' title='bbox 1686 1880 1703 1901; x_wconf 86' lang='lat' dir='ltr'>a</span> <span class='ocrx_word' id='word_1_343' title='bbox 1721 1879 1871 1914; x_wconf 85' lang='lat' dir='ltr'>praetore</span> 
     </span>
     <span class='ocr_line' id='line_1_35' title="bbox 383 1917 1871 1966; baseline -0.003 -11"><span class='ocrx_word' id='word_1_344' title='bbox 383 1921 494 1962; x_wconf 68' lang='lat' dir='ltr'>datm,</span> <span class='ocrx_word' id='word_1_345' title='bbox 522 1932 590 1955; x_wconf 94' lang='lat' dir='ltr'>non</span> <span class='ocrx_word' id='word_1_346' title='bbox 607 1931 626 1953; x_wconf 88' lang='lat' dir='ltr'>a</span> <span class='ocrx_word' id='word_1_347' title='bbox 640 1920 784 1966; x_wconf 88' lang='lat' dir='ltr'>populo,</span> <span class='ocrx_word' id='word_1_348' title='bbox 804 1930 900 1953; x_wconf 86' lang='lat' dir='ltr'>more</span> <span class='ocrx_word' id='word_1_349' title='bbox 917 1927 951 1952; x_wconf 90' lang='lat' dir='ltr'>et</span> <span class='ocrx_word' id='word_1_350' title='bbox 969 1918 1124 1952; x_wconf 85' lang='lat' dir='ltr'>instituto</span> <span class='ocrx_word' id='word_1_351' title='bbox 1138 1918 1301 1952; x_wconf 86' lang='lat' dir='ltr'>Romano</span> <span class='ocrx_word' id='word_1_352' title='bbox 1320 1926 1459 1951; x_wconf 54' lang='lat' dir='ltr'>creatos</span> <span class='ocrx_word' id='word_1_353' title='bbox 1503 1918 1527 1951; x_wconf 93' lang='lat' dir='ltr'>li</span> <span class='ocrx_word' id='word_1_354' title='bbox 1547 1927 1643 1950; x_wconf 81' lang='lat' dir='ltr'>erant</span> <span class='ocrx_word' id='word_1_355' title='bbox 1661 1917 1777 1961; x_wconf 82' lang='lat' dir='ltr'>Julius</span> <span class='ocrx_word' id='word_1_356' title='bbox 1792 1917 1871 1951; x_wconf 78' lang='lat' dir='ltr'>Cae-</span> 
     </span>
     <span class='ocr_line' id='line_1_36' title="bbox 383 1966 1871 2013; baseline -0.003 -9"><span class='ocrx_word' id='word_1_357' title='bbox 383 1970 432 2004; x_wconf 87' lang='lat' dir='ltr'>sar</span> <span class='ocrx_word' id='word_1_358' title='bbox 449 1981 484 2005; x_wconf 89' lang='lat' dir='ltr'>et</span> <span class='ocrx_word' id='word_1_359' title='bbox 502 1969 636 2004; x_wconf 79' lang='lat' dir='ltr'>Lucius</span> <span class='ocrx_word' id='word_1_360' title='bbox 655 1967 778 2003; x_wconf 82' lang='lat' dir='ltr'>Caesar.</span> <span class='ocrx_word' id='word_1_361' title='bbox 819 1967 936 2013; x_wconf 87' lang='lat' dir='ltr'>Julius</span> <span class='ocrx_word' id='word_1_362' title='bbox 960 1967 1145 2001; x_wconf 86' lang='lat' dir='ltr'>Rabirium</span> <span class='ocrx_word' id='word_1_363' title='bbox 1169 1966 1384 2013; x_wconf 86' lang='lat' dir='ltr'>cupidiffime</span> <span class='ocrx_word' id='word_1_364' title='bbox 1410 1966 1630 2000; x_wconf 83' lang='lat' dir='ltr'>condemnat.</span> <span class='ocrx_word' id='word_1_365' title='bbox 1672 1966 1753 2000; x_wconf 87' lang='lat' dir='ltr'>Hac</span> <span class='ocrx_word' id='word_1_366' title='bbox 1781 1978 1871 2000; x_wconf 83' lang='lat' dir='ltr'>acer·</span> 
     </span>
     <span class='ocr_line' id='line_1_37' title="bbox 384 2014 1872 2065; baseline -0.003 -12"><span class='ocrx_word' id='word_1_367' title='bbox 384 2018 492 2053; x_wconf 87' lang='lat' dir='ltr'>bitate</span> <span class='ocrx_word' id='word_1_368' title='bbox 510 2028 689 2065; x_wconf 89' lang='lat' dir='ltr'>permotus</span> <span class='ocrx_word' id='word_1_369' title='bbox 705 2017 866 2051; x_wconf 87' lang='lat' dir='ltr'>Rabirius</span> <span class='ocrx_word' id='word_1_370' title='bbox 885 2026 1051 2062; x_wconf 88' lang='lat' dir='ltr'>provocat</span> <span class='ocrx_word' id='word_1_371' title='bbox 1070 2016 1110 2049; x_wconf 90' lang='lat' dir='ltr'>ad</span> <span class='ocrx_word' id='word_1_372' title='bbox 1126 2016 1311 2063; x_wconf 90' lang='lat' dir='ltr'>populum.</span> <span class='ocrx_word' id='word_1_373' title='bbox 1344 2015 1466 2060; x_wconf 85' lang='lat' dir='ltr'>Itaque</span> <span class='ocrx_word' id='word_1_374' title='bbox 1485 2014 1581 2049; x_wconf 86' lang='lat' dir='ltr'>causa</span> <span class='ocrx_word' id='word_1_375' title='bbox 1599 2015 1715 2061; x_wconf 86' lang='lat' dir='ltr'>postea</span> <span class='ocrx_word' id='word_1_376' title='bbox 1733 2015 1805 2049; x_wconf 68' lang='lat' dir='ltr'>aeta</span> <span class='ocrx_word' id='word_1_377' title='bbox 1824 2014 1872 2049; x_wconf 84' lang='lat' dir='ltr'>est</span> 
     </span>
     <span class='ocr_line' id='line_1_38' title="bbox 385 2064 1871 2114; baseline -0.002 -12"><span class='ocrx_word' id='word_1_378' title='bbox 385 2068 426 2102; x_wconf 87' lang='lat' dir='ltr'>ad</span> <span class='ocrx_word' id='word_1_379' title='bbox 445 2068 619 2114; x_wconf 89' lang='lat' dir='ltr'>populum</span> <span class='ocrx_word' id='word_1_380' title='bbox 639 2067 673 2100; x_wconf 85' lang='lat' dir='ltr'>in</span> <span class='ocrx_word' id='word_1_381' title='bbox 691 2068 827 2113; x_wconf 89' lang='lat' dir='ltr'>Campo</span> <span class='ocrx_word' id='word_1_382' title='bbox 845 2065 977 2100; x_wconf 88' lang='lat' dir='ltr'>Martio</span> <span class='ocrx_word' id='word_1_383' title='bbox 995 2065 1175 2099; x_wconf 81' lang='lat' dir='ltr'>comitiatu</span> <span class='ocrx_word' id='word_1_384' title='bbox 1197 2065 1360 2099; x_wconf 86' lang='lat' dir='ltr'>maximo.</span> <span class='ocrx_word' id='word_1_385' title='bbox 1400 2064 1474 2098; x_wconf 90' lang='lat' dir='ltr'>Hic</span> <span class='ocrx_word' id='word_1_386' title='bbox 1501 2073 1560 2098; x_wconf 89' lang='lat' dir='ltr'>aut</span> <span class='ocrx_word' id='word_1_387' title='bbox 1583 2064 1698 2110; x_wconf 86' lang='lat' dir='ltr'>potius</span> <span class='ocrx_word' id='word_1_388' title='bbox 1717 2075 1794 2098; x_wconf 90' lang='lat' dir='ltr'>ante</span> <span class='ocrx_word' id='word_1_389' title='bbox 1813 2075 1871 2099; x_wconf 91' lang='lat' dir='ltr'>co-</span> 
     </span>
     <span class='ocr_line' id='line_1_39' title="bbox 384 2112 1871 2162; baseline -0.003 -12"><span class='ocrx_word' id='word_1_390' title='bbox 384 2116 482 2151; x_wconf 85' lang='lat' dir='ltr'>mitia</span> <span class='ocrx_word' id='word_1_391' title='bbox 500 2117 533 2150; x_wconf 89' lang='lat' dir='ltr'>in</span> <span class='ocrx_word' id='word_1_392' title='bbox 553 2115 717 2150; x_wconf 89' lang='lat' dir='ltr'>concione</span> <span class='ocrx_word' id='word_1_393' title='bbox 733 2115 855 2162; x_wconf 90' lang='lat' dir='ltr'>populi</span> <span class='ocrx_word' id='word_1_394' title='bbox 874 2112 1031 2148; x_wconf 86' lang='lat' dir='ltr'>defendit</span> <span class='ocrx_word' id='word_1_395' title='bbox 1051 2113 1235 2148; x_wconf 89' lang='lat' dir='ltr'>Rabirium</span> <span class='ocrx_word' id='word_1_396' title='bbox 1262 2113 1379 2147; x_wconf 86' lang='lat' dir='ltr'>consul</span> <span class='ocrx_word' id='word_1_397' title='bbox 1399 2113 1535 2155; x_wconf 90' lang='lat' dir='ltr'>Cicero,</span> <span class='ocrx_word' id='word_1_398' title='bbox 1562 2113 1618 2148; x_wconf 74' lang='lat' dir='ltr'>sed</span> <span class='ocrx_word' id='word_1_399' title='bbox 1637 2113 1670 2147; x_wconf 93' lang='lat' dir='ltr'>in</span> <span class='ocrx_word' id='word_1_400' title='bbox 1690 2112 1871 2147; x_wconf 74' lang='lat' dir='ltr'>semihorae</span> 
     </span>
     <span class='ocr_line' id='line_1_40' title="bbox 383 2161 1870 2208; baseline -0.003 -9"><span class='ocrx_word' id='word_1_401' title='bbox 383 2165 597 2200; x_wconf 84' lang='lat' dir='ltr'>curriculum</span> <span class='ocrx_word' id='word_1_402' title='bbox 615 2165 754 2198; x_wconf 65' lang='lat' dir='ltr'>coactus</span> <span class='ocrx_word' id='word_1_403' title='bbox 769 2176 788 2198; x_wconf 91' lang='lat' dir='ltr'>a</span> <span class='ocrx_word' id='word_1_404' title='bbox 801 2163 963 2198; x_wconf 91' lang='lat' dir='ltr'>Tribuno</span> <span class='ocrx_word' id='word_1_405' title='bbox 980 2162 1152 2197; x_wconf 88' lang='lat' dir='ltr'>Labieno.</span> <span class='ocrx_word' id='word_1_406' title='bbox 1181 2163 1249 2197; x_wconf 91' lang='lat' dir='ltr'>Sed</span> <span class='ocrx_word' id='word_1_407' title='bbox 1270 2161 1494 2196; x_wconf 88' lang='lat' dir='ltr'>nihilominus</span> <span class='ocrx_word' id='word_1_408' title='bbox 1515 2173 1533 2195; x_wconf 92' lang='lat' dir='ltr'>a</span> <span class='ocrx_word' id='word_1_409' title='bbox 1550 2163 1682 2208; x_wconf 91' lang='lat' dir='ltr'>populo</span> <span class='ocrx_word' id='word_1_410' title='bbox 1700 2162 1870 2196; x_wconf 89' lang='lat' dir='ltr'>condem-</span> 
     </span>
     <span class='ocr_line' id='line_1_41' title="bbox 384 2209 1872 2258; baseline -0.003 -10"><span class='ocrx_word' id='word_1_411' title='bbox 384 2224 484 2249; x_wconf 88' lang='lat' dir='ltr'>natus</span> <span class='ocrx_word' id='word_1_412' title='bbox 499 2214 592 2254; x_wconf 79' lang='lat' dir='ltr'>esset,</span> <span class='ocrx_word' id='word_1_413' title='bbox 621 2214 680 2248; x_wconf 83' lang='lat' dir='ltr'>nisi</span> <span class='ocrx_word' id='word_1_414' title='bbox 694 2213 864 2247; x_wconf 89' lang='lat' dir='ltr'>Metellus</span> <span class='ocrx_word' id='word_1_415' title='bbox 878 2212 994 2253; x_wconf 88' lang='lat' dir='ltr'>Celer,</span> <span class='ocrx_word' id='word_1_416' title='bbox 1021 2223 1134 2258; x_wconf 85' lang='lat' dir='ltr'>augur</span> <span class='ocrx_word' id='word_1_417' title='bbox 1151 2220 1186 2246; x_wconf 89' lang='lat' dir='ltr'>et</span> <span class='ocrx_word' id='word_1_418' title='bbox 1204 2222 1343 2257; x_wconf 70' lang='lat' dir='ltr'>praetor,</span> <span class='ocrx_word' id='word_1_419' title='bbox 1371 2222 1452 2245; x_wconf 89' lang='lat' dir='ltr'>cum</span> <span class='ocrx_word' id='word_1_420' title='bbox 1473 2222 1492 2244; x_wconf 92' lang='lat' dir='ltr'>a</span> <span class='ocrx_word' id='word_1_421' title='bbox 1510 2209 1735 2245; x_wconf 85' lang='lat' dir='ltr'>multitudine</span> <span class='ocrx_word' id='word_1_422' title='bbox 1754 2210 1784 2244; x_wconf 89' lang='lat' dir='ltr'>se</span> <span class='ocrx_word' id='word_1_423' title='bbox 1800 2221 1872 2244; x_wconf 85' lang='lat' dir='ltr'>non</span> 
     </span>
     <span class='ocr_line' id='line_1_42' title="bbox 384 2259 1872 2309; baseline -0.003 -12"><span class='ocrx_word' id='word_1_424' title='bbox 384 2263 508 2304; x_wconf 86' lang='lat' dir='ltr'>audiri,</span> <span class='ocrx_word' id='word_1_425' title='bbox 536 2273 571 2298; x_wconf 90' lang='lat' dir='ltr'>et</span> <span class='ocrx_word' id='word_1_426' title='bbox 590 2263 774 2297; x_wconf 87' lang='lat' dir='ltr'>Rabirium</span> <span class='ocrx_word' id='word_1_427' title='bbox 793 2261 920 2309; x_wconf 88' lang='lat' dir='ltr'>cupide</span> <span class='ocrx_word' id='word_1_428' title='bbox 938 2261 1161 2296; x_wconf 86' lang='lat' dir='ltr'>condemnari</span> <span class='ocrx_word' id='word_1_429' title='bbox 1185 2261 1331 2302; x_wconf 88' lang='lat' dir='ltr'>videret,</span> <span class='ocrx_word' id='word_1_430' title='bbox 1359 2260 1528 2294; x_wconf 88' lang='lat' dir='ltr'>vexillum</span> <span class='ocrx_word' id='word_1_431' title='bbox 1556 2260 1600 2294; x_wconf 89' lang='lat' dir='ltr'>de</span> <span class='ocrx_word' id='word_1_432' title='bbox 1625 2259 1786 2303; x_wconf 88' lang='lat' dir='ltr'>Janiculo</span> <span class='ocrx_word' id='word_1_433' title='bbox 1811 2259 1872 2293; x_wconf 89' lang='lat' dir='ltr'>de-</span> 
     </span>
     <span class='ocr_line' id='line_1_43' title="bbox 384 2307 1875 2358; baseline -0.003 -12"><span class='ocrx_word' id='word_1_434' title='bbox 384 2311 546 2353; x_wconf 81' lang='lat' dir='ltr'>traxiffet‚</span> <span class='ocrx_word' id='word_1_435' title='bbox 573 2323 613 2345; x_wconf 87' lang='lat' dir='ltr'>ut</span> <span class='ocrx_word' id='word_1_436' title='bbox 633 2309 708 2358; x_wconf 89' lang='lat' dir='ltr'>jam</span> <span class='ocrx_word' id='word_1_437' title='bbox 737 2311 822 2357; x_wconf 85' lang='lat' dir='ltr'>nihil</span> <span class='ocrx_word' id='word_1_438' title='bbox 849 2309 983 2345; x_wconf 85' lang='lat' dir='ltr'>sciscere</span> <span class='ocrx_word' id='word_1_439' title='bbox 1010 2311 1142 2357; x_wconf 89' lang='lat' dir='ltr'>populo</span> <span class='ocrx_word' id='word_1_440' title='bbox 1167 2310 1294 2344; x_wconf 87' lang='lat' dir='ltr'>liceret.</span> <span class='ocrx_word' id='word_1_441' title='bbox 1345 2308 1505 2343; x_wconf 87' lang='lat' dir='ltr'>Comitiis</span> <span class='ocrx_word' id='word_1_442' title='bbox 1533 2319 1617 2355; x_wconf 82' lang='lat' dir='ltr'>ergo</span> <span class='ocrx_word' id='word_1_443' title='bbox 1637 2318 1721 2343; x_wconf 88' lang='lat' dir='ltr'>tunc</span> <span class='ocrx_word' id='word_1_444' title='bbox 1740 2307 1875 2350; x_wconf 71' lang='lat' dir='ltr'>solutis,</span> 
     </span>
     <span class='ocr_line' id='line_1_44' title="bbox 386 2357 1475 2407; baseline -0.003 -11"><span class='ocrx_word' id='word_1_445' title='bbox 386 2359 509 2407; x_wconf 83' lang='lat' dir='ltr'>abjecit</span> <span class='ocrx_word' id='word_1_446' title='bbox 525 2360 706 2396; x_wconf 87' lang='lat' dir='ltr'>Labienus</span> <span class='ocrx_word' id='word_1_447' title='bbox 723 2361 909 2403; x_wconf 65' lang='lat' dir='ltr'>actionem,</span> <span class='ocrx_word' id='word_1_448' title='bbox 935 2368 970 2396; x_wconf 88' lang='lat' dir='ltr'>et</span> <span class='ocrx_word' id='word_1_449' title='bbox 986 2359 1152 2396; x_wconf 86' lang='lat' dir='ltr'>Rabirius</span> <span class='ocrx_word' id='word_1_450' title='bbox 1169 2359 1216 2395; x_wconf 88' lang='lat' dir='ltr'>ita</span> <span class='ocrx_word' id='word_1_451' title='bbox 1232 2358 1281 2395; x_wconf 90' lang='lat' dir='ltr'>est</span> <span class='ocrx_word' id='word_1_452' title='bbox 1298 2357 1475 2394; x_wconf 81' lang='lat' dir='ltr'>liberatus.</span> 
     </span>
    </p>
   </div>
  </div>
 </body>
</html>
