2201 2792
693 162 828 199 PRO
888 161 951 199 M.
1012 160 1369 201 FONTEIO.
1648 166 1727 217 487

335 261 444 300 illam
475 262 690 300 immanem
709 275 751 299 ac
773 262 970 300 barbaram
991 262 1310 301 consuetudinem
1340 263 1549 304 hominum
1581 267 1729 305 immo-

337 326 570 365 landorum?
597 327 865 376 Qamobrem
886 327 992 379 quali
1011 327 1100 373 fide,
1123 328 1226 380 quali
1247 330 1400 381 pietate,
1421 331 1644 369 existimatis
1661 333 1731 370 effe

336 405 413 437 eos,
436 394 504 445 qui
523 394 640 431 etiarn
661 394 765 432 Deos
786 394 1023 431 immortales
1043 394 1276 433 arbitrentur
1294 394 1502 435 hominum
1522 398 1671 443 scelere,
1693 408 1732 436 et

336 456 532 510 sanguine,
553 458 741 497 facillime
761 458 862 512 poffe
892 459 1031 511 placari
1049 459 1062 495 ?
1092 473 1185 498 cum
1205 459 1266 498 his
1298 475 1364 499 vos
1386 463 1544 501 testibus
1571 464 1731 502 vestram

335 523 563 576 religionem
594 525 868 578 conjungetis?
899 526 946 563 ab
976 524 1038 563 his
1059 527 1274 578 quidquam
1305 528 1427 566 sanCte
1453 539 1517 568 aut
1536 531 1733 571 moderate

336 589 485 628 dietum
506 591 691 643 putabitis
711 592 723 628 ?

369 655 463 693 Hoc
484 656 611 694 vestrae
630 665 794 700 mentes,
817 665 896 693 tam
916 655 1034 702 castae,
1053 665 1131 694 tam
1152 657 1322 710 integrae,
1344 660 1414 697 fibi
1433 660 1651 714 suscipient,
1674 671 1730 706 ut,

335 733 425 757 cum
445 733 579 758 omnes
600 720 717 773 legati
737 721 867 766 nostri,
900 721 969 773 qui
989 721 1058 760 illo
1079 723 1246 761 triennio
1275 724 1316 761 in
1337 725 1509 764 Galliam
1529 737 1731 772 venerunt,

334 798 468 823 omnes
489 786 638 838 equites
659 787 844 831 Romani,
867 788 935 838 qui
956 787 996 824 in
1015 787 1081 825 illa
1099 789 1296 841 provincia
1310 788 1482 835 fuerunt,
1504 805 1639 830 omnes
1661 807 1730 831 ne-

335 851 540 903 gotiatores
570 853 652 904 ejus
682 852 902 904 provinciae,
934 853 1099 905 denique
1126 868 1275 899 omnes,
1307 855 1348 893 in
1371 857 1499 895 Gallia
1529 859 1597 909 qui
1627 859 1730 905 sunt,

335 917 429 955 socii
448 918 582 970 populi
602 918 773 956 Romani
792 928 906 971 atque
926 919 1056 963 amici,
1079 920 1141 958 M.
1167 921 1376 959 Fonteium
1396 922 1638 962 incolumem
1659 926 1731 963 effe

335 983 519 1035 cupiant;
546 984 664 1035 jurati
695 984 876 1036 privatim
898 993 935 1022 et
955 985 1111 1037 publice
1142 986 1325 1032 laudent,
1358 1002 1423 1026 vos
1455 998 1584 1027 tamen
1605 991 1732 1028 Gallis

335 1049 488 1086 credere
507 1049 681 1087 malitis?
715 1050 824 1101 Qid
856 1059 900 1088 ut
931 1050 1049 1089 secuti
1080 1051 1149 1089 effe
1170 1053 1406 1091 videamini?
1441 1055 1732 1094 voluntatemne

335 1114 575 1154 hominum?
596 1116 745 1168 gravior
772 1117 891 1168 igitur
910 1117 1019 1155 vobis
1040 1118 1111 1155 erit
1129 1116 1300 1157 hostium
1321 1120 1511 1166 voluntas,
1533 1136 1651 1174 quam
1671 1124 1730 1161 ci-

335 1182 473 1220 vium?
496 1184 560 1220 An
581 1182 809 1235 dignitatem
831 1183 1013 1221 testium?
1034 1185 1190 1236 potestis
1211 1185 1329 1237 igitur
1349 1187 1501 1239 ignotos
1523 1189 1638 1233 notis,
1653 1189 1731 1227 ini-

336 1260 432 1299 quos
454 1248 586 1299 aequiS,
609 1247 837 1300 alienigenas
858 1248 1091 1294 domesticis,
1109 1250 1269 1302 cupidos
1291 1252 1511 1297 moderatis,
1534 1267 1731 1292 mercena-

335 1313 410 1350 rios
430 1312 623 1366 gratuiti5‚
654 1313 796 1365 impios
828 1314 1023 1365 religiofis,
1055 1314 1338 1354 inimiciffimos
1366 1316 1459 1355 huic
1494 1319 1659 1371 imperio
1689 1333 1732 1357 ac

336 1379 489 1418 nomini
508 1379 620 1417 bonis
641 1393 683 1417 ac
704 1379 882 1418 fidelibus
903 1390 941 1418 et
961 1380 1070 1419 sociis
1087 1390 1124 1420 et
1143 1382 1308 1428 civibus,
1330 1383 1515 1422 anteferre
1532 1384 1544 1421 ?

390 1446 464 1484 XI.
496 1447 561 1484 An
592 1458 679 1484 vero
709 1446 908 1491 dubitatis,
937 1447 1108 1497 Judices,
1143 1448 1238 1499 quin
1258 1449 1384 1487 infitas
1410 1450 1634 1488 inimicitias
1655 1451 1734 1490 istae

335 1520 467 1563 gentes
488 1524 622 1550 omnes
643 1520 681 1549 et
699 1510 877 1556 habeant,
903 1521 941 1549 et
959 1522 1106 1564 gerant,
1139 1526 1230 1552 cum
1253 1515 1388 1567 populi
1409 1516 1579 1554 Romani
1600 1519 1732 1555 nomi-

336 1577 413 1614 ne?
446 1577 507 1614 Sic
537 1576 761 1615 existimatis
793 1590 855 1615 eos
886 1576 951 1615 hic
972 1577 1116 1630 sagatos
1138 1578 1407 1633 braccatosque
1427 1581 1574 1627 versari,
1602 1583 1733 1620 animo

337 1642 497 1679 demiffo
517 1651 631 1693 atque
651 1641 808 1687 humili,
842 1652 885 1680 ut
905 1643 1027 1681 solent
1046 1644 1088 1689 ii,
1116 1645 1186 1696 qui
1206 1644 1331 1683 affecti
1362 1647 1511 1697 injuriis
1539 1648 1585 1684 ad
1616 1662 1732 1700 opem

330 1707 513 1759 judicum
533 1706 721 1759 supplices
742 1706 1014 1760 inferioresque
1043 1708 1276 1761 confugiunt
1294 1711 1307 1747 ?
1339 1710 1455 1748 Nihil
1475 1725 1564 1749 vero
1585 1713 1729 1750 minus.

336 1773 396 1811 Hi
417 1782 550 1811 contra
569 1782 754 1825 vagantur
773 1773 851 1812 laeti
871 1783 985 1826 atque
1006 1775 1118 1813 erecti
1143 1775 1277 1828 paffim
1298 1785 1380 1814 toto
1399 1776 1498 1822 foro,
1527 1791 1619 1815 cum
1641 1779 1730 1830 qui-

337 1838 495 1877 busdam
516 1840 649 1884 minis,
662 1848 700 1877 et
720 1840 878 1878 barbaro
893 1850 1007 1893 atque
1023 1841 1186 1879 immani
1208 1851 1347 1880 terrore
1367 1844 1587 1881 verborum.
1611 1845 1732 1895 Qod

336 1918 408 1958 ego
428 1904 600 1958 profecto
620 1919 697 1943 non
718 1907 927 1952 crederem,
957 1908 1025 1946 nisi
1047 1908 1249 1960 aliquoties
1270 1923 1317 1946 ex
1337 1909 1424 1961 ipfis
1451 1911 1732 1948 accusatoribus

336 1971 537 2009 vobiscum
559 1971 870 2022 fi1nul‚Judices‚
892 1973 1099 2018 audiffem;
1123 1987 1214 2012 cum
1233 1975 1494 2027 praeciperent,
1518 1986 1559 2013 ut
1580 1989 1731 2014 cavere-

337 2037 401 2081 tis,
419 2050 480 2081 ne,
498 2036 572 2075 hoc
593 2037 780 2082 absoluto,
795 2052 940 2076 novum
956 2039 1112 2092 aliquod
1133 2040 1280 2078 bellum
1298 2042 1496 2079 Gallicum
1519 2043 1732 2080 concitare-

337 2106 414 2135 tur.

392 2164 430 2200 Si
452 2164 514 2201 M.
539 2163 762 2208 Fonteium,
786 2165 956 2214 Judices,
980 2166 1019 2202 in
1040 2165 1147 2203 causa
1167 2165 1372 2205 deficerent
1391 2169 1548 2213 omnia5
1581 2169 1605 2206 s1
1629 2169 1731 2220 turpi

336 2229 601 2273 adolescentia,
625 2230 701 2268 vita
722 2229 873 2275 infami,
897 2231 1194 2283 magistratibus,
1215 2247 1312 2284 quos
1333 2243 1418 2271 ante
1439 2235 1572 2271 oculos
1594 2234 1730 2271 vestros

336 2295 456 2346 geffit,
479 2296 675 2333 convictus
697 2296 867 2334 virorum
890 2297 1080 2335 bonorum
1102 2298 1345 2344 testimoniis,
1379 2300 1634 2351 legationibus
1661 2298 1730 2344 fla-

336 2360 470 2411 gitiose
491 2360 620 2404 obitis,
645 2361 784 2399 invisus
807 2362 880 2399 suis
901 2363 1098 2408 omnibus,
1127 2364 1166 2401 in
1181 2364 1377 2415 judicium
1399 2372 1619 2406 vocaretur3
1643 2363 1667 2400 s1
1690 2365 1732 2401 in

337 2437 382 2461 eo
408 2424 558 2475 judicio
589 2426 818 2464 colonorum
849 2428 984 2479 populi
1012 2429 1180 2465 Romani
1201 2428 1527 2471 Narbonenfium,
1561 2427 1729 2465 fideliffi-

338 2502 493 2527 morum
516 2489 704 2528 sociorum
727 2491 1032 2537 Maffilienfium,
1065 2493 1210 2531 civium
1238 2493 1508 2531 Romanorum
1535 2493 1728 2538 omniurn,
