2201 2792
654 151 1000 191 Achole
1043 152 1096 191 11.
1156 154 1365 194 LIBER
1402 157 1455 194 v.
1669 174 1749 214 415

352 263 445 290 cum
465 259 530 289 aut
550 250 726 296 navibus,
756 260 822 289 aut
849 251 993 289 ratibus
1025 260 1256 290 conarentur
1285 253 1491 291 accedere?
1524 255 1608 293 Nos
1644 257 1751 295 enim

352 316 452 356 nihil
473 331 645 370 unquam
664 318 816 370 prorsus
837 318 1055 356 audivimus
1074 333 1083 357 ε
1106 328 1145 357 et
1164 318 1264 357 illud
1283 319 1516 365 audivimus,
1534 322 1596 359 M.
1615 323 1747 368 Craffi,

349 383 545 423 fortiffimi
565 385 650 430 viri,
671 385 826 431 virtute,
845 386 1081 438 consilioque
1100 385 1261 432 factum,
1283 400 1331 424 ne
1351 387 1495 425 ratibus
1515 389 1747 440 conjunctis,

348 451 448 491 freto
477 451 636 506 fugitivi
667 453 712 491 ad
743 453 958 492 Meffanam
993 454 1148 492 tranfire
1167 453 1338 507 poffent:
1370 469 1390 493 a
1410 469 1488 507 quo
1518 455 1577 493 illi
1609 466 1749 494 conatu

348 531 428 557 non
448 526 644 573 tantopere
663 519 897 572 prohibendi
916 519 1086 566 fuissent,
1118 521 1145 559 fi
1177 521 1256 559 ulla
1285 521 1326 558 in
1347 521 1476 560 Sicilia
1506 522 1674 574 praefidia
1703 523 1748 560 ad

346 584 508 624 illorum
527 586 735 624 adventum
757 586 928 639 oppofita
945 595 1186 639 putarentur.
1218 588 1274 625 At
1294 596 1380 625 tum
1401 588 1441 625 in
1464 588 1574 625 Italia
1600 587 1747 625 bellum

346 659 427 689 tam
458 665 577 704 prope
610 665 631 689 a
651 652 793 697 Sicilia,
830 661 959 690 tamen
990 653 1031 690 in
1052 652 1182 691 Sicilia
1212 666 1291 691 non
1312 653 1402 692 fuit.
1436 654 1545 706 Qid
1566 654 1744 691 mirum?

346 731 418 756 nec
438 731 531 756 cum
552 718 592 756 in
614 718 743 756 Sicilia
761 719 922 771 quidem
942 718 1033 766 fuit,
1055 720 1192 758 eodem
1211 720 1425 765 intervallo,
1447 734 1531 773 pars
1551 721 1631 773 ejus
1653 721 1747 759 belli

345 785 387 823 in
409 785 560 824 Italiam
581 785 660 824 ulla
678 787 852 839 pervasit.

399 851 475 891 III.
507 852 669 890 Etenim
689 853 958 906 propinquitas
980 853 1159 891 locorum
1180 854 1226 891 ad
1249 863 1375 891 utram
1397 862 1543 906 partem
1562 852 1637 892 hoc
1658 853 1746 892 loco

343 917 562 971 profertur?
586 928 718 957 utrum
739 920 888 958 aditum
908 919 1063 959 facilem
1083 919 1272 965 hostibus,
1294 933 1341 958 an
1361 921 1632 973 contagionem
1649 921 1744 958 imi-

343 985 451 1023 tandi
471 986 552 1037 ejus
574 985 667 1023 belli
688 986 941 1038 periculosam
957 985 1095 1024 fuisse?
1117 986 1258 1025 Aditus
1272 987 1400 1024 omnis
1421 985 1650 1024 hominibus
1667 987 1745 1025 fine

343 1051 423 1089 ulla
449 1051 632 1091 facultate
666 1053 824 1091 navium
855 1067 934 1091 non
965 1053 1083 1092 modo
1115 1054 1342 1106 disjunctus,
1375 1053 1437 1091 sed
1457 1054 1573 1092 etiam
1595 1053 1743 1092 clausus

344 1117 449 1157 fuit:
482 1127 526 1157 ut
545 1119 638 1163 illis,
660 1119 802 1171 quibus
825 1119 995 1157 Siciliam
1026 1120 1286 1173 propinquam
1317 1118 1428 1157 fuiffe
1448 1120 1558 1164 dicis,
1590 1118 1744 1158 facilius

343 1183 462 1222 fuerit
481 1185 527 1222 ad
546 1198 733 1222 oceanum
753 1186 962 1237 pervenire,
985 1200 1102 1238 quarn
1125 1186 1171 1223 ad
1192 1185 1409 1224 Peloridem
1431 1185 1621 1224 accedere.

398 1251 591 1303 Contagio
610 1259 739 1289 autem
759 1250 826 1288 ista
845 1251 988 1290 servilis
1012 1252 1119 1297 belli,
1150 1265 1220 1290 cur
1239 1251 1304 1290 abs
1325 1262 1362 1290 te
1382 1252 1528 1304 potius,
1555 1265 1672 1303 quam
1694 1252 1743 1289 ab

341 1317 388 1356 iis
418 1318 616 1362 omnibus,
650 1318 719 1369 qui
750 1326 900 1356 caeteras
932 1318 1148 1371 provincias
1180 1318 1447 1362 obtinuerunt,
1480 1318 1738 1370 praedicatur?

336 1385 408 1421 -An
428 1383 533 1436 quod
552 1383 594 1421 in
615 1383 744 1421 Sicilia
768 1384 852 1436 jam
873 1392 960 1421 ante
992 1383 1092 1422 bella
1111 1383 1368 1437 fugitivorum
1396 1383 1553 1422 fuerunt
1571 1384 1583 1420 ?
1599 1385 1670 1421 .At
1700 1397 1742 1421 ea

340 1449 420 1502 ipsa
438 1449 547 1487 causa
566 1449 631 1494 est,
663 1462 733 1487 cur
751 1449 829 1502 ipsa
849 1450 1046 1502 provincia
1066 1450 1234 1488 minimo
1254 1450 1294 1487 in
1316 1450 1487 1502 periculo
1508 1450 1566 1493 fit,
1598 1458 1634 1486 et
1652 1448 1738 1487 fue-

340 1516 404 1554 rit.
436 1515 543 1554 Nam
563 1515 810 1568 posteaquam
841 1516 952 1553 illinc
974 1516 1049 1554 Μ’.
1073 1516 1257 1567 Aquilius
1279 1516 1446 1560 deceffit,
1468 1516 1648 1553 omnium
1677 1517 1738 1553 in-

339 1581 482 1627 stituta,
504 1591 620 1634 atque
638 1582 761 1619 edicta
781 1582 994 1620 Praetorum
1014 1581 1170 1619 fuerunt
1190 1582 1393 1634 ejusmodi,
1412 1592 1454 1620 ut
1476 1596 1522 1619 ne
1543 1583 1629 1633 quis
1647 1595 1740 1619 cum

341 1647 421 1685 telo
439 1647 564 1686 servus
594 1647 697 1685 effet.
730 1648 852 1685 Vetus
879 1647 931 1685 est
951 1647 1057 1700 quod
1089 1648 1231 1693 dicam,
1263 1657 1300 1685 ct
1325 1657 1481 1700 propter
1502 1648 1739 1686 severitatem

339 1714 510 1766 exempli
530 1714 679 1751 nemini
698 1712 848 1752 fortaffe
867 1713 1032 1752 vestrum
1049 1714 1267 1752 inauditum
1284 1729 1292 1752 :
1316 1715 1364 1752 L.
1384 1715 1610 1752 Domitium
1632 1714 1737 1751 Prae-

339 1789 463 1818 torem
485 1780 524 1818 in
546 1780 688 1825 Sicilia,
721 1792 813 1818 cum
833 1793 922 1833 aper
942 1781 1076 1833 ingens
1098 1780 1144 1818 ad
1175 1792 1265 1818 eum
1286 1780 1422 1817 allatus
1443 1780 1543 1824 effer,
1569 1780 1735 1817 admira-

338 1856 425 1884 tum
446 1846 649 1900 requififfe,
682 1847 768 1899 quis
796 1861 886 1885 eum
914 1846 1156 1900 percuffiffet.
1204 1848 1309 1885 Cum
1344 1846 1514 1891 audiiset,
1548 1846 1737 1898 pastorem

337 1912 535 1965 cujusdam
556 1911 678 1958 fuisse,
695 1926 787 1950 eum
808 1913 854 1951 ad
874 1913 910 1950 se
931 1914 1058 1950 vocari
1073 1912 1214 1965 juffiffe
1232 1927 1240 1950 z
1268 1912 1382 1949 illum
1404 1912 1543 1965 cupide
1565 1912 1609 1949 ad
1632 1913 1734 1950 Prae-

337 1987 476 2024 torem,
499 1978 601 2031 quasi
620 1978 667 2016 ad
687 1978 855 2023 laudem,
888 1988 1002 2031 atque
1022 1978 1068 2016 ad
1088 1978 1293 2031 praemium
1315 1978 1537 2016 accurrifl‘e:
1571 1977 1736 2029 quaefiffe

340 2044 581 2088 Domitium,
617 2045 685 2096 qui
706 2053 851 2083 tantam
884 2045 1042 2083 bestiam
1072 2043 1327 2097 percuffiffet:
1360 2044 1472 2082 illum
1495 2043 1734 2096 respondisse,

337 2109 538 2148 venabulo.
563 2109 700 2147 Statim
721 2109 859 2148 deinde
873 2110 976 2162 juffu
997 2110 1171 2148 Praetoris
1192 2110 1232 2147 in
1254 2123 1411 2148 crucem
1432 2109 1502 2148 effe
1523 2109 1732 2147 sublatum.

337 2176 494 2214 Durum
526 2174 602 2214 hoc
632 2175 782 2214 fortafl'e
813 2176 985 2214 videatur
1003 2190 1012 2213 :
1043 2189 1170 2228 neque
1191 2189 1262 2228 ego
1284 2176 1403 2214 ullam
1425 2177 1465 2214 in
1485 2185 1632 2228 partem
1654 2175 1730 2212 dis-

335 2250 444 2294 puto.
467 2243 645 2280 Tantum
666 2242 858 2295 intelligo,
894 2241 1064 2280 maluiffe
1085 2242 1313 2280 Domitium
1345 2242 1540 2280 crudelem
1575 2242 1614 2278 in
1646 2242 1729 2278 ani-

334 2308 623 2354 madvertendo,
645 2321 764 2361 quam
784 2309 825 2346 in
845 2309 1176 2363 praetermittendo
1195 2309 1434 2352 dissolutum,
1457 2308 1590 2345 videri.

378 2375 448 2412 IV.
482 2376 586 2428 Ergo
605 2374 666 2413 his
687 2375 872 2414 institutis
891 2375 1114 2429 provinciae,
1130 2376 1213 2427 jam
1233 2385 1332 2420 tum,
1352 2388 1443 2412 cum
1466 2374 1568 2410 bello
1590 2371 1728 2423 fugiti-

338 2454 471 2478 vorum
494 2451 572 2480 tota
594 2442 701 2481 Italia
721 2443 879 2488 arderet,
910 2441 1032 2482 homo
1052 2455 1130 2481 non
1150 2442 1372 2485 acerrimus,
1406 2453 1475 2477 nec
1502 2438 1728 2476 fortiffimus
