2201 2792
493 129 572 182 456
922 124 1013 163 IN
1089 122 1472 161 VERREM

494 227 634 271 verbis,
666 225 728 264 sed
754 224 889 264 multis
911 223 1049 262 officiis
1070 222 1229 261 illorum
1250 221 1427 274 usurpata
1456 229 1493 258 et
1514 219 1778 272 comprobata,
1800 231 1894 271 cog-

494 295 615 338 natio,
637 305 733 345 quos
755 291 910 330 tandem
931 289 1078 328 fructus
1110 288 1272 340 hujusce
1302 287 1588 325 neceffitudinis
1620 287 1661 324 in
1688 286 1794 324 istius
1816 287 1896 324 im-

495 361 602 414 perio
623 359 744 398 tulit?
777 359 936 409 Nempe
966 356 1043 395 hoc
1077 355 1154 394 fuit
1172 356 1274 407 jure,
1307 354 1480 405 Judices,
1515 362 1558 392 ut
1587 367 1635 392 ex
1665 353 1748 392 sinu
1779 353 1895 406 patris

495 427 753 465 nobiliffimus
774 423 1005 468 adolescens,
1036 431 1074 460 et
1094 435 1114 459 e
1133 421 1344 473 complexu
1375 420 1506 458 matris
1527 416 1678 473 ereptus
1712 421 1898 458 innocens

495 494 613 538 filius,
635 493 740 531 istius
761 489 933 529 carnifici
954 489 1071 527 Sestio
1092 488 1307 526 dederetur.
1341 487 1420 525 Cui
1445 487 1594 525 civitati
1615 488 1777 539 majores
1807 485 1896 525 nos-

496 561 546 597 tri
573 559 763 597 maximos
797 569 906 608 agros
937 564 1051 607 atque
1081 555 1251 607 optimos
1278 552 1541 591 concesserunt
1556 571 1569 597 ς
1602 566 1720 604 quam
1745 553 1896 590 immu-

497 642 588 666 nem
609 626 679 664 effe
709 625 939 669 voluerunt,
971 622 1068 668 haec,
1099 631 1204 660 tanta
1235 622 1337 675 apud
1359 630 1407 659 .te
1437 621 1696 673 cognationis,
1732 620 1899 659 fidelita-

496 695 561 738 tis,
578 692 772 731 vetustatis
793 691 1030 735 auctoritate,
1052 703 1100 728 ne
1119 687 1195 727 hoc
1217 689 1378 741 quidem
1392 688 1490 740 juris
1512 687 1699 732 obtinuit,
1720 696 1765 725 ut
1784 687 1899 724 unius

497 759 765 802 honestiffimi,
796 766 912 810 atque
933 755 1250 800 innocentiffimi‚
1278 754 1374 792 civis
1405 763 1575 792 mortem
1605 763 1643 792 et
1673 753 1901 806 sanguinem

498 827 775 879 deprecaretur.

544 892 738 931 XLVIII.
772 891 864 941 Qo
885 887 1115 942 confugient
1135 888 1228 926 socii
1247 888 1260 925 ?
1284 901 1403 940 quem
1424 886 1691 941 implorabunt
1710 886 1722 922 ?
1744 898 1820 938 qua
1839 884 1903 938 spe

498 960 680 1011 denique,
714 966 757 995 ut
777 957 901 994 vivere
921 956 1057 1001 velint,
1094 955 1344 999 tenebuntur,
1377 954 1404 992 fi
1424 967 1489 992 vos
1521 967 1584 992 eos
1605 952 1806 991 deseritis?
1836 951 1903 990 Ad

500 1027 672 1064 senatum
695 1024 910 1067 devenient,
945 1023 1013 1074 qui
1045 1022 1090 1060 de
1112 1022 1230 1059 Verre
1262 1021 1500 1074 supplicium
1529 1020 1685 1058 sumat?
1717 1019 1814 1058 Non
1849 1018 1904 1056 est

499 1094 697 1137 usitatum,
719 1104 797 1129 non
819 1090 1065 1127 senatorium.
1096 1088 1160 1127 Ad
1179 1087 1373 1141 populum
1394 1089 1622 1126 Romanum
1643 1085 1902 1139 confugient?

500 1160 640 1198 Facilis
676 1158 728 1196 est
761 1156 872 1195 causa
898 1156 1064 1209 populi:
1096 1155 1224 1208 legem
1257 1155 1363 1192 enim
1398 1154 1588 1192 sociorum
1613 1154 1722 1192 causa
1745 1151 1903 1206 juffiffe,

499 1237 537 1264 et
570 1239 636 1264 vos
668 1225 702 1262 ei
733 1224 811 1276 legi
846 1223 1018 1260 custodes
1050 1236 1092 1259 ac
1125 1222 1296 1259 vindices
1328 1221 1363 1258 se
1385 1220 1637 1273 praeposuiss'e,
1671 1220 1786 1258 dicet.
1819 1219 1902 1256 Hic

499 1294 608 1331 locus
629 1292 682 1329 est
702 1291 821 1343 igitur
842 1302 956 1333 unus,
979 1302 1057 1340 quo
1078 1287 1324 1341 perfugiant:
1357 1286 1422 1324 hic
1445 1296 1592 1340 portus,
1615 1286 1697 1324 haec
1718 1299 1799 1330 arx,
1819 1283 1903 1322 haec

500 1373 563 1397 ara
582 1359 800 1396 sociorum:
834 1369 911 1407 quo
932 1355 1092 1406 quidem
1124 1368 1228 1392 nunc
1261 1367 1337 1391 non
1361 1354 1413 1391 ita
1444 1352 1691 1405 confugiunt,
1724 1361 1768 1390 ut
1796 1360 1906 1389 antea

502 1427 541 1464 in
563 1426 637 1463 suis
671 1422 885 1476 repetendis
907 1422 1019 1459 rebus
1046 1421 1232 1459 solebant.
1265 1421 1361 1458 Non
1392 1430 1609 1472 argentum,
1643 1433 1722 1457 non
1751 1431 1904 1462 aurum,

502 1505 581 1529 non
601 1489 757 1533 vestem,
788 1501 866 1525 non
888 1487 1096 1539 mancipia,
1132 1495 1311 1539 repetunt
1327 1503 1339 1529 ς
1372 1499 1450 1522 non
1471 1494 1709 1528 ornamenta,
1742 1497 1827 1536 quae
1858 1496 1906 1521 ex

502 1558 662 1596 urbibus
693 1555 867 1608 fanisque
899 1562 1027 1607 erepta
1057 1553 1158 1592 sunt.
1206 1554 1398 1592 Metuunt
1429 1551 1607 1590 homines
1639 1550 1826 1604 imperiti,
1858 1563 1907 1588 ne

497 1627 579 1678 jam
600 1623 682 1662 haec
702 1623 869 1676 populus
891 1622 1093 1659 Romanus
1114 1619 1314 1665 concedat,
1336 1619 1473 1672 etjam
1493 1618 1574 1657 fieri
1596 1618 1713 1656 velit:
1736 1617 1908 1671 patimur

502 1692 608 1729 enim
634 1692 717 1743 jam
740 1688 886 1728 multos
917 1701 1052 1733 annos,
1083 1697 1120 1725 et
1149 1687 1318 1732 silemus,
1349 1700 1442 1724 cum
1469 1685 1679 1730 videamus,
1699 1685 1745 1722 ad
1764 1696 1907 1737 paucos

502 1758 682 1796 homines
709 1769 844 1795 omnes
865 1756 1047 1794 omnium
1079 1755 1283 1793 nationum
1314 1754 1495 1807 pecunias
1526 1751 1747 1806 perveniffe.
1786 1750 1907 1802 Qod

503 1839 548 1863 eo
569 1825 692 1877 magis
712 1823 811 1862 ferre
831 1836 942 1874 aequo
962 1822 1107 1867 animo,
1133 1831 1247 1874 atque
1268 1821 1493 1865 concedere,
1513 1820 1703 1863 videmur,
1723 1818 1814 1870 quia
1833 1830 1904 1855 ne-

505 1906 572 1929 mo
593 1891 752 1929 istorum
773 1888 1010 1933 diffimulat3
1044 1902 1160 1926 nemo
1185 1888 1346 1932 laborat,
1380 1895 1424 1924 ut
1455 1886 1615 1924 obscura
1634 1885 1698 1922 sua
1716 1883 1907 1936 cupiditas

505 1957 576 1995 effe
598 1957 781 1994 videatur.

564 2025 608 2061 In
632 2023 729 2060 urbe
759 2020 883 2059 nostra
913 2018 1175 2073 pulcherrima
1198 2028 1312 2071 atque
1339 2018 1585 2062 ornatiffima,
1615 2016 1719 2069 quod
1740 2016 1907 2069 fignum,

507 2105 592 2143 quae
613 2089 742 2127 tabula
762 2088 863 2140 picta
896 2087 962 2131 est,
995 2100 1079 2139 quae
1114 2100 1192 2124 non
1226 2087 1273 2123 ab
1304 2084 1477 2123 hostibus
1510 2085 1619 2122 victis
1656 2092 1768 2136 capta
1796 2092 1911 2135 atque
1967 2118 1971 2120 ,

507 2165 702 2209 apportata
724 2155 768 2193 fit
786 2155 797 2191 ?
820 2156 873 2191 At
895 2154 1053 2191 istorum
1076 2153 1190 2197 villae,
1213 2153 1406 2190 sociorum
1427 2151 1736 2190 fideliflimorum
1758 2159 1796 2187 et
1818 2149 1908 2202 plu-

508 2224 616 2263 rimis
647 2233 684 2260 et
706 2220 979 2274 pulcherrimis
1000 2220 1144 2272 spoliis,
1182 2229 1322 2258 ornatae
1352 2218 1575 2270 refertaeque
1602 2218 1702 2255 sunt.
1736 2216 1907 2268 Ubipe-

507 2292 639 2330 eunias
671 2299 885 2328 exterarum
917 2288 1120 2325 nationum
1142 2286 1213 2324 effe
1233 2286 1489 2329 arbitramini,
1522 2285 1664 2336 quibus
1686 2296 1788 2320 nunc
1820 2295 1908 2320 om-

508 2373 575 2396 nes
609 2365 748 2410 egent,
780 2369 871 2393 cum
909 2353 1095 2398 Athenas,
1130 2354 1389 2405 Pergamum,
1431 2352 1651 2402 Cyzicum,
1689 2349 1908 2394 Miletum,

510 2423 674 2467 Chium,
708 2424 879 2466 Samum,
923 2430 1045 2459 totam
1080 2419 1247 2472 denique
1281 2418 1426 2462 Asiam,
1464 2416 1668 2462 Achaiam,
1702 2416 1909 2460 Graeciam,

509 2491 694 2535 Siciliam,
720 2490 803 2541 jam
835 2489 875 2527 in
907 2488 1038 2542 paucis
1070 2487 1173 2526 villis
1205 2485 1368 2525 inclusas
1401 2484 1471 2523 effe
1492 2484 1678 2523 videatis?
1713 2483 1784 2522 Sed
1813 2482 1910 2528 haec,
