2201 2792
574 199 680 236 PRO
725 198 842 235 SEX,
889 196 1113 249 Ros*C1o
1157 196 1474 234 Arm-arsos
1673 213 1720 251 59

314 298 350 336 se
371 296 565 335 voluntate
595 294 713 348 patris
749 295 803 333 rei
829 293 1027 340 familiari,
1060 294 1225 347 vitaeque
1258 294 1404 333 rusticae
1435 292 1619 339 dediffet3
1656 296 1723 333 iste

312 371 441 402 autem
462 361 641 414 frequens
663 362 802 400 Romae
823 361 912 400 effet
927 381 940 408 ς
972 361 1164 400 occiditur
1194 362 1241 400 ad
1262 362 1413 400 balneas
1435 361 1640 407 Palatinas,
1663 375 1723 400 rem

311 430 418 468 diens
439 442 460 467 a
479 442 589 467 coena
611 430 695 467 Sex.
715 429 897 468 Roscius.
920 430 1038 482 Spero
1059 443 1105 468 ex
1126 428 1202 467 hoc
1224 429 1305 482 ipso
1322 443 1400 467 non
1413 427 1483 466 effe
1499 428 1724 473 obscurum,

311 496 357 535 ad
378 509 497 549 quem
516 495 682 550 suspicio
703 495 886 535 maleficii
906 496 1109 550 pertineat.
1141 496 1291 534 Verum
1312 496 1366 541 id,
1401 495 1507 548 quod
1526 494 1652 534 adhuc
1673 495 1727 533 est

310 562 575 616 suspiciosum,
592 561 662 601 nifi
682 562 931 616 perspicuum
951 576 1008 601 res
1029 561 1108 616 ipsa
1127 561 1278 608 fecerit,
1300 561 1407 601 hunc
1424 562 1582 601 affinem
1601 562 1727 615 culpae

307 630 533 681 judicatote.

369 697 511 736 Occiso
542 700 628 736 Sex.
651 696 807 743 Roscio,
830 698 980 751 primus
1003 698 1203 736 Ameriam
1226 697 1385 736 nunciat
1413 696 1576 736 Mallius
1599 696 1726 735 Glaua

311 764 370 802 cia
391 764 567 817 quidam,
597 764 720 803 homo
743 766 884 810 tenuis,
918 765 1137 810 libertinus,
1170 765 1290 803 cliens
1323 774 1361 804 et
1391 763 1593 803 familiaris
1620 763 1727 801 istius

313 832 366 869 T.
389 831 548 878 Rosci13
580 840 617 870 et
639 833 799 870 nunciat
820 832 999 878 domum,
1033 846 1111 871 non
1133 832 1219 877 filii,
1248 832 1310 870 sed
1331 834 1384 870 T.
1409 831 1626 884 Capitonis,
1649 831 1726 868 ini-

312 899 436 938 mici:
468 909 520 945 et,
553 913 646 939 cum
667 899 750 953 post
770 899 907 939 horam
937 901 1104 954 primam
1134 902 1256 939 noc‘tis
1288 900 1435 938 occisus
1466 898 1568 944 esset,
1600 898 1729 951 primo

314 964 489 1004 diluculo
519 966 685 1004 nuncius
717 965 782 1004 hic
809 967 1012 1005 Ameriam
1043 968 1163 1005 venit.
1212 967 1361 1004 Decem
1393 965 1498 1004 horis
1529 966 1728 1004 noeturnis

315 1029 378 1068 sex
397 1040 434 1068 et
454 1031 739 1083 quinquaginta
759 1032 883 1068 millia
901 1032 1078 1083 passuum
1110 1032 1208 1070 cisiis
1239 1032 1477 1084 pervolavit;
1511 1045 1589 1070 non
1610 1030 1729 1070 modo

315 1105 360 1134 ut
379 1106 608 1150 exoptatum
628 1096 791 1135 inimico
818 1097 1005 1135 nuntium
1025 1097 1175 1149 primus
1196 1097 1358 1142 afferret,
1391 1097 1453 1135 sed
1473 1098 1592 1136 etiam
1612 1110 1728 1135 cruo-

313 1175 397 1200 rem
417 1162 585 1206 inimici,
604 1175 723 1213 quam
743 1161 1060 1207 recentiffimum‚
1083 1163 1283 1214 telumque
1300 1163 1416 1215 paulo
1431 1172 1520 1201 ante
1535 1176 1555 1201 e
1571 1176 1730 1216 corpore

313 1229 530 1267 extractum
551 1226 777 1266 ostenderet.

370 1293 606 1346 Qafflduo,
631 1307 711 1347 quo
730 1292 812 1332 haec
831 1293 934 1347 gesta
954 1294 1055 1340 sunt,
1088 1309 1144 1333 res
1165 1295 1212 1333 ad
1234 1294 1535 1348 Chrysogonum
1553 1295 1595 1335 in
1615 1295 1732 1334 castra

313 1362 365 1401 L.
385 1361 498 1413 Syllae
518 1360 736 1399 Volaterras
758 1359 927 1401 defertur
945 1375 954 1399 :
978 1362 1210 1414 magnitudo
1230 1362 1403 1415 pecuniae
1423 1361 1704 1403 demonstratur
1716 1382 1729 1409 3

252 1429 257 1432 “
315 1428 468 1467 bonitas
500 1427 735 1482 praediorum
751 1446 764 1474 5
797 1442 889 1467 nam
927 1426 1070 1467 fundos
1103 1429 1240 1467 decem
1273 1438 1312 1467 et
1345 1438 1419 1468 tres
1451 1429 1630 1483 reliquit,
1662 1431 1732 1484 qui

315 1495 499 1534 Tiberim
519 1494 597 1534 fere
616 1508 750 1534 omnes
771 1504 937 1549 tangunt
954 1510 963 1535 :
995 1494 1112 1550 hujus
1133 1496 1267 1550 inopia
1294 1506 1334 1535 et
1353 1497 1520 1536 solitudo
1552 1511 1732 1537 comme-

315 1572 503 1601 moratur.
535 1562 828 1609 Demonstrant‚
850 1576 944 1602 cum
962 1572 1069 1617 pater
1100 1563 1275 1616 hujusce,
1298 1566 1383 1603 Sex.
1402 1564 1580 1610 Roscius,
1609 1563 1733 1603 homo

316 1638 399 1668 tam
420 1630 657 1683 splendidus,
689 1639 728 1670 et
747 1630 949 1683 gratiosus,
978 1630 1087 1669 nullo
1118 1631 1275 1684 negotio
1295 1632 1341 1670 fit
1360 1631 1523 1677 occisus,
1550 1630 1734 1685 perfacile

318 1695 425 1735 hunc
441 1695 661 1742 hominem,
682 1697 900 1741 incautum,
931 1706 969 1735 et
995 1698 1198 1742 rusticum,
1227 1708 1266 1736 et
1292 1700 1431 1736 Romae
1451 1699 1649 1750 ignotum,
1687 1698 1734 1736 de

320 1763 452 1802 medio
484 1762 571 1801 tolli
606 1761 723 1815 poffe.
774 1762 838 1800 Ad
859 1776 945 1801 eam
964 1776 1048 1801 rem
1069 1776 1226 1816 operam
1246 1763 1352 1801 suam
1373 1762 1623 1816 pollicentur.
1668 1763 1733 1802 Ne

320 1830 466 1868 diutins
488 1843 553 1868 vos
574 1839 740 1874 teneam,
762 1830 936 1880 Judices‚
963 1830 1119 1868 societas
1141 1830 1281 1868 coitur.

374 1897 491 1935 VIII.
529 1897 635 1934 Cum
655 1896 740 1947 jam
760 1895 1052 1948 proscriptionis
1084 1896 1233 1934 mentio
1263 1895 1371 1934 nulla
1401 1895 1521 1941 fieret,
1555 1904 1593 1935 et
1623 1910 1731 1942 cum,

319 1964 436 2002 etiam
457 1964 526 2017 qui
546 1972 656 2002 antea
675 1973 906 2008 metuerant,
936 1963 1117 2008 redirent5
1145 1977 1186 2001 ac
1211 1964 1298 2015 jam
1313 1962 1515 2002 defunc‘ms
1534 1963 1607 2002 sese
1628 1964 1733 2017 peri-

323 2032 420 2070 culis
441 2032 713 2070 arbitrarentur
728 2050 740 2076 3
772 2030 947 2069 hominis
971 2031 1229 2070 studiofiffimi
1250 2031 1465 2070 nobilitatis
1486 2045 1668 2085 manceps
1689 2029 1735 2070 fit·

322 2097 613 2151 Chrysogonus
645 2099 742 2137 Tria
760 2098 901 2152 praedia
920 2099 980 2137 vel
1012 2098 1247 2136 nobilissima
1265 2099 1450 2152 Capitoni
1476 2099 1630 2152 propria
1656 2108 1734 2137 tra-

321 2167 482 2210 duntur,
514 2179 598 2218 qua}
619 2164 735 2202 hodie
755 2164 943 2218 possidet:
976 2165 1016 2202 in
1038 2165 1202 2217 reliquas
1234 2178 1369 2204 omnes
1389 2164 1562 2204 fortunas
1589 2165 1658 2204 iste
1678 2167 1732 2204 T.

322 2232 487 2271 Roscius
519 2232 678 2270 nomine
700 2231 959 2284 Chrysogoni,
992 2231 1328 2284 quemadmodum
1356 2232 1434 2285 ipse
1465 2232 1575 2277 dicit,
1606 2233 1734 2283 impe-

324 2310 410 2338 tum
433 2299 538 2338 facit.
586 2300 684 2338 Haec
706 2300 805 2338 bona
838 2299 1005 2352 sexagies
1036 2300 1128 2338 H-S
1157 2309 1342 2338 emuntur
1372 2299 1524 2338 duobus
1556 2298 1734 2337 millibus

326 2365 550 2405 nummum.
583 2367 681 2405 Haec
702 2367 847 2411 omnia,
880 2366 1052 2417 Judices,
1087 2366 1337 2420 imprudente
1357 2367 1405 2404 L.
1425 2366 1527 2417 Sylla
1546 2364 1644 2402 faeta
1663 2363 1735 2402 effe

326 2442 425 2470 certe
446 2434 535 2472 scio.
569 2434 711 2486 Neque
730 2434 835 2472 enim
858 2434 1004 2472 mirum
1029 2435 1140 2485 (cum
1165 2433 1302 2471 eodem
1324 2442 1496 2484 tempore
1514 2440 1552 2469 et
1571 2444 1627 2476 ea,
1651 2446 1736 2485 quae

328 2500 514 2551 praeterita
547 2501 649 2545 sunt,
680 2510 717 2538 et
747 2514 802 2546 ea,
830 2514 915 2552 quse
936 2501 1115 2538 videntur
1150 2499 1297 2543 instare,
1333 2507 1543 2551 praeparet;
1575 2512 1668 2537 cum
1699 2507 1736 2535 et

329 2565 431 2618 pacis
467 2566 739 2605 constituendae
771 2567 974 2612 rationem,
1005 2575 1043 2604 et
1073 2565 1164 2604 belli
1199 2564 1355 2617 gerendi
1383 2564 1609 2617 potestatem
1638 2564 1737 2603 solus

1338 2632 1434 2670 Hz
