2201 2792
499 119 577 175 278
929 118 1018 157 IN
1090 118 1471 158 VERREM

552 222 669 262 XIII.
699 221 815 260 Hanc
837 228 878 259 tu
897 219 1097 258 licentiam
1116 220 1421 274 diripiendorum
1439 228 1633 259 aratorum
1658 216 1751 258 cum
1780 218 1899 259 decu-

497 289 637 334 manis,
658 287 734 326 hoc
754 286 806 324 est
827 286 1015 339 Apronio,
1029 286 1264 339 permisisses,
1282 296 1338 332 ut,
1352 295 1542 339 quantum
1559 285 1688 331 vellet,
1704 285 1898 338 posceret;

498 364 689 409 quantum
710 352 946 407 poposcisset,
977 351 1141 390 auferret
1157 371 1168 397 3
1199 351 1276 390 hoc
1303 353 1376 390 tibi
1396 351 1621 391 defensionis
1642 352 1901 404 adjudicium

498 432 613 461 tuum
633 419 892 474 comparabas,
923 417 1094 456 habuisse
1125 427 1162 456 te
1188 419 1373 463 edifitum,
1408 428 1688 472 recuperatores
1719 418 1900 456 daturum

498 489 539 527 in
560 488 793 542 ocluplum?
826 487 863 524 Si
894 484 1116 523 mehercule
1150 498 1197 523 ex
1217 485 1326 523 omni
1356 486 1466 538 copia
1496 494 1707 524 conventus
1739 487 1900 537 Syracu-

498 555 590 601 sani,
624 552 1029 607 splendidiffimorum,
1059 550 1487 603 honestissimorumque
1516 550 1727 590 hominum
1757 550 1900 589 faceres

498 621 723 674 potestatem
742 619 891 663 aratori,
922 632 1000 656 non
1021 617 1138 656 modo
1169 617 1380 669 rejiciendi,
1414 617 1476 655 sed
1506 617 1624 655 etiam
1644 616 1820 655 sumendi
1840 629 1900 654 re-

498 694 766 739 cuperatores;
799 693 926 722 tamen
960 682 1036 720 hoc
1057 695 1202 720 novum
1229 695 1348 735 genus
1380 682 1529 734 injuriae
1549 681 1646 720 ferre
1677 694 1792 719 nemo
1811 679 1900 734 pos-

497 753 564 798 set,
595 761 646 798 te,
683 765 775 790 cum
809 759 896 788 tuos
926 762 1060 787 omnes
1081 747 1228 787 fructus
1262 748 1472 802 publicano
1502 747 1721 793 tradidisses,
1752 756 1790 785 et
1818 760 1901 785 rem

498 820 546 858 de
566 818 744 858 manibus
776 815 964 861 amififfes,
997 825 1082 853 tum
1115 815 1216 853 bona
1248 824 1312 854 tua
1344 824 1524 868 repetere,
1555 829 1598 853 ac
1627 813 1802 867 persequi
1832 813 1900 851 lite

497 895 613 938 atque
640 883 804 937 judicio.
842 883 946 921 Cum
967 895 1056 920 vero
1076 882 1191 919 verbo
1216 881 1411 933 judicium
1433 881 1478 919 s1t
1507 881 1547 919 in
1568 880 1707 925 edisto,
1739 893 1778 917 re
1808 880 1899 932 qui-

496 952 586 990 dem
616 964 702 990 vera
732 959 889 988 tuorum
921 948 1129 992 comitum,
1163 946 1374 986 hominum
1401 946 1721 999 nequissimorum
1742 945 1902 984 collufio

497 1033 590 1058 cum
609 1017 845 1061 decumanis,
868 1015 976 1053 sociis
1009 1015 1099 1059 tuis,
1127 1023 1242 1067 atque
1273 1008 1366 1051 ade'o
1399 1013 1709 1066 procuratoribus
1725 1030 1737 1057 ς
1770 1021 1899 1051 tamen

497 1084 611 1124 audes
646 1083 750 1122 illius
780 1081 920 1134 judicii
951 1079 1191 1119 mentionem
1222 1078 1358 1125 facere,
1390 1079 1598 1132 praesertim
1626 1092 1719 1117 cum
1753 1077 1794 1116 id
1823 1091 1901 1116 non

497 1150 616 1189 modo
635 1149 806 1188 oratione
827 1160 925 1192 mea,
958 1146 1019 1185 sed
1040 1146 1156 1184 etiarn
1178 1159 1215 1184 re
1236 1145 1327 1198 ipsa,
1350 1144 1572 1183 refellatur?
1604 1158 1696 1183 cum
1717 1144 1757 1182 in
1785 1144 1899 1182 tantis

496 1215 759 1256 incommodis
779 1223 983 1258 aratorum,
1005 1212 1228 1263 injuriisque
1247 1211 1564 1255 decumanorum,
1587 1211 1742 1248 nullum
1763 1223 1810 1248 ex
1829 1209 1901 1248 isto

496 1283 678 1337 praeclaro
705 1281 829 1320 edisto
860 1293 938 1317 non
969 1279 1087 1318 modo
1107 1277 1268 1323 saelum,
1304 1277 1364 1316 sed
1385 1292 1432 1316 ne
1463 1276 1696 1331 postulatum
1722 1276 1898 1330 quidem,

489 1350 688 1404 judicium
710 1347 922 1386 inveniatur
940 1346 952 1383 ?

554 1417 641 1455 Erit
679 1425 804 1453 tamen
838 1413 878 1451 in
913 1421 1072 1451 aratores
1112 1412 1258 1456 lenior,
1298 1425 1417 1465 quam
1448 1411 1612 1450 videtur.
1663 1411 1795 1455 Nam,
1831 1411 1899 1463 qui

497 1485 538 1521 in
570 1482 801 1520 decumanos
823 1479 967 1531 octupli
988 1478 1184 1531 judicium
1207 1477 1241 1515 se
1262 1478 1441 1515 daturum
1462 1477 1596 1521 edixit,
1629 1477 1732 1515 idem
1763 1475 1900 1515 habuit

496 1549 538 1587 in
558 1549 696 1592 εάἰξὶο,
727 1546 763 1584 se
792 1546 831 1583 in
852 1554 1037 1583 aratorem
1072 1544 1112 1581 in
1143 1544 1404 1596 quadruplum
1436 1543 1628 1581 daturum.
1662 1543 1761 1594 Qis
1792 1542 1898 1581 hunc

496 1615 610 1653 audet
631 1614 752 1651 dicere
782 1611 990 1649 aratoribus
1023 1609 1218 1654 infestum,
1252 1619 1316 1647 aut
1347 1610 1556 1646 inimicum
1586 1608 1722 1646 fuisse:
1754 1617 1899 1661 quanto

497 1682 620 1720 lenior
639 1680 704 1724 est,
736 1692 852 1731 quam
883 1678 923 1715 in
945 1676 1196 1729 publicanum
1210 1675 1228 1712 -?
1259 1675 1408 1720 Edixit,
1437 1685 1493 1721 ut,
1526 1675 1630 1727 quod
1662 1675 1898 1713 decumanus

496 1747 668 1786 edidisset
689 1746 757 1784 fibi
778 1745 856 1782 dari
877 1752 1063 1796 oportere,
1095 1742 1134 1780 id
1155 1742 1200 1781 ab
1221 1751 1363 1780 aratore
1385 1742 1623 1795 magistratus
1645 1742 1793 1780 Siculus
1814 1742 1898 1779 exi-

496 1824 615 1868 geret:
655 1812 762 1864 Qid
794 1811 999 1862 dereliquit
1023 1810 1177 1862 judicii,
1209 1809 1313 1861 quod
1348 1810 1386 1847 in
1421 1819 1604 1846 aratorem
1638 1808 1716 1845 dari
1747 1807 1895 1860 posset?

494 1881 591 1919 Non
613 1880 761 1918 malum
780 1878 845 1921 est,
867 1876 1010 1927 inquit,
1029 1875 1099 1912 effe
1119 1875 1226 1912 istam
1246 1875 1512 1918 formidinem,
1546 1882 1587 1910 ut
1608 1887 1698 1911 cum
1719 1874 1897 1911 exaustum

497 1946 541 1984 fit
562 1945 608 1983 ab
629 1955 784 1987 aratore,
807 1951 948 1986 tamen,
970 1953 1016 1978 ne
1032 1940 1066 1977 se
1082 1948 1339 1983 commoveat,
1356 1939 1525 1991 reliquus
1540 1947 1666 1976 metus
1680 1938 1821 1990 judicii
1837 1939 1895 1977 fit.

497 2012 535 2049 Si
562 2010 711 2062 judicio
731 2022 751 2046 a
771 2022 833 2045 me
866 2008 919 2045 vis
951 2007 1115 2059 exigere,
1152 2019 1305 2044 remove
1335 2005 1510 2044 Siculum
1546 2004 1837 2057 magistratum:
1870 2005 1897 2043 fi

496 2076 595 2114 hanc
616 2075 696 2113 vim
718 2072 888 2118 adhibes,
925 2072 1019 2125 quid
1038 2086 1133 2125 opus
1155 2072 1206 2110 est
1221 2071 1370 2124 jud1cio
1389 2072 1400 2108 ?
1433 2071 1534 2121 Qis
1565 2083 1678 2123 porro
1708 2071 1793 2115 erit,
1829 2071 1897 2124 qui

494 2155 574 2180 non
596 2141 705 2179 malit
721 2139 942 2177 decumanis
964 2139 1039 2176 tuis
1061 2138 1161 2183 dare,
1179 2138 1284 2191 quod
1304 2136 1530 2190 poposcerit,
1550 2149 1668 2188 quam
1689 2136 1735 2174 ab
1754 2136 1896 2175 asseclis

496 2208 572 2246 tuis
594 2205 808 2259 quadruplo
828 2205 1076 2242 condemnari
1095 2205 1108 2241 ?

539 2274 650 2312 XIV.
675 2272 745 2310 Illa
765 2284 851 2309 vero
872 2270 1047 2323 praeclara
1066 2269 1118 2306 est
1138 2269 1305 2307 clausula
1323 2269 1451 2314 edisti,
1474 2267 1579 2320 quod
1599 2267 1779 2305 omnium
1800 2280 1896 2304 con-

496 2331 774 2382 troversiarum,
797 2351 880 2389 quae
906 2336 1021 2374 essent
1041 2336 1139 2373 inter
1160 2344 1358 2380 aratorem,
1391 2343 1428 2372 et
1459 2335 1734 2377 decumanum,
1765 2333 1790 2370 s1
1813 2342 1895 2371 uter

495 2406 603 2451 velit,
625 2405 755 2449 edicit,
778 2404 812 2441 se
833 2410 1110 2456 recuperatores
1132 2401 1324 2439 daturum.
1359 2401 1552 2444 Primum,
1579 2413 1662 2451 quae
1683 2399 1804 2452 potest
1825 2398 1895 2436 effe

495 2472 761 2517 controversia,
797 2485 889 2510 cum
910 2471 955 2516 is,
977 2469 1044 2523 qui
1064 2478 1191 2523 petere
1211 2468 1338 2515 debet,
1369 2466 1491 2506 aufert
1510 2467 1523 2504 ?
1555 2475 1593 2505 et
1616 2480 1708 2506 cum
1742 2467 1773 2505 is
1801 2480 1893 2511 non,
