2201 2792
636 137 984 178 Achole
1027 137 1079 174 11.
1154 138 1363 176 LIBER
1406 141 1437 178 1.
1669 154 1737 193 17¹

330 252 408 285 eos,
426 247 463 276 et
478 235 669 280 invitatio,
685 244 728 273 ut
738 236 877 273 Graeco
897 248 1005 272 more
1025 234 1233 274 biberetur.
1259 236 1450 275 Hortatur
1470 236 1631 291 hospes:
1655 240 1744 292 pos-

331 314 426 343 cunt
445 301 657 354 majoribus
677 301 829 354 poculis
849 316 858 340 :
890 301 1107 340 celebratur
1127 302 1310 341 omnium
1331 302 1505 341 sermone
1535 304 1745 357 laetitiaque

330 370 570 410 convivium.
604 368 855 422 Posteaquam
877 369 963 408 satis
984 369 1105 407 calere
1127 382 1182 407 res
1205 369 1359 408 Rubrio
1385 369 1459 408 visa
1478 370 1531 408 est
1546 389 1557 415 ς
1591 372 1743 423 Qaeso,

328 437 472 491 inquit,
507 436 751 482 Philodame‚
783 451 853 476 cur
886 437 932 475 ad
967 451 1036 476 nos
1069 437 1191 475 filiam
1224 446 1333 475 tuam
1367 451 1446 476 non
1477 438 1581 477 intro
1619 441 1745 478 vocari

321 505 437 558 jubes
458 505 471 541 ?
503 505 658 550 Homo,
680 505 749 557 qui
769 512 806 543 et
826 504 979 543 summa
997 505 1197 558 gravitate,
1218 513 1257 542 et
1277 505 1361 556 jam
1381 504 1422 542 id
1442 505 1577 550 aetatis,
1610 514 1648 544 et
1676 519 1745 558 pa-

328 585 413 611 rens
445 572 548 618 effet,
579 572 781 626 obstupuit
810 570 984 611 hominis
1016 572 1190 626 improbi
1221 572 1339 610 dicto.
1382 572 1524 611 Instare
1555 573 1746 613 Rubrius.

328 641 440 679 Tum
461 639 542 686 ille,
564 649 607 679 ut
626 640 776 693 aliquid
795 640 1053 694 responderet,
1085 639 1240 693 negavit
1259 639 1379 679 moris
1400 639 1472 679 effe
1500 641 1747 687 Graecorum,

330 716 373 745 ut
394 708 435 745 in
455 708 637 747 convivio
657 708 829 747 virorum
850 708 1129 747 accumberent
1148 707 1344 747 mulieres.
1376 709 1459 747 Hic
1475 717 1563 747 turn
1580 709 1677 748 alius
1699 723 1747 748 ex

329 775 401 813 alia
431 784 550 829 parte,
588 776 802 815 Enimvero
837 776 1043 815 ferendum
1076 775 1154 815 hoc
1175 790 1254 815 non
1274 776 1351 815 est:
1383 785 1545 815 vocetur
1576 777 1745 815 mulier:

329 851 367 880 et
398 842 513 881 fimul
546 842 659 882 servis
689 843 764 882 suis
787 844 977 890 Rubrius,
1009 853 1053 883 ut
1077 845 1242 897 januam
1259 843 1496 890 clauderent,
1532 852 1571 882 et
1601 844 1671 898 ipfi
1702 844 1749 882 ad

328 907 428 948 fores
449 909 669 956 affisterent‚
691 910 871 964 imperat.

388 977 508 1029 Qod
539 977 610 1015 ubi
629 978 695 1015 ille
727 978 921 1017 intellexit
941 978 982 1017 id
1012 979 1088 1031 agi,
1120 987 1235 1032 atque
1264 978 1304 1016 id
1334 978 1472 1031 parari,
1503 986 1547 1016 ut
1567 977 1656 1016 filiae
1676 977 1749 1016 suae

330 1042 388 1080 vis
420 1042 631 1087 afferretur,
664 1043 787 1081 servos
808 1044 892 1082 suos
925 1044 971 1081 ad
991 1043 1027 1082 se
1058 1054 1197 1090 vocat3
1229 1044 1290 1083 his
1311 1045 1490 1098 imperat,
1518 1054 1562 1083 ut
1582 1044 1750 1098 seipsum

330 1109 542 1162 negligant,
573 1109 697 1147 filiam
732 1109 968 1148 defendant:
1001 1120 1178 1149 excurrat
1208 1111 1363 1164 aliquss,
1395 1111 1463 1163 qui
1490 1110 1566 1149 hoc
1595 1120 1750 1150 tantum

330 1175 532 1213 domestici
551 1174 646 1213 mali
666 1174 749 1212 filio
766 1175 833 1212 suo
854 1176 1023 1213 nuntiet-
1068 1177 1227 1214 Clamor
1247 1178 1392 1215 interea
1411 1177 1457 1215 fit
1491 1186 1573 1216 tota
1600 1178 1719 1216 domo
1735 1196 1748 1224 ς

330 1255 462 1295 pugna
481 1241 582 1280 inter
601 1240 724 1279 servos
747 1241 905 1286 Rubrii,
928 1251 1044 1293 atque
1065 1240 1244 1295 hospitis.
1281 1244 1452 1294 Jactatur
1472 1243 1581 1282 domi
1602 1244 1674 1282 suae
1693 1245 1752 1282 vir

331 1309 497 1364 primus,
528 1317 566 1348 et
596 1307 718 1347 homo
737 1307 1038 1347 honestiffimus.
1084 1310 1161 1348 Pro
1192 1308 1228 1347 se
1258 1309 1421 1363 quisque
1452 1324 1591 1349 manus
1612 1310 1750 1350 affert:

331 1390 430 1429 aqua
463 1375 630 1429 denique
649 1374 815 1414 ferventi
849 1389 870 1413 a
890 1375 1044 1414 Rubrio
1078 1375 1161 1429 ipso
1193 1374 1449 1416 Philodamus
1483 1376 1751 1431 perfunditur.

332 1442 432 1480 Haec
452 1442 521 1480 ubi
542 1441 625 1480 filio
645 1442 821 1480 nuntiata
841 1441 943 1487 sunt,
973 1441 1104 1481 statim
1124 1442 1365 1482 exanimatus
1396 1443 1443 1482 ad
1469 1442 1566 1482 aedes
1587 1451 1751 1482 conten-

333 1509 404 1555 dit,
442 1518 485 1548 ut
505 1518 542 1548 et
561 1509 648 1548 vitae
672 1509 807 1563 patris,
839 1518 877 1548 et
906 1509 1107 1562 pudicitiae
1137 1509 1272 1548 sororis
1305 1510 1552 1549 succurreret.
1600 1511 1752 1549 Omnes

333 1576 470 1616 eodem
491 1577 624 1616 animo
645 1577 914 1630 Lampsaceni,
951 1577 1064 1616 fimul
1097 1586 1142 1616 ut
1170 1576 1248 1617 hoc
1278 1577 1522 1624 audiverunt,
1555 1577 1662 1630 quod
1688 1591 1752 1616 eos

334 1651 422 1680 tum
443 1642 666 1681 Philodami
698 1644 880 1695 dignitas,
917 1652 1004 1681 tum
1036 1643 1186 1694 injuriae
1218 1644 1449 1696 magnitudo
1480 1644 1674 1688 movebat,
1706 1643 1753 1681 ad

334 1707 430 1746 aedes
461 1709 579 1747 noctu
611 1717 890 1746 convenerunt.
934 1708 1017 1746 Hic
1038 1708 1150 1746 lictor
1184 1709 1290 1747 istius
1313 1709 1534 1754 Cornelius,
1566 1709 1753 1761 quicum

333 1775 364 1826 ej
374 1788 414 1812 us
436 1774 548 1813 servis
570 1783 648 1813 erat
668 1788 688 1812 a
708 1774 876 1820 Rubrio,
899 1774 1004 1828 quafi
1024 1775 1064 1814 in
1085 1775 1271 1829 praefidio,
1309 1775 1357 1814 ad
1376 1774 1625 1814 auferendam
1656 1788 1750 1814 mu-

334 1841 470 1880 lierem
500 1841 729 1887 collocatus,
765 1841 957 1880 occiditur
973 1860 986 1887 ³
1018 1841 1113 1880 servi
1147 1842 1329 1880 nonnulli
1359 1842 1637 1887 vulnerantur;
1673 1842 1754 1896 ipse

334 1909 509 1949 Rubrius
540 1909 582 1948 in
614 1909 727 1947 turba
747 1909 948 1948 sauciatur.
995 1909 1081 1954 Iste,
1112 1910 1181 1962 qui
1212 1909 1275 1947 sua
1305 1909 1519 1963 cupiditate
1539 1917 1665 1948 tantos
1687 1919 1752 1948 tu-

335 1975 484 2014 multus
506 1975 719 2014 concitatos
740 1976 900 2020 videret,
922 1988 1062 2028 cupere
1081 1974 1211 2029 aliqua
1230 1975 1391 2022 evolare,
1413 1976 1439 2014 fi
1461 1975 1594 2030 poffet.

387 2042 562 2080 XXVII.
582 2042 767 2080 Postridie
788 2055 902 2080 mane
921 2040 1101 2080 homines
1122 2043 1163 2080 in
1183 2043 1414 2082 concionem
1434 2043 1594 2081 veniunt
1612 2057 1621 2082 :
1645 2056 1753 2096 quae—

338 2115 442 2152 runt,
464 2108 559 2160 quid
579 2108 778 2161 optimum
800 2107 904 2146 factu
926 2109 983 2146 fit.
1016 2110 1092 2147 Pro
1112 2108 1147 2146 se
1167 2109 1345 2162 quisque,
1375 2119 1418 2148 ut
1438 2110 1479 2147 in
1499 2123 1656 2162 quoque
1676 2118 1755 2147 erat

336 2175 571 2213 auctoritatis
607 2175 841 2228 plurimum,
886 2175 933 2213 ad
966 2176 1161 2229 populum
1193 2176 1438 2229 loquebatur.
1478 2178 1664 2216 Inventus
1700 2175 1753 2213 est

334 2254 467 2286 nemo,
499 2242 610 2294 cujus
645 2256 723 2280 non
743 2241 825 2280 haec
846 2252 883 2281 et
904 2242 1090 2281 sententia
1109 2243 1212 2289 effet,
1243 2254 1282 2282 et
1302 2244 1424 2283 oratio
1441 2263 1453 2290 ς
1487 2246 1572 2283 IVon
1600 2243 1660 2297 ‹Jffi’
1677 2257 1751 2280 mc-

337 2308 520 2355 tuendum,
537 2310 581 2362 st
602 2310 698 2364 zstius
726 2310 906 2363 nefarium
922 2311 1042 2364 scelus
1061 2312 1278 2366 Lfmsslcem‘
1295 2313 1367 2351 ulti
1383 2312 1427 2351 vi
1442 2325 1617 2362 manuque
1635 2308 1752 2363 cjffl’nt,

337 2389 379 2414 ne
399 2377 553 2429 finatus
578 2378 796 2432 populusque
816 2379 999 2416 Romanus
1034 2378 1070 2417 in
1091 2393 1167 2417 eam
1188 2379 1376 2417 civitatem
1395 2375 1754 2415 samad-ves·sendum

332 2450 503 2493 putaret,
534 2444 641 2496 Quod
640 2445 683 2496 st
707 2445 771 2484 hoc
783 2444 873 2497 jure
892 2445 1007 2498 legati
1015 2446 1144 2499 populi
1159 2445 1316 2484 Romani
1331 2442 1502 2495 inſscr'os,
1533 2443 1756 2498 nationesque

1359 2509 1394 2547 Y
1426 2522 1448 2548 2
