2201 2792
574 265 920 304 ACTIONIS
964 265 1017 303 ΙΙ.
1078 265 1376 304 LIBERII.
1605 280 1676 320 251

274 364 381 417 Qid
401 364 506 403 enim
528 373 608 402 tam
629 377 790 409 novum,
822 378 898 402 non
920 364 1044 402 solum
1067 378 1117 409 re,
1149 363 1210 401 sed
1231 377 1368 417 genere
1388 362 1469 416 ipso
1485 362 1681 415 postulan-

271 431 339 468 di?
371 431 479 469 Nam
499 440 645 476 caetera,
679 445 763 483 quae
784 431 871 468 sunt
901 431 942 468 in
961 430 1097 468 iisdem
1119 430 1319 483 postulatis
1341 431 1387 467 de
1407 429 1559 481 injuriis
1591 429 1682 473 tuis,

269 496 357 535 sunt
377 511 501 542 nova;
534 497 595 536 sed
625 507 755 536 tamen
790 511 868 536 non
896 511 997 535 novo
1027 497 1145 536 modo
1174 497 1428 550 postulantur.
1462 497 1618 548 Rogant
1647 506 1685 533 et

270 573 381 603 orant
401 565 522 603 Siculi
541 574 666 617 patres
687 565 937 617 conscriptos,
969 574 1012 602 ut
1032 564 1148 602 nostri
1177 564 1416 616 magistratus
1437 562 1592 617 posthac
1614 563 1682 600 de-

270 644 403 669 cumas
437 631 521 684 lege
542 632 754 670 Hieronica
788 630 965 668 vendant.
998 632 1065 668 Tu
1098 631 1247 683 primus
1282 639 1416 668 contra
1447 629 1682 673 vendideras,

269 697 399 736 audio.
431 699 510 743 Ne,
541 698 582 736 in
613 698 753 736 cellam
785 698 892 750 quod
921 698 1146 750 imperatur,
1178 698 1392 736 aestiment:
1426 696 1502 735 1106
1526 709 1684 749 quoque

269 773 426 817 propter
447 773 532 803 tuos
554 773 681 802 ternos
702 764 875 802 denarios
897 777 1002 802 nunc
1023 764 1197 817 primum
1217 763 1452 817 postulatur:
1482 763 1543 801 sed
1563 776 1684 814 genus

269 829 369 868 istud
389 829 605 883 postulandi
626 845 705 869 non
734 831 787 869 est
807 845 970 869 novum.
1002 831 1067 869 Ne
1087 831 1251 870 absentis
1283 845 1427 869 nomen
1449 830 1653 882 recipiatur
1668 848 1681 873 ;

270 909 317 935 ex
338 896 488 936 Sthenii
508 898 738 944 calamitate,
770 908 807 936 et
829 908 894 937 tna
914 908 1049 937 natum
1071 898 1123 936 est
1142 899 1294 951 injuria.
1333 900 1479 937 Caetera
1499 911 1576 935 non
1598 897 1683 935 col-

270 963 404 1016 ligam.
452 965 550 1003 Sunt
582 966 714 1003 omnia
735 965 954 1003 Siculorum
986 965 1173 1017 postulata
1206 965 1409 1017 ejusmodi,
1447 974 1489 1002 ut
1520 964 1683 1002 crimina

271 1029 431 1067 colle&a
449 1030 491 1068 in
512 1043 636 1068 unum
657 1040 693 1068 te
714 1044 823 1068 reum
843 1030 914 1068 effe
935 1031 1161 1069 videantur:
1195 1045 1280 1082 quae
1307 1039 1436 1068 tamen
1456 1032 1588 1069 omnia
1610 1045 1682 1069 no-

270 1110 333 1135 vas
355 1097 512 1149 injurias
533 1096 691 1142 habent,
722 1097 783 1136 sed
804 1097 1109 1150 postulationum
1130 1097 1317 1136 formulas
1340 1098 1504 1137 usltataS.

326 1165 419 1203 Hoc
440 1164 677 1218 postulatum
699 1164 744 1202 de
764 1165 893 1203 statuis
915 1165 1125 1203 ridiculum
1146 1164 1217 1203 effe
1238 1166 1409 1204 videatur
1429 1166 1478 1211 ei,
1496 1167 1565 1219 qui
1584 1180 1681 1211 rem,

270 1230 576 1282 sententiamque
595 1244 674 1268 non
705 1230 922 1283 perspiciat.
969 1231 1167 1269 Postulant
1187 1231 1307 1276 enim,
1340 1246 1432 1276 non,
1468 1233 1526 1270 uti
1547 1247 1594 1271 ne
1614 1247 1682 1272 60-

269 1306 410 1350 gantur
429 1297 589 1335 statuere
608 1311 616 1335 :
649 1297 744 1349 quid
765 1297 885 1349 igitur
903 1297 916 1334 ?
949 1305 992 1334 ut
1024 1296 1111 1350 ipsis
1144 1310 1191 1334 ne
1212 1296 1338 1335 liceat.
1371 1298 1481 1349 Qid
1501 1299 1552 1336 est
1572 1298 1648 1339 hoc
1668 1301 1681 1338 ?

268 1365 368 1418 petis
388 1378 409 1402 a
429 1378 505 1409 me,
529 1363 634 1416 quod
654 1364 694 1401 in
715 1372 781 1402 tua
799 1363 981 1416 potestate
1002 1363 1068 1408 est,
1092 1373 1134 1402 ut
1154 1364 1194 1402 id
1215 1364 1288 1403 tibi
1307 1363 1430 1403 facere
1448 1379 1526 1403 non
1546 1366 1682 1405 liceat?

270 1427 358 1485 pete
379 1431 522 1484 potius,
553 1443 602 1468 ne
622 1431 708 1482 quis
728 1438 766 1468 te
785 1430 954 1468 invitum
976 1430 1166 1483 polliceri,
1188 1440 1253 1469 aut
1272 1430 1398 1470 facere
1415 1441 1542 1485 cogat.
1565 1432 1684 1472 Nihil

270 1511 375 1551 ergo,
397 1498 540 1550 inquit.
572 1497 787 1550 Negabunt
817 1498 923 1535 enim
955 1511 1089 1535 omnes
1121 1497 1156 1535 se
1187 1498 1362 1550 coegisse.
1395 1499 1433 1538 Si
1453 1513 1517 1537 me
1536 1499 1684 1539 salvum

270 1565 341 1603 effe
361 1565 431 1610 vis,
453 1562 555 1602 mihi
575 1563 734 1616 impone
754 1564 864 1602 istam
884 1564 980 1609 vim,
999 1573 1042 1602 ut
1062 1565 1224 1602 omnino
1242 1564 1342 1604 mihi
1362 1579 1439 1604 non
1460 1566 1575 1605 liceat
1593 1567 1683 1620 pol·-

271 1631 393 1669 liceri.
417 1631 479 1668 Ex
500 1639 564 1667 tua
584 1638 745 1682 praetura
766 1630 941 1682 primum
962 1639 1049 1667 nata
1068 1630 1119 1667 est
1139 1629 1221 1668 haec
1241 1631 1471 1682 postulatio:
1495 1646 1571 1684 qua
1591 1647 1684 1672 cum

271 1705 449 1741 utuntur,
470 1695 546 1733 hoc
566 1695 795 1748 significant,
828 1704 943 1747 atque
964 1696 1054 1734 adeo
1075 1705 1201 1748 aperte
1221 1697 1425 1735 ostendunt
1446 1697 1518 1736 sese
1543 1699 1589 1736 ad
1608 1699 1683 1736 sta-

271 1773 353 1802 tuas
376 1772 456 1801 tuas
478 1762 682 1816 pecuniam
703 1771 812 1800 metu
828 1775 871 1800 ac
892 1761 995 1800 malo
1015 1764 1179 1807 coadios,
1200 1763 1443 1802 invitiflimos
1465 1765 1682 1804 contuliffe.

271 1826 394 1877 Qid,
428 1826 454 1863 fi
474 1823 550 1862 1106
582 1837 660 1862 non
680 1824 824 1868 dicant,
856 1824 929 1861 tibi
961 1837 1038 1861 non
1060 1823 1203 1862 neceffe
1234 1824 1278 1862 fit
1312 1825 1381 1877 ipfi
1413 1825 1452 1863 id
1473 1826 1681 1866 confiteri?

270 1892 384 1937 Vide,
415 1901 453 1930 et
472 1890 656 1944 perspice,
679 1904 755 1943 qua
775 1889 991 1928 defensione
1015 1890 1058 1928 fis
1087 1890 1234 1929 usurus.
1268 1891 1355 1942 Jarn
1378 1891 1586 1946 intelliges,
1606 1893 1682 1933 hoc

273 1959 344 2002 tibi
364 1959 411 1997 de
431 1958 561 1997 statuis
582 1957 850 1996 confitendum
872 1957 957 1997 effe.

325 2026 436 2064 LXI.
460 2024 569 2063 Mihi
589 2025 695 2062 enim
717 2025 972 2070 renuntiatur,
991 2025 1044 2063 ita
1063 2025 1244 2063 constitui
1264 2039 1284 2063 a
1306 2026 1380 2064 tuis
1400 2026 1586 2079 patrmus,
1608 2025 1683 2066 ho-

269 2092 444 2130 minibus
466 2091 683 2144 ingeniolis,
719 2091 870 2129 causam
893 2101 1014 2137 tuam,
1046 2102 1084 2130 et
1117 2093 1170 2130 ita
1199 2105 1261 2131 eos
1296 2093 1362 2131 abs
1400 2102 1437 2131 te
1466 2093 1614 2132 institui
1645 2105 1683 2132 et

270 2158 426 2202 doceri,
460 2166 503 2194 ut
539 2156 700 2209 quisque
734 2171 781 2195 ex
816 2158 1013 2210 provincia
1047 2158 1176 2196 Sicilia
1209 2159 1359 2211 gravior
1393 2158 1534 2205 homo,
1567 2169 1683 2212 atque

269 2223 465 2263 honestior
486 2222 750 2261 testimonium
787 2222 1053 2262 vehementius
1081 2224 1237 2269 dixerit,
1269 2224 1379 2262 ficuti
1411 2225 1531 2264 Siculi
1565 2226 1683 2264 multi

271 2290 444 2344 primarii
464 2289 536 2327 viri
559 2289 684 2327 multa
704 2289 897 2335 dixerunt,
922 2299 956 2328 te
978 2291 1104 2329 statim
1125 2289 1201 2328 hoc
1222 2291 1301 2329 istis
1323 2292 1398 2329 tuis
1419 2290 1681 2329 defensoribus

272 2356 397 2394 dicere
414 2374 425 2400 ;
458 2355 626 2394 Inimicus
645 2355 689 2408 <st
702 2364 910 2407 propterea,
933 2356 1026 2409 quod
1039 2366 1169 2395 arator
1188 2356 1245 2409 est.
1280 2357 1414 2407 Itaque
1435 2369 1513 2393 uno
1528 2368 1680 2408 genere,

272 2422 423 2474 opinor,
460 2420 773 2460 circumscribere
807 2421 956 2460 habetis
988 2423 1028 2461 in
1062 2423 1194 2461 animo
1213 2435 1334 2474 genus
1366 2420 1441 2458 1106
1473 2429 1680 2467 aratorum,

274 2488 378 2539 quod
398 2501 460 2525 eos
482 2487 630 2526 infenso
645 2489 790 2534 animo,
808 2498 922 2542 atque
944 2490 1106 2527 inimico
1125 2487 1263 2526 veniss‘e
1285 2487 1433 2532 dicatis,
1455 2488 1546 2539 quia
1564 2487 1684 2527 fuerit

274 2549 315 2590 in
347 2553 520 2591 decumis
553 2554 620 2592 iste
654 2554 933 2593 vehementior.
981 2556 1086 2606 Ergo
1116 2562 1302 2598 aratores,
1346 2553 1499 2592 inimici
1530 2568 1681 2599 omnes,

273 2618 470 2658 adversarii
487 2618 572 2658 sunt
592 2634 600 2659 :
634 2633 749 2659 nemo
769 2634 904 2661 eorum
924 2621 990 2666 est,
1007 2621 1102 2672 quin
1123 2619 1256 2673 perisse
1279 2628 1315 2657 te
1336 2620 1479 2673 cupiat.
1504 2620 1682 2660 Omnino

1276 2687 1293 2724 Ι
1315 2686 1326 2726 i
1356 2698 1377 2724 2
