2201 2792
538 239 613 280 372
966 228 1056 267 IN
1123 228 1506 269 VERREM

534 324 726 362 facturum
748 324 921 377 putavit:
945 324 1119 377 apposuit
1139 325 1334 377 patellam,
1353 326 1393 363 in
1414 339 1489 378 qua
1505 324 1627 378 sigilla
1646 332 1751 362 erant
1771 322 1934 377 egregia.

536 391 608 429 Iste
629 391 814 430 continuo
835 400 878 429 ut
899 391 1008 435 vidit,
1027 405 1104 429 non
1125 391 1316 430 dubitavit
1337 391 1436 429 illud
1451 392 1597 444 infigne
1614 392 1827 445 penatium,
1847 389 1938 428 hos-

535 457 795 509 pitaliumque
831 458 1021 501 Deorum,
1053 470 1101 494 ex
1135 455 1315 509 hospitali
1350 456 1478 495 mensa
1509 457 1665 495 tollere:
1698 457 1761 495 sed
1793 465 1938 500 tamen,

537 523 641 574 quod
662 533 769 560 antea
789 522 835 559 de
855 522 960 559 istius
981 522 1210 560 abstinentia
1229 524 1414 568 dixeram,
1435 523 1566 576 sigillis
1587 523 1721 561 avulfis
1742 522 1940 574 reliquum

536 597 738 641 argentum
759 587 836 626 fine
856 588 934 625 ulla
953 579 1107 626 avaritia
1126 588 1304 627 reddidit.

591 653 728 705 Qid?
761 653 982 706 Eupolemo
1004 653 1217 699 Calactino,
1234 653 1387 692 homini
1408 653 1545 699 nobili,
1568 654 1829 692 Lucullorum
1848 651 1939 690 hos-

537 719 623 771 piti,
660 732 702 757 ac
718 718 981 772 perfamiliari,
1016 719 1083 771 qui
1104 733 1207 757 nunc
1228 720 1329 772 apud
1349 719 1563 757 exercitum
1585 733 1676 757 cum
1696 719 1745 757 L.
1772 717 1943 757 Lucullo

537 785 604 830 est,
626 799 703 824 non
724 785 829 822 idem
849 783 970 822 fecit?
1003 785 1192 824 Coenabat
1221 786 1322 838 apud
1342 799 1446 823 eum.
1481 786 1700 838 Argentum
1732 784 1798 823 ille
1824 793 1939 823 caete-

538 864 625 888 rum
646 864 789 903 purum
810 849 1047 902 apposuerat,
1069 864 1117 888 ne
1137 864 1255 903 purus
1276 851 1355 903 ipse
1375 851 1684 904 relinqueretur;
1717 851 1795 888 duo
1815 863 1940 903 pocu-

536 916 573 953 la
593 930 669 953 non
689 928 842 967 magna,
857 925 1107 954 veruntamen
1128 930 1220 954 cum
1240 916 1498 954 emblematis.
1522 917 1619 961 Hic,
1641 916 1743 968 quafi
1759 914 1941 953 festivum

537 994 724 1025 acroama,
746 994 793 1018 ne
813 980 890 1018 fine
909 981 1110 1018 corollario
1131 981 1177 1019 de
1197 982 1377 1019 convivio
1396 981 1616 1026 discederet,
1636 981 1782 1019 ibidem
1803 979 1940 1019 convi-

537 1048 592 1085 vis
615 1047 928 1100 inspeetantibus,
950 1047 1185 1086 emblemata
1205 1048 1399 1086 avellenda
1419 1049 1579 1087 curavit.

592 1114 733 1165 Neque
753 1127 825 1166 ego
846 1127 949 1151 nunc
979 1114 1086 1151 istius
1107 1113 1204 1152 faeta
1226 1115 1358 1153 omnia
1389 1128 1609 1152 enumerare
1642 1128 1785 1153 conor:
1817 1127 1941 1166 neque

536 1194 632 1233 opus
652 1180 719 1224 est,
742 1193 811 1218 nec
832 1179 914 1217 fieri
935 1180 1016 1218 ullo
1031 1180 1149 1218 modo
1168 1181 1303 1233 potest.
1326 1181 1623 1219 Tantummodo
1643 1181 1941 1233 uniuscujusque

537 1247 583 1284 de
603 1247 704 1284 varia
733 1246 982 1298 improbitate
1002 1246 1150 1298 generis
1182 1246 1323 1284 indicia
1354 1246 1454 1299 apud
1474 1260 1554 1291 vos,
1587 1256 1625 1284 et
1651 1247 1827 1299 exempla
1846 1260 1939 1298 pro-

537 1312 631 1350 fero.
664 1312 807 1364 Neque
826 1312 932 1349 enim
952 1312 1005 1349 ita
1024 1312 1059 1349 se
1076 1312 1184 1364 geffit
1212 1313 1253 1350 in
1288 1311 1347 1350 his
1379 1313 1507 1357 rebus,
1538 1321 1721 1365 tanquam
1752 1313 1940 1350 rationem

537 1377 743 1429 aliquando
760 1377 847 1414 esset
868 1377 1111 1422 redditurus,
1144 1377 1205 1415 sed
1226 1377 1375 1430 prorsus
1407 1378 1472 1422 ita,
1505 1378 1607 1429 quafi
1638 1387 1703 1415 aut
1731 1391 1815 1415 reus
1837 1391 1939 1415 nun-

537 1457 655 1496 quam
676 1443 764 1481 effet
783 1441 953 1488 futurus,
975 1451 1054 1488 aut,
1072 1457 1149 1496 quo
1166 1444 1275 1496 plura
1294 1443 1514 1488 abstulisset,
1536 1457 1581 1482 eo
1597 1445 1748 1482 minore
1767 1444 1941 1497 periculo

537 1510 577 1547 in
593 1509 790 1561 judicium
811 1508 900 1546 esset
921 1518 1127 1554 venturus;
1151 1510 1218 1562 qui
1240 1508 1334 1554 haec‚
1349 1524 1433 1562 quae
1454 1510 1651 1561 dico‚jam
1672 1523 1749 1548 non
1770 1510 1938 1555 occulte,

535 1589 615 1613 non
633 1589 700 1628 per
721 1575 880 1620 amicos,
912 1584 1026 1627 atque
1047 1575 1286 1628 interpretes,
1312 1576 1374 1614 sed
1394 1575 1538 1629 palam,
1560 1576 1606 1614 de
1626 1576 1713 1615 loco
1734 1576 1938 1630 superiore,

538 1651 665 1693 ageret
684 1655 753 1693 pro
774 1641 938 1693 imperio
957 1650 995 1678 et
1015 1641 1211 1694 potestate.

593 1708 749 1746 XXIII.
783 1707 963 1745 Catinam
984 1721 1077 1746 cum
1108 1709 1278 1754 venisset,
1299 1709 1488 1762 oppidum
1509 1709 1695 1762 locuples,
1717 1707 1938 1754 honestum,

538 1772 752 1826 copiosum,
786 1772 1111 1824 Dionysiarchum
1141 1773 1188 1811 ad
1209 1774 1244 1812 se
1263 1787 1511 1827 proagorum,
1542 1772 1618 1812 hoc
1637 1773 1704 1819 est,
1740 1773 1940 1812 summum

538 1835 818 1892 magistratum,
852 1840 978 1877 vocari
993 1840 1107 1890 jubet
1124 1855 1134 1878 ε
1166 1840 1199 1878 ei
1220 1841 1348 1893 palam
1377 1841 1555 1893 imperat,
1588 1848 1632 1878 ut
1665 1854 1782 1877 omne
1801 1853 1938 1891 argen-

539 1914 640 1949 tum,
659 1905 764 1956 quod
784 1905 883 1956 apud
914 1918 1110 1956 quemque
1139 1905 1226 1944 effet
1258 1906 1419 1950 Catinae,
1446 1905 1756 1957 conquirendum
1776 1914 1937 1950 curaret,

539 1979 576 2007 et
596 1971 642 2007 ad
663 1970 698 2007 se
714 1968 1034 2007 transferendum.
1058 1969 1314 2008 Philarchum
1332 1971 1649 2024 Centuripinum,
1669 1972 1842 2023 primum
1862 1970 1938 2009 ho-

539 2035 688 2073 minem
709 2048 858 2087 genere,
888 2035 1044 2079 virtute,
1080 2036 1256 2088 pecunia,
1293 2050 1371 2074 non
1391 2035 1466 2074 hoc
1495 2037 1599 2075 idem
1615 2038 1791 2089 juratum
1813 2037 1940 2075 dicere

540 2100 709 2145 audistis,
741 2100 808 2138 fibi
830 2100 945 2139 istum
966 2102 1167 2154 negotium
1188 2102 1339 2148 dedisse,
1362 2112 1476 2155 atque
1497 2103 1747 2156 imperaviffe,
1770 2113 1812 2142 ut
1834 2104 1938 2141 Cen-

540 2166 736 2218 turipinis,
758 2166 797 2203 in
819 2167 972 2204 civitate
993 2167 1110 2205 totius
1132 2168 1270 2206 Siciliae
1294 2168 1422 2206 multo
1443 2169 1626 2213 maxima,
1658 2177 1696 2206 et
1716 2168 1938 2220 locupletis—

540 2233 646 2277 fima‚
663 2246 780 2270 omne
800 2241 1001 2285 argentum
1030 2234 1286 2285 conquireret,
1318 2243 1355 2272 et
1375 2235 1422 2273 ad
1450 2235 1485 2272 se
1505 2235 1736 2288 comportari
1751 2234 1905 2286 juberet
1924 2235 1937 2271 ?

541 2300 689 2352 Agyrio
710 2298 884 2337 fimiliter
904 2298 1010 2336 istius
1032 2299 1194 2351 imperio
1215 2300 1296 2338 vasa
1316 2299 1520 2339 Corinthia
1550 2314 1616 2353 per
1636 2300 1937 2352 Apollodorum,

541 2379 659 2417 quem
683 2365 815 2403 testem
835 2364 1002 2409 audistis,
1022 2365 1215 2416 Syracusas
1237 2366 1430 2418 deportata
1450 2366 1549 2403 sunt.

599 2432 669 2469 Illa
689 2445 777 2470 vero
811 2431 972 2484 optima,
1008 2432 1127 2484 quod,
1158 2445 1250 2470 cum
1285 2432 1331 2470 ad
1363 2432 1601 2470 Haluntium
1621 2431 1776 2470 veniffet
1799 2432 1939 2471 Praetor

543 2497 750 2536 laboriosus
771 2507 808 2535 et
843 2498 1022 2550 diligens,
1053 2497 1131 2550 ipse
1165 2498 1204 2536 in
1237 2498 1425 2551 oppidum
1460 2498 1635 2536 accedere
1655 2498 1796 2542 noluit,
1833 2498 1939 2550 quod

543 2573 619 2601 erat
640 2563 791 2602 difficili
812 2563 977 2610 ascensu,
1009 2573 1123 2617 atque
1149 2564 1296 2611 arduo,
1329 2563 1624 2618 Archagathum
1656 2564 1939 2609 Haluntinum,
