2201 2792
573 188 922 230 ACTIONIS
964 188 1018 228 ΙΙ.
1089 190 1300 230 LIBER
1343 193 1376 231 Ι.
1606 208 1676 249 151

270 305 439 347 quorum
470 289 656 330 scelerum
687 289 813 343 poenis
848 290 1028 342 agitatur,
1058 297 1097 327 et
1130 303 1154 327 a
1181 300 1313 329 mente
1347 290 1582 345 consilioque
1611 294 1679 332 de-

270 360 439 399 ducitur.

325 426 400 464 111.
432 426 570 478 Agunt
589 437 680 462 eum
701 423 941 477 praecipitem
961 437 1085 478 poenae
1105 422 1252 462 civium
1274 424 1562 471 Romanorum,
1584 440 1681 478 quos

268 491 410 546 partim
431 491 553 530 securi
573 490 766 544 percuffit,
797 490 940 544 partlm
972 491 1012 528 in
1034 490 1201 528 vinculis
1227 491 1393 536 necavit,
1425 492 1568 544 partim
1600 493 1680 530 irn-

265 558 458 612 plorantes
484 558 573 610 jura
592 557 777 596 libertatis
798 565 836 594 et
855 556 1021 595 civitatis
1053 556 1094 594 in
1115 570 1272 595 crucem
1294 557 1457 595 sustulit.
1504 559 1681 612 Rapiunt

265 638 359 663 eum
379 624 425 663 ad
445 623 681 677 supplicium
699 623 768 661 Dii
789 623 922 676 patrii;
945 622 1052 676 quod
1071 623 1139 661 iste
1159 623 1338 662 inventus
1354 624 1420 669 est,
1435 624 1504 676 qui
1525 638 1545 662 e
1565 638 1680 664 com-

266 691 387 745 plexu
419 699 624 744 parentum
658 690 837 743 abreptos
872 689 972 728 filios
1004 690 1051 728 ad
1072 703 1210 728 necem
1231 690 1402 736 duceret,
1439 701 1477 729 et
1506 702 1681 744 parentes

267 758 438 811 pretium
451 771 522 811 pro
539 757 729 811 sepultura
749 755 919 794 liberum
934 756 1118 810 posceret.
1137 756 1364 809 Religiones
1377 770 1480 803 vero,
1495 771 1681 797 caeremo-

268 824 418 877 niaeque
452 824 634 863 omnium
669 823 862 862 sacrorum
895 822 1155 876 fanorumque
1189 823 1366 869 violatae,
1403 824 1681 878 simulacraque

268 891 463 936 Deorum,
498 905 584 943 quae
603 904 682 929 non
703 890 823 929 modo
843 904 890 929 ex
910 890 986 929 suis
1008 890 1165 943 templis
1192 890 1317 929 ablata
1336 891 1437 936 sunt,
1475 891 1536 930 sed
1563 893 1679 931 etiam

261 957 394 1007 jacent
425 957 466 994 in
497 956 680 1000 tenebris,
717 957 764 994 ab
785 956 855 994 isto
886 957 1028 995 retrusa
1057 966 1173 1009 atque
1193 957 1337 1003 abdita,
1364 957 1563 996 confistere
1597 960 1679 1011 ejus

266 1023 445 1061 animum
465 1022 542 1060 fine
562 1021 690 1060 furore
709 1030 825 1074 atque
845 1023 1013 1060 amentia
1033 1037 1111 1061 non
1132 1023 1274 1061 finunt.

321 1089 464 1142 Neque
483 1088 550 1126 iste
583 1087 683 1126 mihi
718 1088 871 1126 videtur
904 1088 939 1126 se
974 1088 1020 1126 ad
1051 1089 1339 1128 damnationem
1367 1089 1504 1128 offerre
1534 1092 1675 1138 solum,

265 1168 392 1207 neque
410 1154 486 1194 hoc
507 1155 670 1192 avaritiae
689 1154 879 1207 supplicio
900 1156 1119 1200 communi,
1148 1156 1216 1207 qui
1244 1156 1280 1193 se
1302 1166 1358 1195 tot
1377 1157 1582 1197 sceleribus
1603 1160 1677 1198 ob-

264 1221 473 1265 strinxerit,
504 1229 710 1258 contentus
742 1219 840 1258 effe:
884 1220 1115 1272 singularem
1151 1221 1344 1273 quandam
1378 1237 1535 1274 poenam
1571 1225 1677 1263 istius

263 1287 448 1325 immanis
468 1295 584 1339 atque
610 1287 834 1339 importuna
853 1294 987 1324 natura
1007 1286 1203 1324 desiderat.
1248 1288 1342 1326 Non
1363 1288 1402 1325 id
1423 1288 1548 1328 solum
1570 1304 1677 1343 quae—

246 1354 376 1408 ⁴fitur,
399 1362 456 1398 ut,
478 1353 548 1392 isto
568 1353 764 1398 damnato,
786 1353 888 1392 bona
907 1353 1151 1391 restituantur
1171 1354 1231 1399 iis,
1250 1355 1392 1406 quibus
1413 1365 1543 1408 erepta
1562 1357 1647 1396 sunt
1664 1376 1675 1403 ;

263 1420 327 1458 sed
359 1428 398 1458 et
427 1419 631 1472 religiones
667 1419 845 1457 Deorum
877 1420 1164 1459 immortalium
1198 1421 1424 1473 expiandae,
1456 1432 1494 1460 et
1529 1424 1677 1463 civium

262 1486 533 1524 Romanorum
554 1485 763 1531 cruciatus,
780 1485 1077 1538 multorumque
1097 1486 1368 1525 innocentium
1387 1488 1551 1541 sanguis,
1569 1491 1676 1530 istius

261 1551 452 1605 supplicio
486 1551 651 1590 luendus
681 1551 747 1591 est.
793 1552 888 1591 Non
923 1553 1029 1590 enim
1050 1551 1191 1598 furem,
1228 1553 1291 1591 sed
1323 1564 1564 1607 ereptorem3
1597 1571 1677 1596 non

262 1618 496 1663 adulterum,
529 1618 591 1656 sed
622 1628 929 1671 expugnatorem
965 1620 1190 1671 pudicitiae,
1228 1634 1306 1658 non
1338 1621 1581 1674 sacrilegum,
1615 1624 1677 1662 sed

261 1681 412 1721 hostem
433 1682 641 1727 sacrorum,
674 1682 1012 1735 religionumque;
1045 1697 1123 1721 non
1144 1684 1335 1729 ficarium,
1368 1686 1431 1723 sed
1459 1687 1675 1726 crudeliffi-

260 1762 375 1787 mum
396 1748 617 1787 carnificem
638 1748 800 1794 civium,
823 1748 1110 1802 sociorumque,
1143 1750 1184 1787 in
1205 1750 1370 1789 vestrum
1384 1752 1581 1802 judicium
1604 1754 1674 1792 ad-

259 1814 474 1853 duximus:
508 1823 551 1853 ut
585 1828 657 1867 ego
689 1813 797 1853 hunc
829 1829 955 1854 unum
989 1815 1177 1868 ejusmodi
1207 1829 1316 1854 reum
1347 1818 1431 1870 post
1462 1817 1675 1858 hominum

259 1881 493 1919 memoriam
514 1879 626 1918 fuisse
646 1880 818 1926 arbitrer,
840 1881 904 1919 cui
925 1881 1099 1919 damnari
1119 1882 1328 1934 expediret.

289 1948 362 1986 IV.
385 1948 493 1986 Nam
513 1947 601 2000 quis
622 1946 698 1985 hoc
720 1961 798 1986 non
818 1948 1018 2000 intelligit,
1036 1947 1154 1986 istum
1175 1948 1410 1993 absolutum,
1435 1949 1521 1988 Diis
1537 1950 1673 1989 homi-

261 2012 453 2066 nibusque
470 2013 617 2059 invitis,
650 2022 779 2052 tamen
797 2028 844 2053 ex
875 2015 1055 2052 manibus
1077 2015 1213 2067 populi
1243 2015 1413 2053 Romani
1435 2017 1531 2069 eripi
1562 2018 1674 2056 nullo

261 2078 380 2116 modo
400 2078 502 2131 poffe
521 2080 533 2115 ?
611 2080 668 2117 uis
687 2079 763 2117 hoc
785 2094 862 2118 non
883 2080 1077 2132 perspicit,
1100 2080 1278 2131 praeclare
1307 2081 1512 2120 nobiscum
1543 2085 1671 2121 actum

258 2145 320 2190 iri,
351 2145 378 2183 fi
408 2145 574 2198 populus
606 2146 808 2184 Romanus
835 2147 941 2184 istius
973 2147 1086 2184 unius
1118 2145 1310 2199 supplicio
1339 2157 1544 2186 contentus
1573 2150 1668 2193 erit3

259 2224 303 2249 ac
322 2225 401 2250 non
431 2211 480 2249 fic
508 2211 692 2257 statuerit,
724 2226 803 2250 non
830 2212 945 2250 istum
973 2213 1097 2264 majus
1121 2213 1161 2250 in
1191 2213 1263 2251 sese
1292 2213 1412 2252 scelus
1441 2214 1667 2266 concepisse,

258 2290 352 2316 cum
378 2277 467 2317 fana
500 2278 683 2331 spoliarit,
714 2293 806 2317 cum
836 2289 894 2317 tot
923 2279 1102 2317 homines
1132 2280 1355 2318 innocentes
1388 2281 1545 2324 necarit,
1577 2293 1669 2317 cum

257 2344 358 2383 cives
398 2346 597 2383 Romanos
635 2356 773 2391 morte,
804 2347 991 2391 cruciatu,
1022 2359 1135 2384 cruce
1174 2346 1356 2390 affecerit,
1388 2359 1481 2382 cum
1518 2346 1667 2397 praedo-

259 2422 356 2449 num
377 2411 506 2456 duces,
538 2422 692 2465 accepta
716 2413 889 2465 pecunia,
921 2413 1136 2456 dimiserim
1169 2426 1286 2463 quam
1308 2424 1384 2454 eOS,
1417 2411 1440 2448 fi
1465 2411 1531 2462 qui
1552 2412 1667 2450 istum

259 2483 332 2519 tot,
363 2477 491 2522 tantis,
523 2486 602 2516 tam
637 2478 790 2518 nefariis
827 2480 1028 2517 sceleribus
1063 2488 1305 2529 coopertum,
1331 2477 1449 2529 jurati
1484 2477 1667 2516 sententia

259 2540 325 2579 sua
345 2541 539 2581 liberarint
558 2544 571 2580 ?
