2201 2792
337 151 389 201 46
857 151 1214 189 ORATIO

336 250 429 295 fuit,
460 249 608 295 adsunt,
639 248 878 295 defendunt;
911 250 1004 288 fides
1038 249 1168 302 hujus,
1200 249 1335 288 multis
1367 250 1462 288 locis
1492 250 1660 303 cognita,
1692 262 1739 288 ne

340 317 499 371 perfidia
520 319 604 355 Sex.
628 317 755 354 Naevii
776 317 992 369 derogetur,
1019 317 1207 355 laborant.
1255 318 1301 355 In
1320 315 1542 369 hujusmodi
1570 316 1738 370 sponsio-

338 398 429 421 nem
463 383 572 420 testes
603 383 690 420 dare
723 384 921 435 oportebat
962 396 1009 421 ex
1039 396 1083 420 eo
1115 396 1289 428 numero,
1324 383 1392 434 qui
1425 382 1507 421 haec
1540 383 1708 421 dicerent
1726 401 1737 427 ;

339 449 621 486 Vadimonium
641 447 742 486 mihi
762 448 924 486 deseruit
944 463 953 486 :
985 462 1048 486 me
1067 447 1257 486 fraudavit
1276 463 1284 486 :
1317 462 1338 486 a
1357 463 1420 486 me
1443 449 1612 487 nominis
1643 450 1738 500 ejus,

337 516 443 568 quod
463 515 649 553 infitiatus
679 514 781 559 effet,
811 514 915 552 diem
936 514 1098 567 petivit:
1131 528 1202 567 ego
1223 515 1386 567 experiri
1407 528 1483 553 non
1514 514 1646 567 potui:
1681 514 1739 551 la-

337 583 479 626 titavit,
501 589 787 633 procuratorem
809 580 964 618 nullum
984 581 1154 632 reliquit.
1179 581 1336 619 Horum
1357 580 1456 618 nihil
1478 581 1632 618 dicitur.
1666 581 1739 618 Pa=

336 657 469 685 rantur
489 646 612 690 testes,
649 646 717 697 qui
736 645 818 683 haec
839 646 982 683 dicant.
1015 646 1178 690 Verum,
1211 643 1361 698 opinor,
1394 646 1619 690 viderimus,
1647 659 1740 683 cum

336 713 518 751 dixerint.
552 714 690 751 Unum
723 721 851 750 tamen
879 711 954 749 hoc
989 712 1173 764 cogitent,
1210 713 1263 750 ita
1282 712 1317 750 se
1348 726 1477 765 graves
1511 712 1594 757 effe,
1626 721 1683 756 ut,
1713 710 1740 749 fi

335 781 537 817 veritatem
557 778 688 816 volent
708 778 882 822 retinere,
914 779 1140 830 gravitatem
1173 778 1313 831 poffint
1338 779 1539 823 obtinere5
1572 779 1626 817 fin
1655 791 1741 816 eam

336 845 548 898 negligent,
580 845 632 882 ita
662 844 762 882 leves
783 844 868 889 sint,
905 853 948 882 ut
969 858 1102 882 omnes
1123 845 1356 897 intelligant,
1393 859 1471 883 non
1491 845 1537 883 ad
1557 845 1739 884 obtinen-

337 912 434 949 dum
466 910 726 957 mendacium,
760 908 821 948 sed
852 911 898 948 ad
929 924 1063 949 verum
1090 911 1350 964 probandum,
1381 912 1646 950 auetoritatem
1672 911 1740 948 ad<

329 979 477 1030 juvare.

392 1045 545 1084 XXIV.
577 1046 663 1098 Ego
692 1044 775 1083 haec
809 1045 886 1083 duo
906 1058 1061 1096 quaero:
1094 1045 1283 1097 primurn,
1320 1058 1395 1097 qua
1415 1045 1560 1083 ratione
1580 1043 1741 1084 Naevius

337 1110 555 1164 susceptum
576 1111 778 1163 negotium
798 1124 877 1149 non
898 1110 1147 1163 transegerit,
1180 1110 1256 1149 hoc
1277 1111 1342 1154 est,
1364 1124 1433 1148 cur
1454 1111 1566 1155 bona,
1588 1124 1674 1162 quae
1693 1123 1741 1148 ex

335 1177 461 1215 edieto
482 1176 703 1229 possidebat,
734 1189 814 1214 non
833 1175 1073 1213 vendiderit:
1106 1175 1255 1219 deinde,
1291 1189 1359 1213 cur
1384 1188 1431 1213 ex
1453 1184 1509 1213 tot
1537 1175 1739 1213 creditori-

335 1243 408 1281 bus
429 1243 512 1280 aliis
532 1242 577 1280 ad
598 1241 707 1279 istam
725 1242 914 1279 rationem
941 1253 1058 1279 nemo
1078 1240 1270 1279 accesserit
1285 1260 1297 1286 ς
1330 1250 1374 1278 ut
1393 1240 1595 1279 neceffario
1615 1242 1740 1280 confi-

335 1317 448 1353 teare,
472 1321 597 1360 neque
616 1320 752 1345 eorum
773 1315 853 1344 tam
875 1308 1123 1345 temerarium
1143 1320 1381 1359 quemquam
1402 1306 1525 1352 fuiffe,
1556 1320 1681 1360 neque
1705 1316 1742 1346 te

333 1373 462 1426 ipsum
492 1374 548 1418 id,
575 1373 682 1425 quod
715 1372 930 1425 turpiflime
949 1372 1176 1425 suscepiffes,
1208 1372 1451 1425 perseverare,
1484 1381 1522 1411 et
1541 1373 1742 1426 transigere

334 1439 510 1492 potuisse.
543 1439 653 1491 Qid
678 1439 705 1477 fi
725 1448 767 1477 tu
788 1438 879 1491 ipse,
916 1439 1002 1477 Sex.
1027 1439 1156 1485 Naevi,
1187 1439 1359 1484 statuisti,
1393 1440 1493 1478 bona
1514 1440 1558 1478 P.
1583 1441 1741 1492 Qintii

335 1519 383 1544 ex
403 1506 528 1544 edicto
548 1504 701 1558 pofi‘effa
731 1518 809 1543 non
843 1504 941 1543 effe?
975 1506 1142 1558 Opinor,
1180 1514 1294 1543 tuum
1321 1505 1602 1551 testimonium,
1633 1506 1741 1558 quod

334 1572 376 1609 in
396 1571 517 1609 aliena
537 1585 575 1608 re
594 1571 675 1608 leve
695 1571 797 1615 effet,
828 1571 868 1609 id
895 1571 935 1608 in
968 1581 1045 1616 tua,
1068 1572 1253 1623 quoniam
1273 1581 1406 1610 contra
1426 1581 1462 1622 te
1482 1572 1547 1617 est,
1569 1572 1740 1625 graviffi-

335 1651 448 1675 mum
469 1637 582 1675 debet
601 1636 687 1674 esse.
734 1637 873 1674 Emisti
895 1637 997 1674 bona
1017 1638 1103 1675 Sex.
1127 1636 1315 1690 Alpheni,
1348 1639 1396 1676 L.
1421 1625 1522 1689 Sitlla
1542 1639 1741 1676 Dictatore

334 1703 551 1748 vendente3
586 1703 743 1755 Socium
766 1702 837 1740 tibi
858 1703 899 1740 in
917 1701 1034 1754 hujus
1057 1703 1168 1741 bonis
1189 1703 1338 1741 'edidisti
1360 1704 1589 1755 Qintium.
1626 1705 1742 1742 Plura

335 1782 414 1807 non
435 1769 535 1807 dico.
584 1770 689 1807 Cum
710 1782 755 1806 eo
787 1778 829 1807 tu
850 1769 1106 1808 voluntariam
1133 1769 1353 1808 societatem
1374 1770 1518 1814 coibas,
1554 1771 1621 1821 qui
1645 1779 1681 1808 te
1700 1771 1741 1807 in

335 1834 571 1873 haereditaria
588 1835 763 1873 societate
783 1834 971 1873 fraudarat
990 1836 1006 1889 ?>
1025 1844 1063 1873 et
1082 1849 1172 1873 eum
1186 1836 1338 1887 judicio
1359 1846 1426 1874 tuo
1446 1836 1739 1888 comprobabas,

335 1914 453 1952 quem
475 1901 679 1954 spoliatum
699 1900 802 1938 fama
821 1900 1063 1953 fortunisque
1083 1902 1266 1939 omnibus
1287 1901 1515 1939 arbitrabare
1533 1902 1545 1938 ?

393 1967 630 2006 Diffidebam
660 1966 895 2011 mehercule,
929 1968 976 2005 C.
1001 1968 1153 2019 Aquili,
1187 1967 1271 2006 satis
1293 1968 1425 2006 animo
1456 1977 1560 2007 certo
1586 1977 1623 2006 et
1644 1982 1739 2007 con-

335 2032 489 2071 firmato
510 2046 572 2070 me
593 2032 695 2086 poffe
728 2033 768 2070 in
795 2031 867 2070 hac
902 2033 1009 2070 causa
1028 2033 1239 2072 conflstere.
1286 2034 1347 2071 Sic
1367 2034 1615 2087 cogitabam3
1648 2048 1741 2073 cum

334 2108 469 2137 contra
499 2099 668 2137 dicturus
691 2098 778 2136 cffet
800 2098 1042 2144 Hortensius,
1075 2109 1112 2137 et
1138 2113 1230 2137 cum
1261 2099 1349 2138 efl‘et
1380 2110 1523 2138 attente
1543 2101 1740 2139 auditurus

335 2163 558 2217 Philippus,
589 2164 685 2209 fore,
718 2165 775 2202 uti
797 2165 999 2216 permultis
1027 2166 1067 2203 in
1089 2166 1200 2203 rebus
1221 2166 1360 2203 timore
1388 2166 1618 2218 prolaberer.
1662 2167 1740 2204 Di-

333 2231 469 2268 cebam
502 2229 594 2268 huic
622 2230 857 2282 QRoscio,
890 2232 1000 2282 cujus
1032 2231 1134 2269 soror
1169 2231 1221 2268 cst
1251 2245 1344 2269 cum
1366 2232 1410 2269 P.
1434 2232 1614 2282 Qintio,
1647 2244 1740 2270 cum

335 2310 355 2336 a
377 2310 438 2333 me
458 2306 615 2348 peteret,
652 2305 689 2334 et
709 2296 859 2334 summe
879 2297 1139 2342 contenderet,
1176 2306 1220 2334 ut
1240 2297 1351 2335 suum
1384 2298 1650 2350 propinquum
1671 2297 1739 2335 de-

333 2361 547 2407 fenderem,
580 2362 679 2400 mihi
700 2362 925 2415 perdifficile
961 2362 1032 2400 effe
1067 2372 1198 2400 contra
1226 2363 1316 2401 tales
1346 2373 1511 2401 oratores
1543 2377 1621 2402 non
1650 2377 1738 2402 mo-

333 2428 385 2470 do
407 2436 551 2467 tantam
583 2429 732 2468 causam
753 2442 939 2483 perorare,
972 2428 1034 2468 sed
1053 2429 1215 2469 omnino
1236 2429 1398 2468 ver-bum
1425 2428 1561 2475 facere,
1594 2430 1736 2469 conari,
