2201 2792
548 197 626 236 440
973 180 1073 218 IN
1146 180 1527 219 VERREM

550 281 738 322 Romanis
773 279 892 319 securi
925 279 1103 332 percussis
1119 308 1129 324 ‚
1161 279 1385 332 praedonum
1419 280 1559 319 ducem
1590 280 1715 318 vivere
1729 309 1739 325 ,
1769 279 1871 332 apud
1904 289 1941 318 te

548 349 746 393 habitareJ
780 348 820 392 si,
853 348 1028 398 inquam,
1051 345 1173 398 pridie
1204 345 1323 383 domo
1350 354 1415 383 tua
1443 346 1680 399 profugiffet,
1712 347 1738 384 fi
1768 346 1940 398 aliquam

549 429 711 454 manum
733 424 864 452 contra
883 412 1075 464 populum
1096 412 1323 449 Romanum
1344 410 1467 449 facere
1486 412 1678 465 potuisset,
1709 412 1804 466 quid
1833 413 1941 450 dice-

550 483 635 520 res?
667 480 786 533 Apud
806 492 869 517 me
889 477 1102 516 habitavit:
1135 491 1291 515 mecum
1316 476 1418 516 fuit:
1450 491 1522 530 ego
1542 478 1655 517 illum
1676 479 1722 517 ad
1743 478 1944 531 judicium

549 562 697 592 meum,
729 559 807 599 quo
826 544 978 583 facilius
997 544 1147 582 crimen
1173 544 1427 582 inimicorum
1449 544 1593 582 diluere
1612 545 1771 598 possem,
1792 545 1942 589 vivum,

550 625 664 667 atque
696 613 935 652 incolumem
957 610 1151 649 reservavi.
1182 611 1289 649 Itane
1321 611 1440 649 vero?
1473 620 1516 649 tu
1546 620 1611 649 tua
1641 611 1811 664 pericula
1830 625 1942 649 com-

551 681 663 718 muni
684 678 855 732 periculo
886 675 1098 714 defendes?
1130 685 1172 714 tu
1205 676 1407 729 supplicia,
1438 690 1522 728 quae
1547 676 1735 715 debentur
1767 676 1942 715 hostibus

548 747 673 791 victis,
705 744 751 783 ad
771 753 899 787 tuum,
934 756 1012 780 non
1033 742 1078 780 ad
1099 741 1235 795 populi
1254 743 1424 780 Romani
1456 751 1609 795 tempus
1630 741 1801 781 conferes
1821 743 1834 779 ?
1869 756 1944 796 po-

550 812 635 866 puli
656 810 825 850 Romani
845 808 963 846 hostis
983 809 1138 861 privatis
1159 807 1339 846 custodiis
1360 808 1601 846 affervabitur
1618 810 1630 845 ?
1663 810 1718 847 At
1737 810 1854 847 etiam
1875 809 1944 861 qui

551 880 809 934 triumphant,
831 892 954 931 eoque
974 879 1119 916 diutius
1150 879 1256 916 vivos
1276 877 1446 916 hostium
1466 878 1581 917 duces
1600 878 1760 923 servant,
1794 887 1851 923 ut,
1882 877 1943 917 his

550 963 617 1002 per
638 944 887 999 triumphum
907 944 1046 989 ductis,
1067 942 1377 997 pulcherrimum
1398 944 1673 997 spectaculum,
1694 943 1954 997 fruaumquev

551 1015 718 1053 victoriae
740 1012 905 1066 populus
926 1012 1128 1048 Romanus
1150 1010 1343 1063 percipere
1364 1010 1498 1063 poffit;
1531 1019 1659 1048 tamen
1679 1024 1772 1049 cum
1792 1011 1838 1048 de
1859 1009 1945 1049 foro

550 1083 591 1119 in
613 1080 854 1134 Capitolium
875 1091 1032 1116 currum
1063 1076 1211 1115 flectere
1231 1077 1438 1129 incipiunt,
1466 1076 1553 1115 illos
1585 1077 1675 1115 duci
1694 1078 1735 1115 in
1755 1091 1945 1116 carcerem

546 1149 712 1200 jubent3
745 1146 928 1198 idemque
948 1144 1026 1182 dies
1048 1153 1086 1182 et
1105 1143 1313 1182 vietoribus
1334 1143 1504 1197 imperii,
1531 1153 1569 1183 et
1589 1144 1698 1184 victis
1719 1144 1805 1183 vitae
1824 1144 1945 1183 finem

552 1215 659 1253 facit.

607 1283 661 1319 Et
679 1293 782 1318 nunc
804 1279 989 1331 cuiquam
1010 1278 1124 1317 credo
1142 1278 1213 1316 effe
1234 1278 1414 1323 dubium,
1436 1279 1531 1331 quin
1553 1287 1593 1317 tu
1615 1279 1654 1316 id
1674 1277 1944 1317 commiffurus

552 1362 629 1386 non
661 1346 792 1390 fueris,
831 1344 1055 1397 (praesertim
1090 1358 1181 1382 cum
1202 1344 1397 1390 statuisses,
1430 1354 1472 1382 ut
1492 1345 1558 1390 ais,
1588 1345 1659 1382 tibi
1691 1344 1840 1383 causam
1874 1344 1946 1382 effe

553 1413 774 1464 dicendam)
807 1420 849 1449 ut
870 1410 936 1448 ille
957 1409 1183 1463 archipirata
1203 1424 1280 1448 non
1301 1411 1430 1463 potius
1451 1410 1569 1448 securi
1590 1409 1778 1455 feriretur,
1810 1423 1944 1462 quam,

552 1480 657 1532 quod
690 1488 768 1516 erat
787 1486 873 1515 ante
903 1476 1036 1514 oculos
1058 1476 1239 1529 positum,
1276 1485 1343 1514 tuo
1363 1477 1535 1529 periculo
1566 1477 1720 1515 viveret.
1769 1477 1807 1514 Si
1838 1477 1945 1514 enim

552 1546 639 1584 effet
660 1554 850 1588 mortuus,
883 1552 939 1587 tu,
962 1543 1030 1594 qui
1050 1543 1199 1580 crimen
1219 1543 1271 1580 ais
1293 1553 1329 1581 te
1349 1542 1536 1588 metuiffe,
1558 1557 1700 1595 quaero,
1722 1543 1784 1581 cui
1805 1542 1945 1596 proba-

553 1627 609 1651 res
628 1614 640 1650 ?
675 1613 780 1650 Cum
801 1609 999 1654 constaret,
1034 1609 1150 1647 istum
1173 1609 1357 1661 Syracusis
1379 1610 1425 1647 ab
1447 1609 1556 1648 nullo
1576 1609 1700 1648 visum
1727 1609 1797 1647 effe
1817 1608 1945 1647 archi-

553 1681 730 1732 piratam,
762 1678 808 1714 ab
838 1676 1022 1714 omnibus
1043 1675 1322 1721 defideratum3
1355 1690 1447 1714 cum
1468 1676 1659 1715 dubitaret
1686 1689 1816 1721 nemo,
1850 1676 1947 1728 quin

553 1748 618 1785 abs
640 1756 676 1785 te
697 1746 858 1799 pecunia
886 1744 1068 1782 liberatus
1089 1743 1204 1788 effet3
1237 1757 1329 1782 cum
1350 1744 1467 1796 vulgo
1487 1744 1748 1796 loquerentur,
1774 1743 1945 1796 suppofi-

553 1823 639 1851 tum
661 1813 700 1850 in
721 1813 800 1864 ejus
821 1811 969 1855 locum,
991 1823 1110 1862 quem
1130 1824 1200 1862 pro
1220 1809 1288 1847 illo
1305 1810 1464 1863 probare
1484 1810 1599 1849 velles
1616 1829 1629 1855 5
1661 1823 1754 1848 cum
1773 1818 1855 1847 tute
1870 1807 1947 1847 fas-

553 1879 612 1917 sus
634 1878 736 1922 effes,
770 1886 806 1914 te
837 1875 877 1913 id
908 1877 1055 1913 crimen
1077 1884 1183 1913 tanto
1203 1886 1290 1913 ante
1311 1875 1512 1921 metuiffe;
1545 1876 1570 1914 fi
1591 1889 1682 1913 eum
1703 1875 1845 1913 diceres
1876 1874 1947 1912 effe

553 1954 769 1988 mortuum,
806 1941 892 1993 quis
928 1950 964 1978 te
998 1940 1174 1978 audiret?
1207 1941 1342 1986 Nunc,
1379 1955 1471 1979 cum
1507 1942 1641 1980 vivum
1674 1940 1790 1979 istum
1821 1940 1947 1980 nescio

554 2024 671 2063 quem
692 2008 893 2061 produces,
917 2016 1095 2045 tamenne
1114 2006 1153 2044 id
1173 2007 1275 2044 credi
1296 2006 1397 2045 voles
1416 2007 1430 2044 ?

610 2076 734 2128 Qid,
758 2075 782 2112 s1
803 2073 1034 2126 aufugifl'et?
1065 2073 1091 2111 fi
1113 2073 1240 2111 vincla
1269 2074 1438 2127 rupisset,
1470 2075 1534 2119 ita,
1558 2083 1601 2112 ut
1622 2074 1726 2113 Nico
1747 2073 1812 2112 ille
1832 2073 1947 2112 nobi-

556 2144 716 2182 liffimus
739 2144 858 2196 pirata
888 2141 994 2186 fecit,
1027 2155 1146 2194 quem
1169 2142 1212 2179 P.
1237 2141 1433 2187 Servilius,
1466 2156 1541 2194 qua
1562 2140 1747 2180 felicitate
1781 2149 1946 2193 ceperat,

554 2211 685 2249 eadem
708 2208 942 2261 recuperavit
961 2208 973 2244 ?
1006 2208 1115 2259 Qid
1136 2208 1277 2245 diceres
1297 2208 1310 2243 ?
1342 2206 1490 2246 Verum
1516 2207 1592 2246 hoc
1612 2218 1689 2246 erat
1707 2223 1716 2246 z
1750 2208 1775 2245 s1
1795 2207 1861 2245 ille
1888 2206 1947 2244 se-

556 2279 631 2315 mel
654 2289 763 2314 verus
785 2273 1013 2326 archipirata
1034 2274 1151 2311 securi
1173 2273 1362 2326 percussus
1384 2274 1486 2319 effet,
1518 2274 1723 2327 pecuniam
1744 2273 1850 2310 illam
1869 2286 1947 2311 non

553 2344 739 2387 habere53
773 2342 797 2380 1'1
832 2340 896 2378 hic
918 2339 1032 2377 falsus
1064 2339 1152 2377 effet
1180 2350 1370 2385 mortuus,
1407 2349 1473 2377 aut
1491 2338 1729 2392 profugisset,
1762 2352 1839 2377 non
1859 2338 1948 2377 effet

556 2411 714 2449 difficile
735 2410 855 2447 alium
880 2408 919 2445 in
941 2406 1122 2460 suppofiti
1142 2407 1273 2444 locum
1295 2406 1518 2459 supponere.
1552 2406 1667 2444 Plura
1695 2406 1792 2451 dixi,
1829 2419 1948 2459 quam

555 2477 674 2521 volui,
714 2476 760 2514 de
793 2475 863 2513 illo
895 2473 1146 2527 archipirata3
1179 2482 1217 2511 et
1256 2482 1385 2511 tamen
1419 2486 1474 2518 ea,
1511 2487 1596 2526 quae
1627 2471 1831 2511 certissima
1861 2472 1948 2512 sunt

555 2542 670 2596 hujus
693 2542 868 2581 criminis
891 2549 1128 2594 argumenta,
1159 2539 1394 2594 praetermifi‚
1426 2539 1529 2578 Volo
1560 2539 1666 2578 enim
1697 2538 1798 2578 mihi
1819 2547 1947 2578 totum
