2201 2792
477 162 553 201 512
969 146 1371 185 ORATIO

465 248 619 301 aliquid
641 247 757 287 nostri
791 247 935 300 negotii
956 256 1119 300 gerunt;
1152 247 1212 285 sed
1233 246 1338 299 quod
1371 247 1411 284 in
1443 244 1515 284 hac
1547 258 1585 284 re
1616 245 1734 297 quaeri
1766 244 1866 284 nihil

474 317 624 354 attinet.
656 317 759 353 Tam
777 314 961 359 restitues,
984 314 1010 352 fi
1031 327 1129 351 unus
1150 313 1332 358 servulus,
1364 327 1482 365 quarn
1502 313 1528 350 si
1548 311 1696 350 familia
1715 312 1864 364 dejece-

474 384 524 421 rit
541 381 736 420 universa:
769 395 847 418 non
868 394 945 432 quo
963 381 1069 417 idem
1087 379 1132 417 s1t
1153 379 1320 417 servulus
1342 392 1454 423 unus,
1477 378 1583 431 quod
1600 377 1773 424 familia;
1796 393 1864 416 ve-

474 463 561 488 rum
583 450 672 500 quia
692 462 783 491 non,
805 447 947 498 quibus
967 446 1090 484 verbis
1111 445 1283 497 quidque
1301 445 1463 489 dicatur,
1486 445 1683 497 quaeritur,
1701 444 1763 482 sed
1780 458 1865 497 quae

471 529 530 553 res
549 523 692 567 agatur.
720 513 851 551 Etiam
872 521 914 550 ut
927 513 1010 564 jam
1030 512 1183 564 longius
1204 524 1224 549 a
1244 511 1361 549 verbo
1381 510 1616 555 recedamus,
1638 511 1684 548 ab
1706 511 1864 563 aequita-

474 592 510 620 te
531 596 577 620 ne
598 581 793 620 tantulum
814 580 1001 632 quidem3
1034 580 1059 617 fi
1082 588 1170 617 tuus
1190 579 1314 617 servus
1335 579 1465 617 nullus
1487 577 1616 623 fuerit,
1650 578 1712 616 sed
1730 591 1866 616 omnes

472 649 586 686 alieni
607 661 648 686 ac
670 646 909 691 mercenarii,
931 655 1060 684 tamen
1079 654 1118 683 et
1137 645 1205 698 ipfi
1226 653 1299 682 tuae
1320 643 1478 682 familiae
1498 653 1536 682 et
1554 657 1705 696 genere,
1735 653 1774 682 et
1793 657 1864 683 no-

472 715 593 758 mine,
615 713 932 751 continebuntur.

527 781 639 818 XXI.
673 781 792 831 Perge
826 791 938 830 porro
972 776 1047 814 hoc
1081 777 1187 815 idem
1221 776 1469 814 interdiftum
1490 775 1621 828 sequi:
1653 775 1866 814 Hominibm

471 846 611 884 coistis.
645 844 861 883 Neminem
892 842 1061 895 coegeris
1077 860 1089 887 ς
1115 841 1184 894 ipsi
1218 841 1468 879 convenerint
1488 840 1552 878 sua
1572 840 1717 893 sponte.
1751 842 1863 878 Certe

470 912 577 964 cogit
597 911 644 955 is,
666 911 735 963 qui
755 917 962 962 congregat
980 907 1174 953 homines,
1192 917 1230 946 et
1249 916 1462 946 convocat:
1484 907 1606 945 coaffi
1626 906 1713 944 sunt
1733 906 1775 952 ii,
1797 906 1866 959 qui

470 978 518 1016 ab
539 978 670 1029 aliquo
690 976 778 1014 sunt
797 989 921 1014 unum
941 975 983 1013 in
1002 974 1136 1013 locum
1156 974 1392 1027 congregati.
1427 974 1465 1012 Si
1483 987 1562 1012 non
1581 972 1701 1012 modo
1719 986 1865 1012 convo-

470 1044 544 1082 cati
566 1057 644 1081 non
673 1043 776 1087 sunt,
808 1041 870 1080 sed
901 1055 948 1080 ne
974 1050 1236 1080 convenerunt
1266 1041 1425 1093 quidem
1442 1059 1455 1086 3
1487 1040 1550 1078 sed
1579 1040 1608 1078 ii
1638 1040 1757 1079 modo
1776 1039 1863 1078 fue-

470 1119 572 1154 runt,
596 1110 664 1161 qui
684 1109 799 1146 etiam
820 1117 942 1153 antea,
973 1121 1052 1145 non
1072 1107 1128 1145 vis
1150 1116 1193 1144 ut
1213 1106 1332 1151 fieret,
1363 1120 1498 1145 verum
1523 1106 1676 1145 colendi
1695 1115 1760 1144 aut
1781 1105 1864 1159 pas-

466 1177 581 1214 cendi
601 1175 722 1220 causa,
755 1175 826 1213 effe
846 1175 887 1212 in
917 1188 1008 1227 agro
1038 1173 1311 1212 consueverant
1326 1191 1337 1218 ς
1370 1172 1565 1218 defendes,
1593 1172 1773 1211 homines
1794 1186 1862 1212 co-

469 1245 570 1281 aeros
592 1257 670 1280 non
691 1241 827 1280 fuiffe:
859 1250 898 1279 et
928 1241 1045 1278 verbo
1065 1241 1227 1292 quidem
1257 1240 1465 1292 superabis,
1496 1254 1560 1278 me
1590 1239 1673 1292 ipso
1698 1239 1861 1292 judice5

468 1323 508 1347 re
528 1319 672 1353 autem,
704 1322 753 1346 ne
773 1307 947 1345 consistes
967 1306 1128 1358 quidem
1151 1305 1230 1343 ullo
1245 1306 1391 1357 judice.
1422 1306 1519 1343 Vim
1549 1306 1655 1343 enim
1676 1304 1862 1343 multitu-

469 1376 570 1414 dinis
592 1375 736 1413 restitui
757 1374 975 1418 voluerunt,
990 1386 1068 1411 non
1088 1372 1214 1410 solum
1233 1381 1450 1410 convocatae
1470 1372 1734 1410 multitudinis
1751 1387 1760 1410 :
1784 1371 1861 1417 sed,

469 1443 560 1494 quia
579 1442 822 1494 plerumque,
846 1440 913 1477 ubi
933 1439 1187 1477 multitudine
1212 1452 1308 1491 opus
1330 1439 1395 1482 est,
1417 1437 1596 1476 homines
1616 1438 1705 1490 cogi
1725 1438 1862 1484 solent,

469 1509 556 1546 ideo
587 1508 633 1545 de
664 1508 802 1545 coaffis
837 1505 1097 1558 compositum
1131 1504 1382 1542 interdictum
1414 1503 1493 1542 est:
1525 1504 1655 1556 quod,
1688 1505 1805 1542 etiam
1834 1504 1862 1543 fi

469 1576 584 1613 verbo
605 1573 756 1614 differre
777 1573 983 1617 videbitur,
1003 1585 1040 1609 re
1061 1581 1190 1609 tamen
1209 1571 1281 1609 erit
1300 1585 1439 1616 unum,
1455 1579 1494 1608 et
1508 1571 1690 1610 omnibus
1709 1572 1748 1609 in
1768 1585 1862 1610 cau-

469 1641 638 1680 sisidem
659 1640 813 1684 valebit,
850 1639 890 1676 in
911 1638 1052 1691 quibus
1084 1637 1310 1691 perspicitur
1340 1651 1415 1676 una
1444 1646 1558 1690 atque
1589 1637 1722 1677 eadem
1753 1637 1863 1676 causa

469 1709 673 1761 aequitatis.
1215 1714 1219 1717 “

523 1776 749 1828 Ανηιαίψυε.
783 1775 891 1826 Qid
924 1773 1098 1812 dicemus
1118 1773 1131 1811 ?
1162 1782 1341 1819 armatos,
1372 1773 1399 1812 fi
1433 1773 1571 1812 Latine
1604 1772 1713 1825 loqui
1746 1770 1860 1810 volu-

468 1855 570 1886 mus,
602 1843 697 1894 quos
719 1841 907 1894 appellare
927 1854 1012 1878 vere
1045 1839 1241 1892 poffumus
1260 1841 1273 1877 ?
1304 1840 1442 1893 opinor
1461 1852 1539 1884 eos,
1575 1839 1643 1891 qui
1664 1837 1778 1875 scutis
1800 1845 1859 1874 te—

467 1907 589 1959 lisque
620 1908 739 1960 parati
759 1907 959 1958 ornatique
979 1906 1079 1944 sunt.
1113 1906 1222 1956 Qid
1254 1906 1403 1958 igitur?
1439 1906 1465 1943 fi
1485 1905 1623 1957 glebis,
1659 1912 1724 1941 aut
1750 1902 1860 1948 saxis,

467 1983 532 2011 aut
552 1973 731 2018 fustibus,
753 1973 923 2024 aliquem
943 1971 990 2009 de
1009 1970 1132 2009 fundo
1151 1972 1390 2024 praecipitem
1411 1971 1531 2024 egeris
1548 1988 1559 2016 3
1582 1969 1779 2023 juffusque
1798 1969 1859 2014 fis,

467 2053 586 2091 quem
606 2038 834 2077 hominibus
855 2038 1008 2076 armatis
1030 2037 1224 2089 dejeceris,
1258 2037 1451 2075 restituere
1467 2055 1478 2081 ;
1512 2036 1709 2074 restituiffe
1740 2044 1777 2073 te
1798 2035 1860 2073 di-

466 2119 528 2144 ces
547 2106 560 2143 ?
583 2106 708 2143 Verba
729 2105 754 2142 s1
775 2104 925 2149 valent3
958 2104 983 2142 fi
1005 2104 1121 2142 causae
1142 2117 1220 2142 non
1241 2104 1399 2148 ratione,
1431 2103 1491 2141 sed
1511 2102 1686 2146 vocibus,
1709 2101 1858 2155 ponde-

467 2181 623 2216 rantur3
657 2185 718 2209 me
739 2173 890 2208 au&ore
911 2158 1044 2208 dicito.
1069 2171 1212 2208 Vinces
1238 2169 1425 2222 profeOEto,
1459 2183 1537 2207 non
1565 2168 1674 2221 fuisse
1694 2176 1858 2206 armatos

466 2252 543 2283 eos,
566 2239 634 2290 qui
655 2238 737 2275 saxa
751 2237 936 2289 jacerent,
959 2250 1043 2288 quae
1064 2236 1110 2273 de
1130 2246 1227 2274 terra
1247 2237 1315 2288 ipsi
1337 2236 1541 2280 tollerent;
1566 2248 1643 2272 non
1663 2233 1734 2271 effe
1755 2246 1860 2271 arma

466 2305 649 2357 caespites,
672 2316 795 2355 neque
815 2302 944 2355 glebas
963 2320 974 2346 3
998 2315 1075 2339 non
1096 2300 1206 2340 fuiffe
1226 2311 1389 2339 armatos
1406 2314 1483 2345 eos,
1506 2301 1572 2352 qui
1589 2308 1857 2351 praetereuntes

466 2385 618 2408 ramum
641 2369 898 2422 defringerent
919 2368 1090 2413 arboris,
1122 2381 1226 2405 arma
1256 2367 1325 2405 effe
1347 2367 1419 2404 suis
1441 2366 1682 2410 nominibus,
1715 2365 1786 2402 alia
1811 2365 1858 2403 ad

466 2438 690 2489 tegendum,
713 2436 784 2474 alia
804 2436 850 2473 ad
867 2435 1112 2480 nocendum5
1147 2447 1232 2487 quae
1265 2434 1333 2486 qui
1354 2447 1430 2472 non
1455 2432 1674 2478 habuerint,
1709 2445 1772 2470 eos
1793 2431 1856 2470 in-

461 2517 586 2541 ermes
607 2502 715 2541 fuiffe
734 2502 873 2540 vinces.
