2201 2792
664 165 1008 204 ACTIONIS
1052 165 1105 203 11.
1166 166 1374 205 LIBER
1412 169 1463 205 V.
1679 182 1757 223 433

364 271 627 301 commeatum
649 263 767 301 totius
788 263 921 302 aestatis
942 263 1145 301 abstulerat
1164 278 1172 301 ε
1205 263 1286 308 iste,
1314 263 1419 316 quod
1440 265 1519 316 ejus
1541 273 1664 303 nauta:
1685 279 1756 303 no-

363 330 470 367 mine
490 344 560 383 pro
591 330 793 384 stipendio,
829 329 1103 383 frumentoque
1122 339 1330 383 acceperat,
1358 331 1590 369 lucrabatur.
1623 332 1758 384 Itaque

362 396 524 447 quaestus
545 396 687 450 duplex
719 398 832 435 unius
859 397 1033 435 miffione
1053 396 1181 435 fiebat.
1214 399 1346 449 Atque
1376 396 1458 435 haec
1479 396 1599 435 homo
1620 411 1754 435 amen-

362 461 526 501 tiffimus
557 464 598 501 in
621 473 727 501 tanto
747 464 972 516 praedonum
994 464 1158 517 impetu,
1195 473 1379 516 tantoque
1405 463 1578 517 periculo
1597 464 1755 516 provin-

361 528 443 574 ciae,
467 530 516 567 fic
537 530 662 582 palam
696 529 873 576 faciebat,
905 540 945 568 ut
972 540 1009 568 et
1029 531 1097 583 ipfi
1118 530 1313 583 praedones
1334 531 1487 576 scirent,
1509 540 1546 568 et
1567 539 1646 569 tota
1664 544 1755 583 pro-

360 595 487 633 vincia
507 596 607 634 testis
628 595 730 634 effet.

409 662 514 698 Cum
534 670 691 713 propter
705 661 810 699 istius
831 659 931 698 hanc
953 670 1098 699 tantam
1119 662 1330 706 avaritiam,
1348 662 1507 700 nomine
1527 662 1647 700 claffis
1668 661 1758 699 effer:

360 726 401 763 in
424 726 564 771 Sicilia,
601 740 639 764 re
660 727 821 779 quidem
853 741 938 765 vera
958 741 1069 766 naves
1100 729 1244 773 inanes,
1276 742 1361 780 quae
1389 728 1557 781 praedam.
1583 729 1755 772 Praetori‚

359 804 439 829 non
459 805 544 844 quae
577 792 821 844 praedonibus
843 802 1008 838 metum,
1039 793 1216 832 afferrent
1232 811 1245 838 ;
1277 803 1421 839 tamen,
1453 807 1545 832 cum
1567 795 1611 832 P.
1631 795 1754 832 Caese-

361 857 452 903 tius,
483 867 521 896 et
556 859 600 896 P.
625 858 773 896 Tadius
805 859 940 897 decem
975 860 1135 898 navibus
1169 859 1230 897 his
1265 859 1485 912 semiplenis
1520 860 1754 913 navigarent,

360 937 496 962 navem
532 925 725 976 quandam
759 925 966 977 piratarum
1000 926 1124 978 praeda
1144 925 1321 964 refertam
1355 940 1433 964 non
1463 937 1661 979 ceperunt,
1693 927 1756 965 sed

360 991 617 1036 abduxerunt,
649 1005 762 1030 onere
783 991 849 1031 suo
868 992 979 1045 plane
999 1002 1166 1045 captam,
1197 1001 1311 1044 atque
1347 992 1567 1045 deprefi‘am.
1600 994 1694 1031 Erat
1714 1008 1755 1031 ea

360 1058 466 1095 navis
486 1058 599 1111 plena
628 1058 845 1109 juventutis
876 1057 1166 1103 formofiffimae,
1197 1058 1309 1110 plena
1342 1059 1487 1111 argenti
1506 1058 1610 1103 faeti,
1642 1070 1755 1112 atque

360 1123 509 1176 fignati,
540 1124 665 1162 multa
684 1138 778 1163 cum
799 1124 959 1177 stragula
979 1124 1090 1164 veste.
1123 1125 1221 1163 Haec
1241 1138 1316 1162 una
1336 1126 1440 1163 navis
1462 1139 1481 1162 a
1501 1125 1611 1163 clafl'e
1634 1127 1756 1164 nostra

360 1203 440 1227 non
471 1200 580 1242 capta
614 1189 680 1235 est,
711 1190 773 1228 scd
807 1191 961 1228 inventa
988 1191 1034 1228 ad
1066 1190 1324 1243 Megaridem,
1355 1191 1423 1243 qui
1457 1191 1564 1230 locus
1593 1192 1646 1229 est
1676 1207 1755 1230 non

359 1255 474 1308 longe
495 1270 515 1293 a
535 1256 736 1307 SyracufiS.
769 1257 888 1307 Qod
915 1257 983 1294 ubi
1004 1256 1063 1294 isti
1083 1257 1307 1294 nuntiatum
1336 1257 1416 1301 est;
1448 1257 1595 1295 tametfi
1614 1259 1655 1296 in
1676 1261 1756 1296 afta

360 1335 452 1359 cum
473 1321 712 1360 mulierculis
727 1322 879 1375 jacebat
899 1322 1042 1367 ebrius,
1059 1322 1179 1360 erexit
1195 1322 1230 1360 se
1251 1332 1394 1368 tamen,
1411 1331 1449 1361 et
1469 1322 1597 1361 statim
1617 1324 1756 1375 Qaes-

335 1411 339 1414 x
361 1388 449 1432 tori,
481 1387 686 1440 legatoque
705 1387 772 1426 suo
790 1388 961 1426 custodes
993 1388 1098 1427 mifit
1116 1388 1349 1441 complures,
1382 1398 1426 1427 ut
1445 1389 1577 1427 omnia
1601 1389 1672 1427 fibi
1691 1390 1754 1428 in-

360 1462 464 1506 tegra
483 1468 600 1507 quam
622 1455 798 1507 primum
832 1453 1120 1493 exhiberentur.
1151 1454 1374 1508 Appellitur
1404 1456 1509 1494 navis
1529 1456 1723 1507 Syracusas
1742 1471 1753 1495 :

358 1523 580 1574 expectatur
613 1521 660 1559 ab
680 1520 892 1560 omnibus:
925 1521 1160 1574 supplicium
1195 1521 1294 1560 sumi
1328 1522 1374 1560 de
1401 1522 1561 1576 captivis
1580 1532 1753 1576 putatur.

360 1587 447 1632 Iste,
480 1588 582 1641 quafi
617 1588 744 1640 praeda
776 1587 845 1625 fibi
879 1588 1044 1633 advecta,
1080 1602 1157 1627 non
1188 1588 1433 1641 praedonibus
1459 1589 1595 1642 captis,
1626 1589 1652 1627 fi
1685 1590 1755 1642 qui

361 1653 478 1698 senes,
509 1663 575 1692 aut
609 1653 799 1692 deformes
820 1664 939 1698 erant,
970 1668 1032 1692 eos
1058 1655 1099 1692 in
1119 1653 1290 1693 hostium
1321 1669 1484 1693 numero
1516 1655 1650 1701 ducit;
1682 1657 1754 1709 qui

359 1720 506 1772 aliquid
540 1720 689 1765 formae,
720 1721 853 1766 aetatis,
898 1721 1129 1773 artificiique
1158 1720 1364 1766 habebant,
1410 1722 1568 1760 abducit
1601 1736 1753 1770 omnes,

360 1787 568 1824 nonnullos
589 1786 721 1824 scribis
743 1786 832 1831 suis,
864 1786 959 1831 filio,
991 1786 1220 1839 cohortique
1248 1786 1441 1826 distribuit
1457 1806 1469 1832 3
1500 1787 1752 1841 symphonia-

359 1866 423 1891 cos
443 1851 622 1891 homines
644 1853 706 1891 sex
726 1853 880 1891 cuidam
901 1855 1028 1892 amico
1047 1854 1114 1891 suo
1144 1854 1316 1892 Romam
1337 1854 1488 1891 muneri
1508 1854 1625 1893 mifit.
1657 1856 1754 1894 Nox

358 1919 424 1956 illa
444 1928 524 1957 tota
543 1919 792 1957 exinanienda
822 1920 909 1957 navi
928 1919 1182 1958 consumitur.
1224 1918 1513 1972 Archipiratam
1543 1920 1671 1974 ipsum
1691 1923 1752 1960 vi-

359 1984 422 2021 det
442 1998 572 2029 nemo,
605 1985 651 2023 de
672 1999 750 2037 quo
781 1985 1018 2038 supplicium
1039 1985 1139 2024 sumi
1165 1986 1362 2038 oportuit:
1394 1985 1588 2039 hodieque
1617 1999 1752 2027 omnes

360 2051 409 2087 fic
428 2049 573 2088 habent
594 2051 824 2102 persuasum,
850 2052 962 2103 (quid
982 2053 1062 2104 ejus
1083 2053 1141 2098 fit,
1164 2065 1229 2090 vos
1250 2053 1466 2104 conjectura
1484 2067 1639 2106 quoque
1659 2055 1752 2093 asse-

360 2117 427 2167 qui
448 2116 612 2168 debetis)
644 2117 760 2155 istum
780 2118 881 2155 clam
902 2119 1063 2170 apiratis
1083 2119 1135 2156 ob
1155 2117 1260 2157 hunc
1281 2118 1565 2172 archipiratam,
1588 2122 1751 2174 pecuni-

360 2197 422 2221 am
442 2183 637 2236 accepisse.

413 2251 565 2288 XXVI.
599 2251 828 2302 Conjessura
848 2251 948 2289 bona
967 2251 1032 2289 est.
1069 2252 1196 2303 Judex
1216 2252 1287 2290 effe
1315 2253 1438 2292 bonus
1469 2266 1584 2291 nemo
1612 2254 1747 2305 potest,

360 2317 427 2367 qui
448 2317 659 2370 suspicione
678 2328 778 2355 certa
799 2332 876 2356 non
896 2328 1086 2358 movetur.
1119 2321 1338 2358 Hominem
1368 2320 1509 2363 nostis3
1543 2319 1748 2358 consuetu-

361 2383 493 2421 dinem
527 2385 708 2422 omnium
743 2386 907 2430 tenetis;
940 2387 1009 2438 qui
1043 2386 1182 2424 ducem
1217 2387 1457 2438 praedonum,
1489 2395 1552 2422 aut
1579 2385 1748 2426 hostium

361 2449 518 2500 ceperit,
554 2463 671 2501 quam
692 2450 855 2488 libenter
875 2465 964 2489 eum
987 2453 1111 2504 palam
1133 2461 1219 2490 ante
1238 2451 1370 2489 oculos
1391 2452 1568 2490 omnium
1589 2451 1659 2488 effe
1680 2466 1748 2504 pa-

361 2514 490 2554 tiatur.
523 2516 740 2554 Hominem
775 2517 815 2554 in
851 2526 956 2556 tanto
990 2527 1181 2556 conventu
1213 2517 1398 2568 Syracusis
1430 2517 1509 2555 vidi
1535 2518 1746 2560 neminem,

1318 2584 1334 2620 I
1357 2584 1369 2620 i
1389 2583 1402 2621 i
1424 2596 1446 2622 2
