2201 2792
538 234 613 287 238
969 231 1058 270 IN
1127 228 1507 270 VERREM

533 332 644 371 omni
663 344 825 370 nurnero
846 329 1042 382 delegerit,
1074 329 1138 367 cui
1157 328 1377 381 improbam
1404 325 1487 365 falfi
1505 324 1715 378 cognitoris
1736 323 1936 378 personam

535 398 764 450 imponeret,
799 409 917 449 quem
948 405 986 432 et
1016 393 1109 432 huic
1138 392 1463 437 inimicissimum,
1498 401 1536 429 et
1566 391 1635 429 fibi
1664 391 1837 429 amicum
1867 388 1938 428 esse

535 463 805 502 arbitraretur?
839 462 920 500 Hic
941 474 1005 499 vos
1027 459 1226 504 dubitatis,
1241 459 1413 509 Judices,
1435 467 1580 496 tantam
1600 458 1705 495 istius
1726 456 1938 500 audaciam,

537 539 684 568 tantam
698 527 978 572 crudelitatem,
1001 534 1147 564 tantam
1169 525 1350 576 injuriam
1365 524 1578 562 vindicare?
1603 523 1788 561 dubitatis
1804 535 1939 561 exem-

536 596 649 649 plum
664 595 845 647 judicum
868 593 1025 631 illorum
1045 592 1165 644 sequi,
1186 591 1269 643 qui,
1292 591 1472 628 damnato
1493 591 1569 627 Cn.
1590 588 1808 633 Dolabella,
1829 588 1940 626 dam-

538 662 736 699 nationem
770 658 991 698 Philodami
1025 658 1194 710 Opuntii
1226 656 1471 701 resciderunt,
1503 655 1608 707 quod
1637 655 1668 692 is
1703 668 1781 692 non
1810 653 1941 692 absens

540 742 624 765 reus
645 727 765 765 factus
786 725 899 769 effet;
933 739 1016 778 qum
1033 737 1089 762 res
1108 723 1343 775 iniquissima
1359 732 1396 760 et
1415 721 1650 759 acerbiffima
1664 720 1740 758 est:
1773 720 1835 758 sed
1849 732 1943 757 curn

539 794 575 831 ei
605 793 745 845 legatio
766 793 936 829 Romam
968 804 988 827 a
1019 789 1093 828 suis
1114 789 1264 827 civibus
1296 788 1385 826 effet
1412 787 1528 825 data?
1561 786 1678 837 Qod
1708 786 1768 823 illi
1791 785 1943 837 judices

540 859 668 905 multo
690 859 728 895 in
757 858 894 895 leviore
914 855 1022 894 causa
1051 855 1276 899 statuerunt,
1305 854 1525 907 aequitatem
1544 852 1661 891 secuti
1679 870 1692 897 ;
1724 864 1789 890 vos
1810 851 1850 889 id
1870 850 1943 888 sta-

540 936 648 963 tuere
667 926 707 962 in
728 923 943 976 graviffima
958 922 1078 967 causa,
1097 921 1303 974 praesertim
1326 921 1490 958 aliorum
1511 919 1731 957 auetoritate
1745 918 1828 969 jam
1848 930 1944 955 con-

542 990 756 1034 firmatum,
778 988 1004 1026 dubitabitis
1024 988 1036 1024 ?

595 1057 724 1094 XLV.
757 1057 811 1093 At
832 1067 950 1106 quem
971 1052 1189 1097 hominem,
1222 1053 1270 1090 C.
1294 1052 1445 1095 Verres,
1478 1059 1594 1094 tanta,
1627 1059 1708 1088 tam
1727 1047 1865 1101 infigni
1882 1047 1944 1085 in-

537 1124 640 1177 juria
659 1122 846 1160 affecisti?
879 1121 989 1172 cujus
1009 1119 1173 1157 absentis
1205 1131 1349 1156 nomen
1371 1117 1571 1169 recepisti?
1603 1130 1722 1169 quem
1752 1115 1947 1154 absentem

543 1203 622 1227 non
645 1188 761 1227 modo
775 1187 850 1225 fine
868 1186 1044 1229 crimine,
1067 1194 1104 1222 et
1124 1184 1201 1222 fine
1222 1184 1325 1227 teste,
1348 1196 1483 1221 verum
1502 1182 1619 1220 etiam
1640 1182 1716 1219 fine
1735 1179 1948 1218 accusatore

545 1254 732 1293 damnasti
751 1254 762 1290 ?
796 1254 926 1303 Qem
948 1251 1179 1289 hominem?
1202 1250 1272 1287 Dii
1292 1248 1553 1287 immortales!
1587 1247 1681 1287 Non
1701 1247 1828 1285 dicam
1849 1245 1949 1284 ami-

546 1335 639 1359 cum
661 1330 787 1364 tuum,
824 1317 928 1370 quod
949 1317 1048 1369 apud
1069 1315 1247 1354 homines
1269 1315 1503 1353 cariffimum
1523 1314 1575 1352 est
1593 1329 1601 1352 :
1637 1327 1714 1352 non
1740 1312 1948 1366 hospitem,

547 1388 653 1441 quod
674 1385 946 1425 sanetiffimum
979 1384 1056 1422 est:
1090 1382 1189 1420 nihil
1221 1383 1325 1420 enim
1357 1383 1487 1420 minus
1519 1381 1684 1419 libenter
1714 1380 1760 1418 de
1792 1378 1952 1418 Sthenio

549 1465 815 1505 commemoro
833 1466 842 1489 z
875 1450 973 1488 nihil
995 1449 1099 1488 aliud
1116 1450 1156 1487 in
1177 1463 1235 1493 eo,
1258 1449 1362 1500 quod
1380 1446 1606 1501 reprehendi
1624 1446 1749 1500 pofiit,
1781 1445 1951 1489 invenio,

549 1521 618 1559 nifi
640 1519 743 1572 quod
775 1517 896 1556 homo
916 1516 1204 1568 frugaliffimuS,
1236 1524 1351 1567 atque
1371 1514 1655 1566 integerrimus,
1678 1522 1729 1557 te,
1749 1511 1953 1550 hominem

550 1588 712 1641 plenum
748 1584 880 1637 stupri,
922 1583 1071 1635 flagitii,
1108 1582 1271 1626 sceleris,
1317 1581 1480 1620 domum
1513 1580 1619 1618 suam
1653 1579 1854 1623 invitavit,
1886 1577 1955 1616 nifi

551 1653 671 1706 quod,
694 1652 761 1704 qui
784 1652 831 1688 C.
855 1650 988 1694 Marii,
1012 1650 1088 1686 Cn.
1113 1648 1305 1700 Pompeii,
1328 1649 1376 1685 C.
1399 1646 1594 1691 Marcelli,
1625 1647 1674 1683 L.
1699 1644 1876 1689 Sisennae,
1899 1643 1957 1681 tui

552 1718 773 1762 defensoris,
804 1727 1107 1768 caeterorumque
1140 1706 1313 1752 virorum
1333 1712 1628 1752 fortiffimorum
1658 1710 1794 1764 hospes
1812 1709 1954 1756 fuisset,

552 1795 667 1838 atque
699 1783 799 1828 esset,
836 1782 881 1820 ad
913 1796 1004 1820 eum
1035 1793 1243 1819 numerum
1271 1778 1564 1818 clariffimorum
1597 1776 1807 1815 hominurn
1842 1785 1956 1814 tuum

555 1864 710 1903 quoque
731 1862 873 1887 nomen
895 1847 1073 1899 ascripsit.

612 1919 741 1968 Qare
763 1915 807 1952 de
827 1913 994 1965 hospitio
1015 1912 1170 1956 violato,
1202 1920 1239 1949 et
1260 1911 1306 1948 de
1327 1910 1395 1948 isto
1429 1918 1495 1948 tuo
1516 1908 1660 1947 nefario
1692 1907 1827 1945 scelere
1860 1906 1958 1945 nihil

557 1995 721 2035 queror:
754 1979 828 2018 hoc
850 1979 951 2022 dico,
988 1991 1065 2015 non
1086 1978 1146 2022 iis,
1182 1977 1250 2028 qui
1278 1974 1483 2014 Sthenium
1503 1983 1659 2019 norunt,
1689 1972 1764 2011 hoc
1785 1973 1852 2017 est,
1889 1985 1959 2011 ne·

560 2049 657 2088 mini
679 2060 825 2090 eorum,
862 2045 929 2096 qui
961 2045 999 2082 in
1022 2044 1152 2082 Sicilia
1184 2042 1355 2087 fuerunt,
1394 2042 1529 2094 (nemo
1559 2042 1664 2079 enim
1686 2040 1851 2092 ignorat,
1882 2052 1961 2091 quo

559 2116 624 2154 hic
646 2115 683 2152 in
706 2113 858 2150 civitate
879 2111 941 2148 sua
962 2111 1173 2162 splendore,
1205 2123 1281 2160 qua
1301 2108 1402 2161 apud
1430 2121 1564 2146 omnes
1592 2106 1740 2145 Siculos
1761 2105 1960 2158 dignitate,

560 2192 674 2234 atque
694 2178 973 2217 existimatione
994 2177 1054 2229 fit)
1088 2177 1163 2221 scd,
1200 2185 1242 2213 ut
1262 2175 1320 2213 illi
1342 2188 1513 2227 quoque,
1534 2174 1602 2226 qui
1628 2174 1668 2211 in
1693 2186 1734 2210 ea
1765 2172 1963 2224 provincia

563 2262 638 2287 non
661 2245 829 2289 fuerunt,
863 2243 1077 2294 intelligere
1109 2241 1263 2294 possuit,
1294 2241 1334 2279 in
1353 2254 1431 2292 quo
1451 2240 1612 2278 homine
1640 2248 1683 2276 tu
1703 2237 1872 2275 statueris
1891 2249 1960 2274 ex-

563 2313 739 2366 emplum
760 2309 962 2363 ejusmodi,
984 2308 1090 2361 quod
1110 2317 1194 2345 tum
1215 2317 1367 2359 propter
1386 2306 1632 2358 iniquitatem
1652 2304 1719 2348 rei,
1742 2312 1826 2341 tum
1847 2303 1963 2341 etiam

564 2388 717 2432 propter
737 2376 908 2415 hominis
929 2375 1173 2426 dignitatem,
1203 2372 1384 2410 acerbum
1406 2371 1604 2414 omnibus,
1625 2378 1737 2421 atque
1755 2368 1963 2406 intoleran-

565 2446 660 2482 dum
681 2443 882 2480 videretur.

623 2509 770 2546 XLVI.
790 2507 906 2545 Estne
921 2505 1100 2544 Sthenius
1121 2505 1167 2549 is,
1190 2503 1272 2556 qui,
1294 2516 1427 2541 omnes
1448 2501 1610 2540 honores
1631 2500 1739 2538 domi
1761 2499 1832 2537 suae
1852 2497 1965 2537 facil-

568 2577 661 2615 lime
680 2587 771 2612 cum
791 2573 948 2624 adeptus
968 2571 1068 2616 effet,
1101 2569 1330 2623 amplissime
1363 2581 1405 2607 ac
1433 2566 1807 2621 magnificentissime
1825 2564 1931 2618 geffit
1951 2564 1964 2600 ?
