2201 2792
472 128 547 168 150
899 114 988 153 IN
1060 114 1441 154 VERREM

466 215 538 254 hac
557 214 794 253 accusatione
815 213 1069 266 comparanda
1088 214 1430 267 constituendaque
1450 213 1693 253 elaboraffem
1705 233 1717 261 3
1750 214 1869 253 vestra

465 295 554 320 vero
586 281 680 325 laus,
712 280 837 318 tenuis
869 280 994 332 plane,
1030 289 1145 332 atque
1175 280 1346 326 obscura,
1369 281 1540 331 Judices,
1573 281 1674 320 effet.
1725 281 1869 333 Neque

466 348 570 386 enim
592 346 667 385 hoc
698 360 718 383 a
738 346 845 384 vobis
880 346 1045 399 populus
1078 347 1279 384 Romanus
1311 349 1496 399 expectat,
1532 359 1658 400 neque
1683 361 1727 386 eo
1746 346 1870 400 potest

465 413 537 451 effe
555 423 773 455 contentus,
805 412 830 449 s1
864 412 1142 449 condemnatus
1163 412 1208 449 fit
1238 413 1285 456 is,
1316 412 1384 464 qui
1405 412 1521 450 adeffe
1552 412 1745 458 noluerit,
1777 422 1815 451 et
1841 412 1868 450 fi

465 478 582 517 fortes
602 479 752 516 fueritis
773 479 813 515 in
833 491 892 521 eo,
914 490 1032 529 quem
1053 491 1167 515 nemo
1187 477 1231 515 fit
1251 477 1359 515 ausus
1381 477 1595 516 defendere.
1627 480 1758 517 Immo
1777 491 1870 516 vem

465 545 572 590 adlit,
595 545 840 597 respondeat;
873 544 1034 582 summis
1055 544 1208 596 opibus,
1243 543 1397 582 summo
1428 544 1553 582 studio
1583 545 1866 597 potentiffimo-

465 625 552 649 rum
574 610 783 649 hominum
805 610 1057 648 defendatur:
1089 619 1208 648 certet
1243 623 1327 648 mea
1358 610 1557 663 diligentia
1589 624 1682 648 cum
1708 610 1867 648 illorum

465 678 644 716 omnium
667 677 876 730 cupiditate
892 695 904 721 ;
937 676 1054 715 vestra
1073 677 1269 730 integritas
1301 690 1394 715 cum
1414 677 1519 715 istius
1539 677 1702 730 pecunia
1716 696 1729 722 ς
1758 676 1865 715 testi-

464 757 534 782 um
547 744 756 782 constantia
776 757 868 781 cum
887 742 992 781 illius
1010 752 1257 796 patronorum
1274 743 1406 789 minis,
1423 753 1538 796 atque
1553 744 1739 796 potentia.
1755 744 1866 781 Tum

464 810 626 848 demum
646 810 711 847 illa
730 810 829 847 vieta
847 809 1095 855 videbuntur,
1129 823 1222 848 cum
1242 810 1283 848 in
1309 810 1614 854 contentionem,
1648 817 1865 848 certamen-

462 889 539 927 que
574 875 758 913 venerint.
806 875 954 913 Absens
987 875 1012 913 fi
1044 875 1111 913 iste
1141 874 1230 913 effet
1249 875 1466 920 damnatus,
1499 889 1577 914 non
1599 884 1678 913 tam
1698 874 1777 928 ipse
1796 874 1866 913 fibi

462 939 702 985 consuluisse,
725 954 844 992 quam
863 940 1036 978 invidiffe
1055 940 1183 978 vestrae
1202 940 1321 986 laudi,
1342 940 1547 979 videretur.

517 1006 571 1044 II.
604 1005 745 1058 Neque
764 1006 870 1043 enim
890 1005 987 1043 salus
1008 1006 1088 1043 ulla
1107 1006 1328 1058 reipublicae
1358 1006 1482 1057 major
1500 1004 1576 1043 hoc
1602 1013 1774 1059 tempore
1803 1017 1864 1043 re-

459 1072 576 1125 periri
601 1072 738 1124 potest,
768 1085 887 1124 quam
917 1071 1110 1124 populum
1141 1073 1368 1110 Romanum
1397 1072 1630 1125 intelligere,
1661 1072 1867 1125 diligenter

460 1138 607 1190 rejeftis
649 1138 696 1176 ab
734 1136 951 1175 accusatore
979 1137 1195 1189 judicibus,
1240 1138 1376 1183 socios,
1420 1138 1537 1191 leges,
1583 1138 1864 1190 rempublicam

460 1204 647 1242 senatorio
680 1203 839 1242 confilio
868 1203 1040 1241 maxime
1060 1202 1162 1255 poffe
1192 1202 1362 1241 defendi.
1396 1202 1538 1255 Neque
1573 1212 1677 1241 tanta
1694 1202 1862 1242 fortunis

459 1269 640 1307 omnium
662 1267 846 1320 pernicies
880 1267 1000 1320 potest
1025 1268 1217 1313 accedere,
1249 1282 1366 1320 quam
1400 1268 1583 1321 opinione
1612 1268 1748 1322 populi
1777 1269 1863 1307 Ro-

460 1335 567 1372 mani
601 1335 788 1372 rationem
823 1334 1006 1378 veritatis,
1045 1334 1291 1386 integritatis,
1328 1334 1432 1379 fidei,
1468 1333 1680 1387 religionis,
1710 1334 1758 1372 ab
1788 1333 1865 1372 hoc

458 1401 593 1439 ordine
632 1400 854 1452 abjudicari.
907 1400 1040 1452 Itaque
1075 1399 1175 1438 mihi
1210 1400 1340 1439 videor
1376 1413 1573 1451 magnam,
1619 1407 1657 1437 et
1693 1399 1873 1439 maxime

459 1481 613 1520 aegrarn,
645 1476 684 1504 et
716 1479 834 1519 prope
868 1466 1075 1519 depofitam
1111 1466 1332 1519 reipublicae
1360 1474 1509 1518 partem
1541 1465 1760 1518 suscepiffe;
1793 1480 1862 1504 ne-

459 1547 534 1586 que
556 1534 595 1571 in
616 1546 661 1571 eo
681 1532 802 1584 magis
825 1545 932 1577 meae,
964 1545 1082 1584 quarn
1102 1532 1228 1570 vestrae
1259 1532 1380 1577 laudi,
1415 1531 1767 1584 existimationique
1786 1531 1862 1570 ser-

459 1599 561 1638 visse.
613 1599 762 1637 Acceffi
801 1599 907 1637 enim
945 1599 991 1636 ad
1021 1598 1209 1637 invidiam
1233 1599 1475 1651 judiciorum
1509 1598 1724 1643 levandam,
1756 1598 1862 1636 vitu-

458 1666 774 1719 perationemque
813 1665 1052 1709 tollendam5
1103 1674 1175 1710 ut,
1198 1678 1311 1717 ¹cum
1348 1664 1430 1703 haec
1466 1677 1522 1703 res
1557 1678 1627 1718 pro
1664 1663 1864 1703 voluntate

457 1732 593 1785 populi
629 1732 799 1769 Romani
834 1731 922 1769 ess‘et
954 1731 1140 1783 judicata,
1175 1731 1305 1784 aliqua
1336 1745 1383 1770 ex
1411 1740 1517 1785 parte
1547 1731 1632 1769 mea
1660 1730 1864 1784 diligentia

457 1799 663 1836 constituta
692 1799 891 1836 auctoritas
917 1798 1158 1850 judiciorum
1188 1799 1411 1837 videretur:
1456 1799 1664 1851 postremo,
1698 1807 1740 1836 ut
1773 1796 1863 1834 effet

457 1864 532 1902 hoc
547 1865 781 1915 judicatum,
815 1874 857 1901 ut
878 1864 964 1901 finis
985 1864 1191 1915 aliquando
1205 1865 1418 1915 judiciariae
1436 1863 1696 1902 controversiae
1717 1861 1862 1900 consti-

459 1939 640 1967 tueretur.
672 1930 831 1967 Etenim
855 1929 929 1966 sme
950 1929 1082 1973 dubio,
1105 1929 1275 1980 Judices,
1304 1930 1343 1966 in
1364 1928 1435 1966 hac
1456 1929 1564 1967 causa
1583 1942 1624 1967 ea
1644 1941 1700 1967 res
1720 1929 1761 1966 in
1782 1928 1860 1966 dis-

459 1996 606 2033 crimen
629 1995 844 2033 adducitur.
882 1996 986 2034 Reus
1008 1995 1058 2032 est
1078 1996 1183 2033 enim
1204 1995 1511 2034 nocentiffimus:
1535 1995 1603 2048 qui
1625 1996 1650 2034 fi
1671 1995 1860 2033 condem-

458 2070 582 2106 natur,
615 2061 783 2098 definent
809 2074 943 2099 omnes
971 2061 1109 2106 dicere,
1134 2060 1194 2099 his
1223 2062 1382 2114 judiciis
1417 2062 1622 2114 pecuniam
1641 2061 1860 2114 plurimum

457 2126 583 2180 posse:
617 2127 671 2164 fin
702 2127 922 2172 absolvitur,
969 2127 1183 2166 desinemus
1218 2141 1287 2166 nos
1319 2128 1364 2165 de
1395 2127 1554 2180 judiciis
1590 2125 1859 2166 transferendis

459 2193 624 2231 recusare
643 2208 650 2230 :
685 2193 830 2231 tametsl
848 2193 892 2230 de
913 2193 1150 2231 absolutione
1170 2194 1274 2232 istius
1296 2207 1419 2247 neque
1440 2194 1517 2247 ipse
1530 2196 1613 2246 jam
1631 2193 1765 2246 sperat,
1789 2204 1859 2230 nec

458 2259 624 2312 populus
646 2260 845 2297 Romanus
868 2260 1017 2297 metuit.
1061 2261 1121 2297 De
1141 2260 1383 2313 impudentia
1402 2260 1595 2312 singulari,
1617 2258 1722 2311 quod
1743 2258 1856 2302 adest,

458 2326 561 2378 quod
582 2325 794 2378 respondet,
831 2325 916 2363 sunt
938 2326 1004 2377 qui
1033 2326 1246 2371 mirentur;
1280 2326 1379 2365 mihi
1399 2339 1468 2378 pro
1489 2335 1620 2363 caetera
1639 2326 1718 2377 ejus
1739 2325 1857 2362 auda-

459 2393 530 2435 cia,
562 2401 675 2444 atque
696 2392 874 2436 amentia,
907 2405 952 2429 ne
982 2391 1055 2429 hoc
1088 2392 1246 2443 quidem
1279 2391 1500 2430 mirandum
1521 2391 1683 2430 videtur.
1726 2391 1859 2428 Multa

459 2458 562 2496 enim
594 2468 632 2496 et
666 2459 706 2496 in
738 2459 856 2504 Deos,
887 2468 925 2496 et
959 2459 997 2496 in
1028 2456 1207 2497 homines
1239 2458 1358 2511 impie
1387 2457 1604 2511 nefarieque
1634 2457 1855 2496 commisit:
