2201 2792
631 125 978 166 ACTIONIS
1025 127 1078 165 11.
1141 127 1341 167 LIBER
1373 130 1446 168 III.
1655 146 1732 185 349

385 228 534 266 XCIV.
567 227 687 272 Nam,
710 240 776 280 per
796 228 900 265 Deos
922 227 1185 265 immortales!
1218 228 1357 272 videte,
1380 228 1552 279 Judices,
1581 239 1619 268 et
1639 244 1731 283 pro—

330 292 462 345 spicite
480 293 632 338 animis,
665 293 760 345 quid
780 291 958 331 futurum
979 292 1036 330 fit.
1068 292 1195 330 Multi
1225 306 1381 345 magnas
1402 295 1583 346 pecunias
1605 295 1650 333 ab
1668 296 1731 332 in-

328 359 418 396 vitis
439 359 673 404 civitatibus,
691 368 805 411 atque
823 359 870 396 ab
892 359 1022 396 invitis
1043 359 1254 396 aratoribus
1276 358 1342 396 ista
1358 360 1518 405 ratione,
1536 361 1640 397 cellae
1659 374 1731 398 no-

327 425 449 470 mine,
477 434 711 478 coegerunt3
747 426 926 476 (omnino
956 439 1027 478 ego
1058 426 1256 463 neminem
1277 425 1403 471 video,
1431 435 1564 478 praeter
1584 426 1728 464 istum:

326 489 389 528 sed
409 492 458 529 do
477 490 553 530 hoc
571 492 695 536 vobis,
726 502 764 529 et
790 491 973 536 concedo,
996 490 1065 529 effe
1085 491 1230 529 multos
1250 492 1279 544 z)
1311 492 1351 529 in
1372 490 1447 530 hoc
1467 490 1628 530 homine
1649 506 1730 530 rem

327 557 529 596 adductam
564 559 605 596 in
635 559 831 610 judicium
866 558 1016 596 videtis.
1050 558 1159 609 Qid
1189 557 1313 596 facere
1344 559 1498 611 potestis
1518 559 1530 596 ?
1568 560 1728 604 Utrum,

326 637 418 662 cum
443 625 594 678 judices
615 625 691 662 fitis
713 625 759 663 de
780 625 943 678 pecunia
963 633 1085 678 capta,
1107 625 1325 670 conciliata,
1350 635 1494 664 tantam
1524 627 1729 678 pecuniam

325 701 477 744 captam
498 692 719 744 negligere;
752 705 813 736 an,
835 705 927 729 cum
948 691 1011 729 lex
1031 691 1222 729 sociorum
1243 691 1352 730 causa
1371 702 1500 745 rogata
1521 692 1577 738 fit,
1607 693 1730 731 socio-

324 771 412 795 rum
434 758 692 810 querimonias
714 772 792 796 non
812 758 971 796 audire?

379 824 528 863 Verum
548 824 624 862 hoc
646 838 801 877 quoque
821 825 930 862 vobis
951 825 1120 863 remitto.
1154 825 1356 878 Negligite
1376 825 1577 878 praeterita‚
1601 825 1626 863 fi
1641 827 1727 864 vul-

324 891 397 928 tis:
432 891 507 936 sed,
530 905 578 929 ne
597 892 760 943 reliquas
782 891 863 944 spes
885 891 1062 936 turbetis,
1091 900 1205 943 atque
1231 905 1364 929 omnes
1386 892 1601 944 provincias
1621 905 1727 930 ever-

324 957 427 1000 tatis,
450 956 489 994 id
515 957 736 1008 providete;
769 970 816 994 ne
837 957 1014 1001 avaritiae,
1046 971 1130 1008 quae
1150 955 1309 994 antehac
1330 956 1494 995 occultis
1524 957 1727 996 itineribus

324 1032 438 1075 atque
458 1023 624 1075 angustis
646 1024 702 1061 uti
723 1022 879 1068 solebat,
908 1023 1130 1061 auctoritate
1151 1023 1267 1060 vestra
1287 1023 1389 1061 viam
1411 1022 1646 1076 patefaciatis
1675 1025 1726 1062 il—

323 1089 481 1127 lustrem
501 1099 615 1142 atque
636 1090 766 1128 latam.
798 1089 905 1128 Nam
926 1090 951 1127 fi
967 1089 1042 1128 hoc
1058 1089 1241 1142 probatis,
1263 1100 1300 1128 et
1318 1090 1344 1128 fi
1364 1089 1438 1128 hoc
1459 1090 1586 1135 licere,
1606 1104 1726 1143 pecu-

322 1156 402 1193 nias
425 1155 496 1193 isto
514 1156 676 1193 nomine
697 1156 795 1207 capi,
820 1156 1003 1206 judicatis
1022 1174 1032 1200 ς
1065 1165 1167 1193 certe
1187 1154 1276 1200 hoc,
1313 1156 1417 1208 quod
1449 1155 1573 1194 adhuc
1594 1170 1724 1202 nemo,

322 1220 391 1258 nifi
412 1221 732 1274 improbiffimus,
754 1220 860 1266 fecit,
878 1220 1034 1273 posthac
1054 1234 1183 1266 nemo,
1206 1221 1273 1258 nifi
1295 1221 1548 1266 stultiffimus,
1571 1236 1648 1260 non
1666 1222 1724 1260 fa-

321 1288 410 1326 ciet.
434 1288 610 1341 Improbi
631 1287 731 1333 sunt,
749 1288 817 1340 qui
834 1288 1014 1340 pecunias
1035 1297 1167 1325 contra
1187 1288 1287 1340 leges
1309 1299 1481 1341 cogunt5
1504 1289 1624 1333 stulti,
1642 1290 1723 1341 qui,

309 1354 425 1406 -quod
446 1354 795 1407 licerejudicatum
816 1354 881 1399 est,
903 1354 1220 1407 praetermittunt.

376 1421 543 1466 Deinde,
576 1422 747 1472 Judices,
783 1421 922 1466 videte,
958 1435 1076 1473 quam
1097 1421 1292 1458 infinitam
1326 1420 1403 1458 sitis
1424 1420 1651 1460 hominibus
1672 1422 1724 1460 li-

320 1488 488 1526 centiam
507 1488 760 1540 pecuniarum
780 1487 1062 1540 eripiendarum
1083 1487 1221 1525 daturi.
1255 1487 1292 1525 Si
1313 1496 1439 1525 ternos
1460 1488 1631 1526 denarios
1654 1489 1723 1540 qui

319 1555 461 1606 coegit,
489 1555 561 1592 erit
594 1553 788 1591 absolutus
805 1572 817 1598 5
850 1562 1068 1605 quaternos,
1104 1554 1259 1605 quin08‚
1295 1553 1412 1592 denos
1444 1554 1624 1606 denique,
1659 1563 1725 1593 aut

318 1620 473 1658 vicenos
494 1628 607 1672 coget
626 1619 736 1657 alius.
769 1620 869 1670 Qae
900 1621 971 1657 erit
991 1618 1257 1671 reprehensio?
1288 1620 1329 1657 in
1356 1633 1434 1672 quo
1464 1621 1637 1672 primum
1658 1621 1721 1659 in-

313 1686 424 1737 juriae
455 1686 574 1738 gradu
596 1685 754 1723 refistere
774 1685 934 1738 incipiet
965 1685 1138 1723 severitas
1167 1686 1345 1737 judicis?
1377 1695 1518 1737 quotus
1553 1687 1624 1724 erit
1655 1686 1722 1724 iste

318 1751 508 1796 denarius,
530 1752 599 1804 qui
620 1765 698 1789 non
728 1751 773 1789 fit
793 1750 985 1796 ferendus,
1017 1760 1055 1789 et
1086 1751 1126 1789 in
1147 1765 1226 1804 quo
1255 1752 1428 1804 primum
1461 1752 1721 1790 aestimationis

315 1817 515 1870 iniquitas,
546 1827 661 1870 atque
682 1818 910 1870 improbitas
942 1816 1269 1871 reprehendatur?
1302 1817 1396 1855 Non
1428 1818 1534 1856 enim
1561 1832 1580 1855 a
1611 1819 1720 1856 vobis

316 1883 481 1929 summa,
510 1884 570 1921 sed
591 1897 709 1936 genus
743 1883 1002 1922 aestimationis
1036 1884 1108 1922 erit
1138 1885 1449 1936 comprobatum.
1483 1884 1622 1936 Neque
1645 1884 1721 1923 hoc

318 1951 471 2002 potestis
485 1951 670 2003 judicare,
689 1951 805 1988 ternis
826 1951 987 1989 denariis
1009 1951 1191 1989 aestimare
1211 1951 1339 1995 licere,
1362 1951 1467 1988 denis
1489 1965 1567 1989 non
1588 1952 1717 1990 licere.

317 2016 399 2054 Ubi
419 2018 524 2054 enim
544 2017 657 2054 semel
680 2017 726 2054 ab
747 2030 905 2055 annonae
927 2018 1085 2062 ratione,
1117 2028 1153 2055 et
1171 2017 1217 2055 ab
1238 2026 1428 2055 aratorum
1446 2017 1642 2055 voluntate
1663 2031 1718 2056 res

315 2081 361 2119 ad
383 2082 556 2120 Praetoris
586 2082 788 2120 libidinem
822 2082 964 2120 trassata
984 2083 1063 2127 est,
1096 2097 1172 2120 non
1193 2083 1245 2120 est
1260 2084 1342 2134 jam
1364 2084 1403 2120 in
1424 2083 1520 2135 lege,
1544 2093 1658 2136 atque
1677 2085 1717 2122 in

315 2148 460 2192 officio,
494 2148 554 2185 sed
576 2149 613 2185 in
638 2149 832 2186 voluntate
852 2148 1073 2194 hominum,
1095 2159 1208 2202 atque
1227 2150 1394 2194 avaritia,
1417 2150 1558 2202 positus
1578 2150 1716 2187 modus

315 2213 537 2252 aestimandi.

370 2281 497 2319 XCV.
522 2283 778 2334 Qapropter,
813 2282 837 2320 si
861 2295 926 2320 vos
948 2281 1063 2320 semel
1085 2282 1125 2320 in
1151 2282 1364 2334 judicando
1385 2281 1502 2319 finem
1524 2281 1714 2332 aequitatis

313 2355 351 2384 et
377 2346 471 2399 legis
493 2348 726 2393 transieritis,
749 2348 896 2394 scitote,
929 2362 994 2387 vos
1016 2349 1170 2387 nullum
1192 2350 1335 2386 caeteris
1358 2348 1397 2384 in
1426 2347 1644 2384 aestimando
1664 2346 1712 2384 fi-

314 2426 405 2450 nem
440 2414 697 2466 improbitatis
732 2424 769 2453 et
803 2415 966 2455 avaritiae
1003 2414 1207 2467 reliquisse.
1251 2414 1390 2451 Videte
1424 2413 1556 2465 igitur,
1594 2426 1713 2465 quam
