2201 2792
497 178 570 218 vs
919 179 1008 217 IN
1085 179 1466 229 VERREM

521 215 531 231 l

546 280 698 334 Nuper,
731 280 793 318 M.
827 280 987 318 Aurelio
1024 281 1162 318 Scauro
1191 281 1431 333 postulante,
1473 280 1578 332 quod
1613 280 1643 318 is
1680 279 1822 333 Ephesi
1856 278 1894 317 se

491 346 730 397 Qaestorem
761 346 797 384 vi
818 345 1061 399 prohibitum
1093 345 1163 384 effe
1193 347 1355 392 dicebat,
1388 360 1465 399 quo
1487 346 1616 384 minus
1637 359 1655 383 e
1675 345 1766 384 fano
1793 346 1892 383 Dia-

485 427 543 451 nae
570 411 719 451 servum
753 413 879 458 suum,
911 413 979 465 qui
1013 413 1053 450 in
1088 413 1186 451 illud
1220 412 1367 464 asylum
1398 412 1641 466 confugisset,
1672 412 1891 456 abduceret,

489 480 655 518 Pericles
672 478 874 532 Ephesius,
888 478 1009 517 homo
1030 479 1301 525 nobiliffimus,
1317 479 1487 518 Romam
1505 488 1682 517 evocatus
1703 478 1768 523 est,
1788 478 1894 531 quod

488 548 618 585 auctor
647 546 794 599 injuriae
829 546 932 584 illius
964 545 1073 584 fuiffe
1107 555 1340 599 argueretur.
1386 547 1452 585 Tu
1483 546 1507 584 fi
1527 576 1538 591 ,
1571 555 1608 583 te
1639 546 1810 598 legatum
1840 545 1895 582 ita

487 613 690 666 Lampsaci
709 614 912 652 tractatum
932 613 1016 658 effe,
1047 613 1220 651 senatum
1242 611 1442 658 docuisses,
1474 621 1517 650 ut
1538 612 1595 650 tui
1623 612 1783 649 comites
1804 610 1892 649 vul-

485 689 720 725 nerarentur,
751 680 863 718 Ιίἂοτ
896 680 1149 725 occideretur,
1180 679 1257 732 ipse
1291 678 1553 717 circumsessus
1588 691 1684 731 pene
1707 676 1891 715 incende-

487 760 567 785 rere
584 765 596 792 3
628 747 707 799 ejus
728 756 855 784 autem
877 747 929 784 rei
950 746 1080 791 duces,
1107 755 1144 784 et
1164 747 1346 791 auctores,
1378 755 1415 784 et
1434 745 1628 799 principes
1648 743 1772 789 fuiffe,
1794 756 1891 796 quos

486 812 636 858 scribis,
667 810 1003 865 Themistagoram
1034 821 1072 851 et
1106 811 1363 857 Thefi‘alum;
1396 813 1482 864 quis
1514 825 1591 849 non
1623 823 1892 849 commovere-

485 880 581 917 tur?
613 879 699 932 quis
720 893 799 918 non
830 892 877 917 ex
897 879 1050 931 injuria,
1081 893 1167 932 quae
1198 879 1271 918 tibi
1291 878 1378 917 effet
1398 877 1508 923 faeta,
1541 877 1610 916 fibi
1641 876 1890 930 provideret?

485 945 573 996 quis
593 958 672 982 non
690 945 732 983 in
752 957 795 983 ea
824 958 863 983 re
893 944 1044 983 causam
1077 954 1199 990 tuam,
1229 943 1448 997 periculum
1469 956 1681 981 commune
1700 942 1762 994 agi
1788 941 1891 979 arbi-

484 1012 677 1050 traretur?
710 1011 869 1050 Etenim
888 1024 1031 1049 nomen
1066 1011 1182 1062 legati
1215 1010 1404 1062 ejusmodi
1429 1008 1500 1046 effe
1521 1008 1647 1053 debet,
1678 1007 1785 1060 quod
1813 1020 1894 1046 non

482 1079 602 1117 modo
622 1079 722 1116 inter
741 1078 935 1116 sociorum
957 1078 1060 1129 jura,
1092 1076 1153 1114 sed
1183 1076 1300 1114 etiam
1333 1076 1433 1114 inter
1458 1074 1630 1114 hostium
1656 1075 1744 1120 tela,
1779 1075 1892 1114 inco-

483 1145 590 1183 lume
610 1144 789 1183 versetur.
1885 1193 1888 1195 -

536 1211 731 1249 XXXIV.
764 1209 962 1261 Magnum
996 1206 1072 1245 hoc
1103 1207 1412 1258 Lampsacenum
1443 1206 1590 1244 crimen
1622 1205 1675 1243 est
1700 1205 1891 1252 libidinis,

482 1285 598 1330 atque
631 1275 922 1328 improbiffimae
954 1272 1203 1326 cupiditatis:
1235 1273 1397 1324 accipite
1431 1285 1536 1310 nunc
1567 1271 1730 1310 avaritiae
1749 1286 1891 1326 prope-

481 1342 647 1382 modum
666 1342 707 1380 in
728 1340 795 1378 suo
815 1352 952 1393 genere
972 1352 1051 1377 non
1069 1339 1206 1377 levius.
1238 1338 1411 1376 Milefios
1435 1352 1568 1376 navem
1592 1338 1782 1391 poposcit,
1805 1353 1893 1391 quae

482 1423 574 1448 eum
594 1408 756 1463 praefidii
775 1405 886 1445 causa
902 1406 1102 1457 Myndum
1121 1405 1423 1459 prosequeretur.
1457 1405 1521 1443 Illi
1540 1405 1667 1443 statIm
1683 1418 1891 1458 myoparo-

481 1490 575 1515 nem
595 1476 795 1529 egregium
816 1475 862 1512 de
883 1474 946 1512 sua
966 1473 1088 1518 claffe,
1110 1482 1289 1511 ornatum
1311 1482 1426 1524 atque
1446 1481 1652 1517 armatum,
1689 1472 1888 1513 dederunt.

480 1543 574 1582 Hoc
594 1542 764 1595 praefidio
789 1540 988 1591 Myndum
1019 1538 1210 1592 profe&t1s
1232 1539 1297 1577 est.
1343 1539 1464 1583 Nam,
1497 1538 1591 1590 quid
1612 1537 1774 1576 Milesiis
1795 1538 1891 1577 lanae

479 1609 648 1663 publicae
667 1606 878 1651 abstulerit,
899 1606 994 1643 item
1015 1604 1062 1643 de
1082 1604 1240 1657 sumptu
1260 1604 1302 1642 in
1322 1604 1546 1649 adventum,
1574 1603 1621 1641 de
1640 1604 1890 1643 contumeliis

479 1684 518 1714 et
537 1674 688 1727 injuriis
708 1674 750 1712 in
770 1672 1037 1724 magistratum
1057 1671 1274 1715 Milesium,
1306 1670 1455 1709 tametsi
1476 1670 1554 1708 dici
1576 1679 1661 1708 turn
1683 1681 1781 1715 vere,
1803 1678 1891 1709 tum

479 1741 657 1795 graviter,
688 1748 726 1778 et
744 1737 994 1778 vehementer
1013 1737 1148 1790 potest,
1177 1746 1305 1776 tamen
1327 1736 1452 1775 dicere
1472 1736 1792 1790 praetermittam3
1825 1749 1889 1774 ea-

481 1820 556 1860 que
577 1806 709 1845 omnia
741 1804 900 1843 testibus
922 1804 1070 1856 integra
1100 1802 1307 1842 reservabo.
1352 1802 1470 1847 Illud,
1504 1802 1610 1854 quod
1630 1813 1754 1852 neque
1774 1802 1891 1840 taceri

481 1874 563 1912 ullo
583 1873 715 1917 modo,
738 1883 862 1923 neque
883 1870 960 1907 dici
980 1883 1050 1921 pro
1073 1869 1259 1920 dignitate
1279 1869 1415 1921 potest,
1439 1867 1671 1920 cognoscite.

485 1940 490 1941 ⁷
536 1939 706 1982 Milites,
736 1935 975 1988 remigesque
1006 1934 1197 1972 Miletum
1218 1934 1372 1985 Myndo
1403 1933 1564 1986 pedibus
1585 1933 1720 1970 reverti
1746 1933 1886 1984 jubet:

482 2004 561 2059 ipse
591 2015 868 2056 myoparonem
899 1999 1223 2054 pulcherrimum,
1260 2000 1306 2038 de
1337 2000 1469 2038 decem
1503 1999 1748 2037 Milefiorum
1778 1999 1886 2036 navi-

482 2072 555 2110 bus
579 2070 745 2108 eleetum
767 2097 777 2113 ‚
809 2068 857 2106 L.
881 2067 1032 2120 Magio,
1063 2075 1101 2104 et
1128 2067 1176 2105 L.
1199 2066 1341 2111 Rabio,
1373 2066 1441 2118 qui
1472 2065 1616 2117 Myndi
1646 2064 1887 2111 habitabant,

480 2136 667 2176 vendidit.
701 2135 759 2174 Hi
790 2134 876 2172 sunt
896 2133 1090 2178 homines,
1122 2146 1218 2185 quos
1242 2146 1360 2186 nuper
1379 2132 1526 2170 senatus
1555 2132 1596 2170 in
1620 2130 1792 2170 hostium
1812 2144 1888 2169 nu-

480 2218 588 2243 mero
607 2201 803 2241 habendos
824 2201 984 2239 censuit.
1028 2201 1119 2238 Hoc
1140 2200 1199 2238 illi
1231 2200 1384 2252 navigio
1415 2199 1461 2237 ad
1480 2211 1614 2237 omnes
1634 2198 1771 2250 populi
1802 2197 1887 2235 Ro-

482 2270 588 2310 mani
606 2269 745 2314 hostes,
777 2267 896 2320 usque
916 2267 962 2304 ab
983 2266 1141 2311 Dianio,
1163 2266 1267 2318 quod
1287 2267 1327 2304 in
1349 2265 1535 2317 Hispania
1554 2263 1619 2308 est,
1642 2263 1686 2301 ad
1704 2263 1884 2315 Sinopen,

482 2351 566 2389 quae
586 2337 626 2374 in
648 2336 774 2374 Ponto
801 2333 866 2378 est,
898 2333 1182 2385 navigaverunt.
1228 2334 1264 2369 O
1287 2333 1357 2370 Dii
1378 2329 1614 2369 immortales
1634 2329 1641 2365 !
1674 2328 1885 2366 incredibi-

483 2404 560 2441 lem
595 2402 804 2446 avaritiam,
837 2400 1145 2453 singularemque
1177 2398 1397 2436 audaciam!
1437 2397 1590 2435 Navem
1626 2404 1668 2433 tu
1703 2395 1748 2433 de
1777 2394 1886 2433 claffe

482 2469 617 2522 populi
638 2469 822 2513 Romani,
854 2481 972 2520 quam
1006 2467 1079 2505 tibi
1101 2465 1253 2504 Milefia
1273 2465 1419 2509 civitas,
1452 2472 1494 2501 ut
1527 2473 1562 2501 te
1581 2463 1885 2516 prosequeretur,

482 2535 652 2581 dediffet,
694 2534 800 2572 ausus
835 2548 873 2572 es
909 2532 1098 2572 vendere?
1149 2532 1186 2571 Si
1222 2540 1258 2569 te
1289 2530 1518 2584 magnitudo
1550 2528 1758 2574 maleficii,
1790 2529 1815 2567 si
1848 2538 1885 2567 te
