2201 2792
482 122 1022 161 ARGUMENTA
1086 122 1625 159 ORATIONUM.
1757 125 1799 160 18

312 206 507 255 rumpenda
525 206 646 254 populi
665 205 825 251 suffragia
838 203 936 239 fadis
951 207 1047 249 (nam
1063 215 1213 250 quorum
1230 216 1333 251 opera
1352 204 1462 239 tribus
1476 204 1803 251 corrumpebantur,

314 257 445 293 sodales
470 266 503 290 et
524 255 709 302 sequestres
737 254 952 289 dicebantur.
978 266 1013 288 V.
1039 265 1103 300 pro
1124 253 1235 288 Caelio
1257 266 1286 288 c.
1313 255 1364 299 7.)
1384 253 1567 295 accusavit,
1593 254 1690 300 quod
1715 254 1804 290 inter

312 306 466 342 ambitus
484 304 627 339 crimina
643 303 879 350 gravissimum
898 303 958 338 est.
1010 302 1051 336 ln
1071 303 1136 337 hoc
1150 303 1305 350 periculo
1324 301 1485 349 confugit
1505 303 1665 338 Plancius
1683 304 1724 337 ad
1744 303 1805 338 Ci-

313 366 488 398 ceronem,
515 365 622 400 quem
644 352 729 387 olim
752 351 904 387 exsulem
927 351 1076 399 quaestor
1098 351 1320 386 Macedoniae
1345 352 1550 398 complexus
1575 362 1660 395 erat,
1686 352 1808 387 omni-

314 402 448 450 busque
478 403 590 437 modis
623 401 771 443 foverat,
798 411 837 436 ut
862 401 926 436 hoc
953 410 1087 435 tantum
1115 400 1308 448 periculum
1334 413 1351 435 a
1375 401 1406 435 se
1431 401 1630 447 depelleret.
1684 401 1807 448 Itaque

314 452 440 487 Cicero
457 463 538 486 eum
560 451 622 486 hac
636 452 790 485 oratione
809 459 965 484 accurate
980 448 1136 484 defendit
1154 450 1195 484 ad
1212 450 1448 497 Qaefitorem
1466 450 1507 485 C.
1528 451 1679 492 Alfium,
1698 462 1807 494 quem

313 502 487 536 accusator
504 512 568 547 pro
586 499 759 540 facultate,
778 511 886 546 quam
905 500 960 534 lex
979 499 1116 533 Licinia
1133 499 1252 540 dabat,
1272 499 1427 534 ediderat
1445 511 1514 533 una
1533 511 1613 534 cum
1626 498 1812 546 judicibus<

313 550 478 597 reliquis;
505 550 565 596 qui
590 549 669 584 inde
684 547 821 595 judices
845 548 973 583 editicii
997 549 1226 594 appellantur.
1280 549 1406 583 Primis
1429 558 1464 583 et
1488 549 1620 583 ultimis
1640 558 1805 596 quatuor-

315 600 432 634 decim
450 599 624 645 capitibus
641 598 824 632 diluuntur
842 610 895 639 ea,
922 609 1003 644 quae
1027 597 1163 632 cumrin
1187 598 1394 632 Ciceronem
1421 608 1518 632 erant
1542 599 1644 639 (ufta,
1674 608 1750 633 tum
1773 597 1807 632 in

319 660 446 695 genere
465 658 609 695 totaque
628 647 699 682 vita
716 647 847 681 Plancii
867 646 1068 693 reprehensa
1086 646 1129 680 ab
1148 645 1342 682 accusatore
1363 657 1470 681 erant.
1523 647 1675 695 Reliqua
1693 658 1808 683 autem

316 698 428 734 oratio
445 710 476 733 c.
499 707 654 742 15—27.
675 697 709 731 in
729 696 799 743 ipso
818 695 1039 731 accusationis
1058 695 1170 742 capite
1188 694 1372 730 refutando
1391 696 1553 731 versatur.

430 816 587 867 Argum.
896 815 976 852 Pro
1005 813 1053 851 P.
1084 814 1218 853 Sextio.
1457 815 1522 851 To
1535 827 1584 854 M.
1602 814 1670 853 VI.
1712 830 1748 868 p.
1775 829 1814 854 1.

368 901 409 937 P.
431 902 599 936 Sssxrius
629 900 788 935 tribunus
820 899 930 947 plebis
955 899 1034 942 fuit,
1064 901 1101 936 P.
1128 900 1284 935 Lentulo
1317 901 1498 948 Spinthere
1525 911 1558 936 et
1585 902 1641 949 Q
1662 902 1812 937 Metello

321 951 443 986 Celere
462 949 669 985 consulibus.
724 950 756 983 Is
779 961 860 984 cum
880 950 961 985 esset
979 951 1156 984 Ciceronis
1177 961 1211 985 et
1229 950 1454 996 optimatium
1474 953 1634 985 omnium
1653 951 1813 986 amantis-

321 1000 440 1041 fimus,
467 1008 581 1033 totum
602 1000 819 1033 tribunatum
839 998 936 1032 suum
956 1008 989 1032 et
1015 999 1056 1033 ad
1077 999 1283 1033 Ciceronem
1304 999 1552 1034 restituendum
1572 1010 1606 1034 et
1632 1000 1673 1034 ad
1699 1001 1814 1046 perni-

322 1048 426 1083 ciosas
445 1048 538 1094 leges
559 1046 798 1093 impediendas
817 1047 976 1081 contulit.
1018 1048 1114 1094 Qae
1134 1059 1185 1082 res
1203 1060 1328 1094 parum
1347 1047 1473 1090 abfuit,
1490 1050 1573 1095 quin
1592 1049 1623 1083 ei
1642 1047 1813 1084 summam

322 1097 512 1144 perniciem
539 1096 686 1131 afferret.
740 1095 833 1129 Nam
862 1107 941 1129 cum
968 1097 1094 1142 primo,
1123 1095 1256 1130 senatus
1282 1097 1437 1131 consulto
1461 1099 1503 1131 de
1531 1098 1724 1132 revocando
1753 1099 1817 1133 Ci-

323 1157 446 1180 cerone
469 1144 573 1186 facto,
601 1144 781 1179 Fabricius
808 1144 969 1178 tribunus
992 1145 1039 1190 pl.
1061 1157 1116 1179 lix
1136 1146 1211 1180 Kal.
1233 1146 1334 1180 Febr.
1361 1146 1462 1180 rostra
1490 1147 1745 1189 conscendiffet,
1774 1158 1813 1182 ut

322 1195 366 1230 ad
383 1194 556 1241 populum
575 1193 618 1227 de
632 1193 751 1227 eadem
771 1204 805 1227 re
823 1192 940 1234 ferret,
967 1205 1083 1239 operae
1101 1194 1280 1228 Clodianae
1297 1196 1468 1241 impetum
1487 1197 1519 1229 in
1540 1207 1621 1230 eum
1640 1195 1812 1238 fecerunt,

323 1253 363 1278 ut
381 1255 462 1278 eum
482 1244 526 1277 de
545 1242 656 1276 rostris
672 1240 871 1287 dejicerent,
889 1251 924 1276 et
942 1252 1016 1276 orta
1034 1242 1197 1289 utrinque
1216 1255 1346 1290 pugna,
1367 1256 1495 1289 magna
1513 1244 1623 1279 credes
1641 1243 1731 1279 faft‘a
1748 1245 1813 1280 est:

321 1292 448 1327 deinde
469 1303 551 1326 cum
571 1292 622 1338 Q
644 1291 815 1326 Metellus
834 1291 868 1326 in
887 1293 1020 1338 templo
1039 1291 1187 1326 Castoris
1213 1304 1293 1326 cum
1320 1294 1453 1339 populo
1480 1304 1610 1339 ageret,
1637 1304 1672 1328 et
1698 1295 1814 1340 legem

323 1341 475 1388 aliquam
501 1341 543 1375 ad
571 1341 742 1387 populum
774 1340 889 1381 ferret,
921 1340 1126 1387 Sextiusque
1153 1353 1230 1376 eam
1259 1342 1482 1388 perniciosam
1514 1343 1722 1383 existimans,
1755 1345 1816 1377 de-

324 1390 512 1431 scendiffet,
548 1390 650 1436 eique
677 1389 962 1432 obnuntiaviffet‚
989 1390 1116 1424 iterum
1146 1392 1195 1425 vis
1221 1403 1238 1425 a
1263 1391 1439 1425 Clodianis
1468 1404 1541 1425 orta
1566 1393 1625 1432 cst,
1654 1404 1723 1438 qua
1747 1392 1815 1438 ipse

324 1451 430 1486 poene
448 1439 585 1473 Sextius
604 1438 652 1473 est
669 1439 816 1473 deletus.
869 1439 1008 1474 Harum
1035 1451 1149 1474 rerum
1170 1440 1309 1486 culpam
1330 1452 1409 1474 cum
1431 1441 1463 1474 in
1484 1442 1639 1475 Sextium
1659 1441 1816 1476 conferre

325 1488 484 1524 Clodiani
503 1498 684 1534 cuperent⁷
707 1499 789 1522 eum
808 1488 970 1534 proximo
988 1501 1079 1522 anno
1098 1488 1161 1534 lege
1180 1490 1316 1523 Latmia
1337 1501 1432 1523 reuni
1449 1491 1490 1523 de
1512 1491 1541 1523 vi
1563 1490 1731 1525 sect-runt.
1778 1492 1816 1526 ln

326 1549 398 1583 quo
421 1537 577 1584 periculo
598 1549 679 1571 cum
706 1546 832 1582 praeter
853 1536 935 1571 alios
961 1537 1171 1572 Hortensius
1193 1549 1225 1572 et
1246 1539 1370 1572 Cicero
1393 1538 1631 1578 subveniz'l‘ent,
1661 1552 1816 1586 eumque

326 1587 539 1621 orationibus
557 1585 798 1627 defendissent,
825 1585 1002 1621 absolutus
1024 1587 1071 1621 est
1091 1585 1253 1632 judicum
1279 1587 1463 1622 sententiis.
1516 1589 1734 1622 Dtr'cnsionis
1757 1601 1819 1623 au-

327 1646 400 1670 tem
426 1635 663 1670 Ciceronianae
689 1633 764 1669 haec
791 1634 838 1669 est
862 1635 962 1677 ratio,
990 1645 1041 1677 ut,
1068 1637 1178 1682 qualis
1203 1637 1344 1671 Sextius
1370 1637 1448 1670 inde
1471 1649 1488 1671 a
1512 1638 1671 1683 pueritia,
1700 1638 1819 1684 impri-

330 1684 464 1731 misque
491 1684 524 1718 in
544 1684 745 1718 Tribunatu
769 1682 886 1726 fuerit,
913 1696 1178 1726 commemoret,
1205 1695 1239 1720 et
1262 1697 1484 1732 quaecunque
1507 1687 1556 1720 vis
1580 1687 1612 1720 in
1637 1686 1712 1720 foro
1731 1698 1762 1720 et
1783 1687 1817 1721 in

329 1733 463 1780 templo
482 1732 630 1767 Castoris
653 1732 782 1767 versata
801 1732 852 1774 sit,
879 1745 955 1767 eam
974 1746 992 1768 a
1011 1734 1188 1770 Clodianis
1211 1746 1322 1769 ortam
1347 1736 1410 1768 effe
1435 1735 1601 1770 ostendat.
1653 1736 1701 1770 Et
1726 1747 1818 1781 quo-

329 1782 423 1817 niam
454 1781 627 1816 accusator
649 1781 755 1816 Sextii
785 1782 948 1827 quaedam
974 1782 1078 1818 etiam
1105 1784 1138 1818 in
1165 1783 1370 1818 Ciceronem
1398 1784 1541 1826 dixerat,
1571 1784 1817 1831 imprimisque,

329 1842 491 1877 quaenam
512 1831 591 1866 effet
608 1831 665 1865 illa
682 1830 909 1876 optimatium
929 1831 1034 1874 natio,
1061 1844 1123 1878 per
1142 1832 1332 1867 ludibrium
1357 1844 1398 1867 ex
1421 1833 1589 1868 Cicerone
1612 1833 1818 1880 quaefierat3

329 1880 394 1915 hac
423 1880 600 1915 occasione
630 1890 776 1926 arrepta,
811 1878 884 1914 fuse
911 1890 946 1915 et
971 1883 1134 1927 graviter,
1166 1881 1227 1927 qui
1254 1881 1318 1916 sint
1343 1881 1528 1928 optimates
1558 1891 1593 1917 et
1622 1883 1819 1928 populares,

328 1929 442 1972 docet,
471 1938 505 1964 et
521 1929 620 1963 simul
634 1928 795 1968 ostendit,
823 1930 996 1975 populum
1015 1930 1219 1965 Romanum
1240 1930 1343 1965 etiam
1365 1942 1455 1964 nunc
1476 1932 1509 1965 in
1534 1931 1709 1973 comiitiis,
1736 1944 1819 1967 con-

330 1978 503 2019 cionibuS,
531 1977 688 2025 ludisque
706 1977 911 2024 significare,
939 1979 1049 2027 magis
1068 1979 1129 2014 fibi
1146 1979 1331 2025 optimates
1345 1991 1451 2026 quam
1471 1981 1655 2027 populares
1673 1981 1819 2028 placere.

442 2095 601 2148 Argum.
942 2098 988 2135 In
1018 2096 1214 2137 Vatinium.
1683 2113 1722 2151 p.
1755 2099 1820 2138 61.

381 2177 471 2212 Cum
489 2177 578 2212 inter
595 2177 694 2213 testes
708 2187 827 2213 contra
841 2178 999 2214 Sextium
1012 2180 1202 2226 produftus
1218 2181 1298 2216 esset
1309 2181 1481 2223 Vatinius,
1496 2191 1530 2216 et
1543 2179 1701 2216 defensor
1714 2180 1822 2215 Sextii

332 2225 455 2260 Cicero
473 2226 505 2260 ei
524 2227 606 2261 esset
623 2227 886 2270 inimicissimus,
913 2238 1111 2274 opportune
1129 2230 1281 2265 oblatam
1301 2231 1511 2265 occasionem
1531 2229 1674 2275 arripuit
1694 2229 1824 2263 Vatinii

332 2274 528 2311 ulciscendi.
583 2276 703 2322 Itaque
729 2288 812 2311 cum
834 2275 1020 2312 defensoris
1040 2279 1211 2325 imprimis
1239 2279 1304 2314 hoc
1332 2280 1422 2320 effer,
1449 2289 1488 2313 ut
1512 2279 1610 2314 testes
1636 2278 1823 2324 productos

331 2333 414 2370 apte
438 2334 610 2371 acuteque
633 2325 880 2371 interrogando
901 2326 1087 2361 calumniae
1109 2328 1356 2368 convinceret·,
1384 2328 1507 2363 Cicero
1525 2326 1721 2369 Vatinium,
1750 2327 1832 2373 qui,

332 2383 405 2418 quo
422 2384 551 2419 genere
569 2374 622 2416 sit,
649 2375 828 2421 quomodo
856 2375 890 2410 in
917 2374 1065 2422 pueritia
1087 2377 1224 2418 vixerit,
1251 2377 1335 2424 quid
1356 2378 1389 2411 in
1409 2377 1582 2422 quaestura
1599 2384 1744 2422 totoque
1763 2376 1824 2410 tri-

333 2419 466 2458 bunatu
498 2421 632 2468 fecerit,
658 2435 697 2459 ac
727 2423 866 2460 tandem
895 2425 1000 2461 etiam
1024 2425 1068 2462 de
1091 2425 1160 2474 ipsa
1187 2428 1295 2469 caula,
1324 2426 1379 2461 sed
1409 2426 1559 2462 breviter
1584 2424 1824 2472 interrogavit,
