2201 2792
587 139 933 188 ACTIONIS
964 138 1019 176 11.
1076 131 1287 174 LIBER
1319 129 1391 168 lv.
1594 125 1669 176 389

286 271 340 303 es,
360 265 403 295 ut
422 263 598 293 conarere
617 243 838 287 clientelam
858 250 939 279 tam
960 233 1164 276 illustrem,
1196 239 1277 267 tam
1298 224 1501 279 splendidae
1522 222 1679 275 provin·

289 324 356 362 ciae
376 319 614 360 transducere
633 313 680 352 ad
699 321 752 356 te,
773 306 921 347 auferre
946 318 968 342 a
986 296 1218 341 certiffimis‚
1250 288 1594 344 antiquiffimisque
1614 299 1682 339 pa-

289 389 408 428 tronis
429 388 442 424 ?
464 387 531 424 Tu
551 382 620 421 ista
638 377 812 422 stultitia,
832 370 1018 426 nequitia,
1040 364 1188 408 inertia,
1210 374 1288 400 non
1310 358 1427 398 modo
1447 355 1565 394 totius
1587 353 1685 391 Sici-

291 457 365 501 liae,
398 454 459 493 sed
490 451 604 490 unius
639 442 851 487 tenuiffimi
887 437 1021 481 Siculi,
1057 430 1278 472 clientelam
1313 424 1409 465 tueri
1442 431 1548 476 potes
1569 421 1580 457 ?
1614 420 1685 457 tibi

292 519 476 561 Marcelli
496 518 615 557 statua
629 527 698 568 pro
719 508 894 566 patibulo
913 505 953 543 in
974 503 1133 542 clientes
1154 493 1434 536 Marcellorum
1454 488 1557 527 fuit?
1582 495 1624 524 tu
1642 498 1690 523 ex

226 633 233 637 K
294 589 400 628 illius
421 586 566 625 honore
587 583 626 620 in
647 593 709 619 eos
734 576 849 631 ipsos,
881 571 951 626 qui
969 569 1159 608 honorem
1179 562 1239 601 illi
1258 559 1482 600 habuerant,
1505 552 1692 606 supplicia

297 651 518 708 quaerebas?
551 647 660 700 Qid
680 642 836 699 postea?
868 637 964 692 quid
995 633 1150 673 tandem
1172 629 1247 667 tuis
1268 625 1397 664 statuis
1429 621 1511 660 fore
1530 619 1692 657 arbitra-

297 723 385 760 bare
401 721 412 758 ?
435 733 481 758 an
502 729 590 755 vero
607 714 660 758 id,
678 710 784 765 quod
798 706 939 747 accidit
954 705 967 742 ?
988 702 1097 741 Nam
1113 692 1371 750 Tyndaritani
1390 690 1551 729 statuam
1572 686 1691 728 istius,

299 800 418 842 quam
435 786 505 824 fibi
525 790 681 837 propter
701 774 924 818 Marcellos,
944 769 1079 810 altiore
1098 764 1217 804 etiarn
1236 760 1312 799 bas1
1332 757 1424 813 poni
1439 754 1608 809 jusserat,
1627 752 1695 790 de-

300 855 518 896 turbarunt,
540 847 654 889 fimul
674 858 717 884 ac
738 840 947 882 successum
968 836 1028 874 isti
1047 832 1262 872 audierunt.

357 920 490 960 XLII.
519 915 642 956 Dedit
661 913 781 966 igitur
803 907 874 948 tibi
893 905 1048 944 fortuna
1068 897 1289 938 Siculorum
1309 893 1358 930 C.
1382 886 1616 928 Marcellum
1631 884 1701 937 ju-

304 989 446 1032 dicem,
463 993 521 1029 ut,
543 983 652 1034 cujus
673 979 720 1018 ad
739 977 901 1016 statuam
923 969 1058 1014 Siculi,
1079 976 1115 1005 te
1135 965 1312 1004 Praetore,
1330 955 1600 1008 alligabantur,
1619 952 1650 1002 ej
1659 963 1700 988 us

306 1052 486 1107 religioni
506 1059 544 1088 te
564 1046 733 1086 eundem
752 1042 942 1083 vinetum,
971 1033 1270 1080 adstrictumque
1298 1023 1499 1062 dedamus.
1540 1021 1600 1057 Ac
1620 1017 1702 1070 pri-

307 1136 388 1168 mo,
410 1119 581 1172 Judices,
602 1114 677 1152 hoc
698 1112 850 1164 [ignum
873 1101 1063 1145 Mercurii
1082 1097 1233 1137 dicebat
1255 1093 1321 1132 iste
1341 1088 1626 1141 Tyndaritanos
1655 1085 1703 1122 C.

312 1185 504 1225 Marcello
534 1181 627 1220 huic
648 1175 852 1217 AEsernino
871 1166 1077 1209 vendidisse
1095 1183 1106 1210 3
1138 1172 1252 1214 atque
1282 1157 1358 1196 hoc
1379 1154 1443 1193 sua
1462 1151 1571 1191 causa
1591 1150 1708 1188 etiarn

312 1251 551 1294 Marcellum
571 1246 699 1300 ipsum
719 1241 889 1296 sperabat
914 1235 986 1275 effe
1007 1234 1229 1272 diElurum:
1263 1223 1368 1277 quod
1389 1219 1488 1260 mihi
1510 1229 1710 1269 nunquam

312 1317 518 1360 verisimile
535 1313 660 1353 visum
679 1309 745 1354 est,
759 1304 1039 1346 adolescentem
1060 1297 1131 1335 illo
1149 1296 1236 1333 loco
1257 1300 1407 1331 natum,
1423 1296 1629 1339 patronum
1651 1283 1711 1319 Si-

315 1386 427 1430 ciliae,
459 1393 603 1421 nornen
624 1378 736 1416 suum
767 1373 828 1412 isti
854 1370 899 1409 ad
921 1364 1201 1407 transsationem
1233 1354 1408 1396 criminis
1439 1349 1712 1390 commodatu-

317 1466 421 1492 rum.
452 1449 717 1486 Veruntamen
739 1440 791 1478 ita
811 1451 867 1477 res
888 1433 989 1474 mihi
1011 1439 1089 1470 tota
1108 1425 1276 1481 praevisa,
1307 1431 1420 1472 atque
1443 1424 1628 1471 praecauta
1648 1413 1714 1457 est,

319 1520 392 1564 uti,
422 1517 449 1555 fi
470 1513 641 1554 maxime
660 1507 750 1547 effet
769 1507 964 1545 inventus,
995 1497 1065 1550 qui
1084 1497 1124 1533 in
1146 1493 1180 1531 se
1200 1490 1386 1542 suscipere
1409 1485 1513 1523 istius
1544 1482 1716 1534 culpam,

320 1586 547 1634 crimenque
579 1583 753 1630 cuperet,
783 1581 913 1610 tamen
948 1568 982 1604 is
1014 1562 1197 1618 proficere
1231 1555 1329 1596 nihil
1351 1551 1468 1606 poffct
1485 1565 1495 1589 ·.
1526 1563 1589 1587 eos
1610 1547 1717 1585 enim

322 1652 433 1691 testes
454 1645 611 1689 deduxi,
642 1651 680 1680 et
698 1653 758 1678 eas
777 1638 905 1676 literas
923 1628 1134 1684 deportavi,
1165 1634 1208 1663 ut
1228 1624 1274 1661 de
1296 1620 1401 1659 istius
1423 1617 1523 1655 facto
1553 1614 1720 1652 dubium

325 1715 474 1758 nemini
493 1712 564 1751 effe
585 1707 719 1764 poffet.
750 1703 920 1744 Publicae
940 1699 1057 1736 literae
1078 1694 1179 1738 sunt,
1200 1691 1448 1742 deportatum
1468 1681 1539 1720 effe
1557 1681 1722 1718 Mercu-

326 1785 430 1824 rium
451 1778 665 1819 Meffanam
685 1773 843 1824 sumptu
864 1765 1036 1822 publico.
1055 1761 1222 1801 Dicunt,
1237 1751 1372 1807 quanti
1391 1765 1401 1788 ε
1425 1746 1610 1802 praefuisse
1631 1744 1724 1783 huic

328 1847 485 1903 negotio
505 1843 661 1899 publice
680 1840 854 1892 legatum
876 1832 1045 1872 Poleam.
1078 1824 1188 1877 Qid
1206 1822 1218 1858 ?
1250 1822 1280 1858 is
1303 1818 1371 1856 ubi
1391 1816 1442 1853 est
1462 1830 1470 1852 ε
1496 1811 1627 1866 praesto
1646 1809 1723 1848 est:

329 1915 433 1955 testis
454 1912 520 1951 est.
552 1905 736 1959 Proagori
753 1899 902 1955 Sopatri
920 1895 1030 1950 juffu.
1064 1890 1165 1942 Qis
1195 1886 1247 1925 est
1273 1882 1369 1922 hic?
1402 1881 1470 1933 qui
1491 1879 1536 1916 ad
1566 1877 1729 1915 statuam

331 1980 528 2020 adstrifitus
549 1975 614 2013 est.
661 1970 771 2022 Qid
789 1969 801 2006 ?
834 1968 864 2005 is
887 1964 954 2003 ubi
985 1960 1065 1999 est?
1098 1955 1200 1995 testis
1221 1952 1274 1990 est
1292 1965 1300 1988 :
1332 1947 1476 1986 vidistis
1509 1943 1728 1985 hominem,

333 2057 372 2086 et
391 2046 504 2085 verba
524 2043 605 2095 ejus
626 2037 794 2077 audistis.
828 2026 1135 2072 Demoliendum
1167 2018 1314 2060 curavit
1344 2012 1595 2053 Democritus
1616 2022 1732 2061 gym-

336 2109 568 2152 nafiarchus‚
599 2103 705 2158 quod
736 2102 767 2139 is
787 2112 832 2137 eo
854 2098 939 2136 loco
973 2099 1141 2146 praeerat.
1175 2084 1285 2136 Qid
1304 2084 1317 2119 ?
1348 2079 1424 2118 hoc
1445 2090 1514 2116 nos
1535 2076 1701 2114 dicimus
1719 2073 1732 2108 ?

337 2181 464 2219 immo
484 2188 572 2214 vero
604 2170 682 2224 ipse
702 2166 859 2222 praesens
876 2179 885 2202 ε
918 2163 1056 2200 Romae
1078 2167 1198 2207 nuper
1230 2149 1357 2203 ipsum
1389 2145 1459 2184 effe
1494 2142 1732 2196 pollicitum,

340 2245 411 2285 sese
431 2244 470 2282 id
491 2242 641 2294 fignum
661 2233 796 2288 legatis
817 2230 887 2269 effe
908 2226 1164 2266 redditurum,
1192 2218 1218 2256 fi
1239 2217 1319 2269 ejus
1350 2213 1402 2251 rei
1423 2207 1636 2249 testificatio
1657 2204 1734 2242 tol-

341 2313 496 2354 leretur,
513 2315 749 2354 cautumque
765 2298 854 2338 effet
873 2308 935 2334 eos
953 2289 1218 2332 testimonium
1240 2296 1316 2322 non
1335 2279 1404 2317 effe
1420 2278 1601 2314 dicturos.
1622 2271 1737 2309 Dixit

342 2379 418 2416 hoc
438 2375 539 2429 apud
569 2385 636 2411 vos
658 2369 864 2421 Zosippus,
900 2372 938 2401 et
958 2356 1195 2399 Hffmenias,
1226 2349 1404 2390 homines
1428 2339 1667 2382 nobiliffimi,
1698 2345 1736 2374 ct

347 2443 538 2497 principes
560 2436 831 2491 Tyndaritanae
852 2427 1032 2469 civitatis.
