2201 2792
403 236 454 279 50
921 226 1278 266 ORATIO

401 327 462 365 die
482 325 633 379 transigi
654 324 772 378 poffet
790 340 798 364 :
831 339 877 364 ex
898 340 978 378 quo
997 340 1075 365 uno
1096 326 1177 365 haec
1198 327 1329 366 onmia
1349 336 1449 373 nata,
1480 336 1517 366 et
1536 326 1704 381 profesta
1729 327 1800 367 effe

400 392 590 430 concedit.
634 393 726 443 Qo
746 393 786 429 in
808 391 896 429 loco
917 392 1182 431 conditionem
1213 394 1300 438 tuli,
1323 394 1349 431 fi
1370 393 1484 431 vellet
1504 394 1709 446 pecuniam
1728 407 1797 446 pe-

400 468 491 504 tere,
525 460 569 497 P.
594 458 806 508 Qintium
835 458 1057 510 judicatum
1087 458 1181 497 solvi
1207 459 1487 505 satisdaturum,
1522 460 1618 498 dum
1648 459 1740 513 ipse,
1771 459 1799 497 fi

399 525 492 578 quid
513 534 672 578 peteret,
695 525 775 577 pari
795 525 1016 563 conditione
1036 534 1219 564 uteretur.

456 591 630 635 Ostendi,
666 604 785 642 quam
816 590 940 628 multa
969 599 1056 628 ante
1086 590 1169 628 fieri
1196 591 1443 637 convenerit,
1476 605 1594 644 quarn
1626 589 1798 629 hominis

399 657 608 711 propinqui
628 656 727 694 bona
757 656 932 709 poffideri
962 656 1268 709 postularemus,
1300 657 1508 710 praesertim
1536 671 1630 696 cum
1660 657 1799 695 Romae

399 723 538 761 domus
572 723 667 775 ejus,
698 736 808 768 uxor,
844 722 955 760 liberi
985 722 1113 768 estem,
1148 732 1186 762 et
1215 732 1437 776 procurator
1467 737 1572 776 aeque
1602 722 1801 775 utriusque

398 789 638 829 neceffirius.
680 789 824 835 Docui,
857 803 947 828 cum
975 789 1164 828 desertum
1186 789 1256 828 effe
1276 790 1377 829 dicat
1395 791 1678 835 vadimonium,
1705 803 1796 828 orn-

397 857 492 895 nino
512 857 778 896 vadimonium
808 857 965 895 nullum
994 855 1134 896 fuisse:
1167 872 1246 910 quo
1276 858 1337 895 die
1365 856 1471 896 hunc
1500 858 1569 896 fibi
1589 856 1798 910 promififi‘e

397 923 513 969 dicat,
544 937 590 962 eo
610 923 671 961 die
702 936 749 961 ne
769 924 906 961 Romae
925 923 1084 975 quidem
1104 937 1194 962 eum
1214 923 1338 969 fuisse,
1369 924 1408 962 id
1439 924 1596 962 testibus
1624 937 1686 961 me
1707 923 1797 976 pol-

396 988 526 1028 licitus
556 989 641 1028 sum
670 989 831 1043 planum
851 988 1058 1034 facturum,
1091 990 1160 1042 qui
1180 1000 1217 1028 et
1236 990 1330 1027 scire
1348 990 1542 1034 deberent,
1574 998 1611 1027 et
1630 989 1797 1033 causam,

395 1068 465 1093 cur
495 1056 764 1099 mentirentur,
798 1068 875 1092 non
906 1054 1104 1092 haberent.
1151 1055 1214 1092 Ex
1245 1055 1369 1093 edicto
1388 1063 1518 1092 autem
1539 1067 1616 1092 non
1636 1054 1799 1107 potuisse

395 1121 496 1160 bona
516 1121 705 1174 poffideri,
727 1121 981 1159 demonstravi
998 1139 1010 1165 ;
1035 1121 1140 1172 quod
1160 1134 1286 1172 neque
1304 1120 1504 1158 fraudandi
1524 1120 1634 1158 causti
1652 1119 1797 1158 latitas-

395 1188 462 1234 set,
484 1201 609 1240 neque
628 1187 735 1225 exilii
755 1186 864 1224 causa
883 1186 1009 1224 solum
1028 1186 1175 1224 vertiffe
1195 1186 1396 1225 diceretur.

450 1254 667 1306 Reliquum
687 1252 752 1297 est,
784 1261 827 1289 ut
858 1265 947 1290 eum
969 1265 1084 1290 nemo
1104 1252 1255 1304 judicio
1281 1251 1507 1291 defenderit.
1555 1253 1673 1304 Qod
1699 1266 1796 1292 con-

395 1319 453 1359 tra
472 1319 724 1374 copiofiffime
754 1317 952 1356 defensum
983 1318 1053 1356 effe
1073 1319 1269 1364 contendi,
1301 1333 1379 1357 non
1399 1319 1445 1357 ab
1475 1318 1635 1357 homine
1655 1320 1794 1364 alieno,

394 1400 522 1440 neque
555 1386 602 1424 ab
633 1385 763 1438 aliquo
797 1385 1087 1430 calumniatore,
1124 1394 1238 1437 atque
1271 1386 1466 1438 improbo,
1498 1386 1559 1424 sed
1590 1385 1637 1424 ab
1666 1386 1797 1438 equite

395 1456 574 1494 Romano
608 1453 827 1506 propinquo
860 1461 898 1490 et
932 1451 1132 1491 necessario
1152 1452 1231 1497 suo,
1265 1466 1384 1505 quem
1414 1453 1492 1506 ipse
1527 1454 1611 1491 Sex.
1635 1453 1793 1492 Naevius

393 1529 681 1575 procuratorem
701 1518 914 1571 relinquere
929 1528 1036 1556 antea
1052 1517 1260 1557 consuefl'et
1275 1534 1284 1557 ε
1307 1532 1430 1571 neque
1447 1532 1552 1563 eum,
1570 1519 1596 1556 fi
1618 1519 1793 1557 tribunos

393 1587 606 1640 appellarit,
642 1585 786 1623 idcirco
819 1585 949 1623 minus
978 1584 1175 1637 judicium
1208 1585 1287 1638 pati
1306 1594 1481 1638 paratum
1501 1584 1637 1630 fuifl‘e;
1668 1598 1799 1638 neque

394 1653 566 1707 potentia
584 1652 837 1706 procuratoris
857 1651 995 1690 Naevio
1010 1652 1074 1703 jus
1095 1660 1272 1703 ereptum
1290 1666 1299 1690 z
1322 1660 1468 1696 contra,
1485 1651 1600 1690 istum
1622 1651 1797 1705 potentia

394 1721 459 1759 sust
478 1730 563 1759 tum
584 1718 856 1757 tantummodo
876 1717 1107 1771 superiorem
1127 1707 1249 1764 fuisse,
1265 1731 1369 1757 nunc
1389 1718 1500 1757 nobis
1522 1718 1587 1757 vix
1607 1718 1795 1772 respiran-

393 1787 431 1824 di
452 1785 675 1839 potestatem
697 1785 796 1822 dare.

448 1853 601 1892 XXIX.
633 1851 815 1902 Qaesivi,
850 1864 935 1902 quae
966 1851 1074 1889 causa
1092 1851 1232 1896 fuisset,
1264 1865 1333 1889 cur
1359 1853 1458 1890 bona
1485 1865 1562 1890 non
1594 1850 1792 1897 venissent,

393 1933 486 1958 cum
506 1932 552 1957 ex
573 1917 696 1955 edicto
717 1916 1002 1969 poffiderentur.
1035 1917 1187 1955 Deinde
1207 1916 1305 1955 illud
1325 1931 1481 1970 quoque
1501 1917 1690 1969 requifivi,
1718 1930 1793 1970 qua

394 1985 539 2023 ratione
558 1997 605 2021 ex
626 1992 684 2020 tot
703 1982 955 2021 creditoribus
976 1995 1093 2020 nemo
1123 1996 1248 2035 neque
1270 1992 1354 2021 tum
1376 1983 1478 2021 idem
1500 1982 1648 2028 fecerit,
1670 1997 1794 2036 neque

395 2064 497 2089 nunc
518 2058 649 2088 contra
668 2047 784 2092 dicat,
815 2048 1022 2100 omnesque
1042 2062 1111 2100 pro
1137 2049 1181 2086 P.
1206 2049 1373 2099 Qiutio
1404 2058 1605 2102 pugnent3
1637 2049 1792 2101 praeser-

395 2118 468 2155 tim
499 2129 592 2153 cum
623 2114 662 2151 in
699 2113 764 2150 tali
790 2114 939 2165 judicio
972 2114 1188 2152 testimonia
1207 2114 1443 2153 creditorum
1463 2115 1727 2153 existimentur
1747 2115 1792 2152 ad

395 2196 476 2221 rem
497 2181 666 2220 maxime
701 2180 899 2232 pertinere.
951 2180 1082 2218 Postea
1112 2179 1196 2218 sum
1227 2179 1313 2219 usus
1340 2181 1534 2219 adversarii
1558 2180 1791 2225 testimonio,

394 2248 462 2301 qui
481 2248 550 2286 fibi
569 2260 659 2284 eum
680 2258 802 2297 nuper
821 2245 941 2283 edidit
960 2245 1121 2290 socium,
1143 2259 1276 2298 quem,
1294 2260 1372 2298 quo
1393 2247 1509 2285 modo
1537 2259 1641 2284 nunc
1661 2246 1790 2283 inten-

394 2316 464 2359 dit,
486 2328 532 2352 ne
553 2314 592 2350 in
613 2312 790 2350 vivorum
810 2312 967 2364 quidem
990 2326 1151 2350 numero
1172 2321 1256 2350 tum
1275 2312 1505 2351 demonstrat
1525 2311 1646 2350 fuiffe,
1680 2313 1790 2350 Tum

393 2380 502 2418 illam
537 2377 802 2417 incredibilem
837 2377 1086 2423 celeritatem,
1122 2378 1184 2415 seu
1214 2379 1342 2431 potius
1377 2379 1588 2423 audaciam,
1617 2378 1759 2430 protuli
1780 2392 1788 2416 :

392 2445 632 2488 confirmavi,
653 2443 794 2482 necesse
813 2444 883 2482 effe
902 2453 967 2482 aut
988 2444 1106 2482 biduo
1128 2457 1211 2482 Dec
1229 2444 1353 2482 millia
1367 2444 1541 2497 paffuum
1559 2444 1631 2482 effe
1651 2444 1790 2482 decur-

394 2513 441 2557 sa,
474 2520 538 2549 aut
560 2512 644 2548 Sex.
668 2510 851 2548 Naevium
871 2511 1006 2549 diebus
1037 2511 1304 2564 compluribus
1335 2520 1421 2548 ante
1455 2511 1494 2549 in
1528 2510 1791 2564 poffeffionem

394 2576 543 2621 misiffe,
566 2589 683 2629 quam
704 2575 921 2629 postularet,
953 2586 995 2616 ut
1015 2577 1048 2616 ei
1069 2577 1201 2616 liceret
1222 2577 1321 2616 bona
1340 2577 1536 2631 possidere.
