2201 2792
653 81 1000 122 ACTIONIS
1031 80 1084 119 ΙΙ.
1144 80 1357 118 LIBER
1388 79 1438 118 V.
1663 93 1744 135 477

351 185 471 225 finem
492 183 693 223 accusandi
713 182 834 222 facere
850 201 862 227 3
893 195 986 220 curn
1007 190 1046 219 et
1065 181 1213 234 populo
1233 181 1413 219 Romano
1433 180 1681 227 satisfactum,
1707 191 1745 220 et

351 261 550 305 receptum
582 250 758 289 officium
793 248 930 287 Siculis
946 277 956 293 ,
991 246 1202 286 necessariis
1233 247 1349 291 meis,
1385 248 1458 284 erit
1492 248 1744 299 persolutum.

351 319 622 358 Deliberatum
642 326 773 356 autem
793 315 860 360 est,
888 315 914 353 si
935 328 991 353 res
1012 315 1238 367 opinionem
1260 327 1402 359 meam,
1430 327 1548 366 quam
1570 315 1615 351 de
1636 315 1746 352 vobis

350 384 489 430 habeo,
510 383 707 429 fefellerit,
729 397 807 422 non
828 382 946 420 modo
966 395 1029 420 eos
1050 381 1239 434 persequi,
1261 381 1307 418 ad
1327 393 1424 433 quos
1445 381 1615 418 maxime
1635 381 1749 433 culpa

351 452 524 504 corrupti
539 450 695 503 judicii,
728 449 790 488 sed
810 449 929 487 etiam
949 448 1052 493 illos,
1084 447 1131 485 ad
1151 461 1247 500 quos
1279 446 1522 485 conscientiae
1552 449 1746 500 contagio,

352 518 574 570 pertinebit.
608 516 774 555 Proinde
794 515 819 554 fi
840 515 909 568 qui
928 515 1028 558 sunt,
1061 515 1129 566 qui
1149 515 1189 551 in
1209 513 1285 551 hoc
1305 527 1368 551 reo
1387 523 1452 551 aut
1472 522 1662 566 potentes,
1684 523 1752 551 aut

351 584 526 629 audaces,
543 593 609 622 aut
628 582 806 628 artifices,
824 582 870 620 ad
889 580 1218 633 corrumpendum
1234 580 1430 632 judicium
1451 580 1571 618 velint
1592 580 1676 625 effe,
1699 580 1752 617 ita

353 651 427 688 fint
447 651 579 703 parati,
602 659 659 694 ut,
681 648 917 701 disceptante
937 647 1084 699 populo
1104 647 1298 691 Romano,
1321 660 1476 684 mecum
1498 647 1567 684 fibi
1589 661 1670 685 rem
1689 647 1750 684 vi-

353 717 467 755 deant
485 716 673 754 futuram.
706 716 772 760 Et,
805 714 831 752 fi
851 727 914 752 me
933 715 974 751 in
994 713 1070 752 hoc
1091 727 1168 758 reo,
1202 727 1320 765 quem
1342 712 1442 751 mihi
1460 713 1668 751 inimicum
1690 714 1751 751 Si-

353 783 434 822 culi
454 783 656 828 dederunt,
679 781 764 820 satis
785 779 1071 825 vehementem,
1100 780 1184 818 satis
1207 780 1520 833 perseverantem,
1543 781 1627 817 satis
1649 781 1751 832 vigi-

353 849 514 895 lantem,
535 849 607 888 esse
622 858 865 902 cognorunt,
897 847 1130 891 existiment,
1163 847 1204 884 in
1231 846 1291 884 his
1312 846 1554 891 hominibus,
1583 860 1753 899 quorum

355 929 427 968 ego
447 915 687 960 inimicitias,
720 914 857 968 populi
877 914 1049 952 Romani
1069 912 1199 951 salutis
1227 912 1347 958 causa,
1381 912 1591 965 suscepero,
1624 912 1758 950 multo

355 982 569 1034 graviorem
590 990 704 1033 atque
725 980 910 1018 acriorem
931 979 1125 1017 futurum.

402 1049 572 1087 LXXII.
596 1048 716 1087 Nunc
738 1057 787 1092 te,
803 1048 954 1100 Jupiter
973 1047 1151 1100 Optime,
1174 1047 1366 1090 Maxime,
1388 1047 1498 1098 cujus
1520 1045 1586 1082 iste
1605 1045 1757 1083 donum-

355 1115 495 1167 regale,
516 1114 681 1167 dignum
713 1123 781 1151 tuo
798 1112 1061 1166 pulcherrimo
1083 1112 1245 1164 templo,
1275 1112 1437 1164 dignum
1461 1111 1670 1163 Capitolio,
1694 1120 1753 1148 at-

357 1194 433 1232 que
452 1181 519 1218 ista
539 1193 622 1218 arce
639 1180 820 1217 omnium
841 1179 1058 1224 nationum,
1077 1179 1242 1231 dignum
1263 1179 1366 1230 regio
1382 1190 1555 1220 munere,
1579 1178 1651 1214 tibi
1671 1177 1753 1214 fac-

357 1257 444 1285 tum
476 1247 522 1285 ab
555 1246 724 1299 regibus,
760 1246 833 1283 tibi
855 1246 1028 1283 dicatum
1060 1254 1173 1297 atque
1194 1244 1434 1297 promissum,
1472 1257 1536 1296 per
1564 1243 1757 1281 nefarium

358 1313 479 1351 scelus
501 1313 546 1350 de
567 1313 681 1365 regiis
700 1312 878 1349 manibus
900 1310 1053 1349 extorsit
1072 1329 1082 1354 ;
1106 1310 1290 1362 cujusque
1311 1310 1582 1348 fimetiffimum
1605 1319 1640 1346 et
1663 1309 1754 1362 pul-

358 1377 599 1418 cherrimum
633 1378 881 1416 fimulacrum
914 1377 1100 1429 Syracusis
1126 1377 1301 1414 sustulit:
1336 1385 1464 1428 teque,
1486 1377 1591 1426 Juno
1612 1376 1756 1427 regina,

359 1447 470 1498 cujus
493 1446 570 1484 duo
590 1444 677 1483 fana
697 1445 843 1482 duabus
865 1444 905 1481 in
937 1443 1071 1481 insulis
1092 1443 1211 1495 posita
1232 1442 1438 1486 sociorum,
1462 1442 1611 1479 Melitae
1631 1452 1669 1478 et
1689 1443 1756 1478 Sa-

360 1513 430 1557 mi,
453 1511 678 1550 sanctissima
698 1520 735 1548 et
756 1509 1029 1561 antiquissima,
1061 1509 1176 1547 simili
1197 1508 1333 1546 scelere
1360 1508 1462 1545 idem
1484 1507 1551 1545 iste
1571 1508 1758 1545 omnibus

360 1579 471 1617 donis
493 1577 803 1629 ornamentisque
834 1575 1019 1613 nudavit:
1053 1584 1180 1628 teque,
1215 1575 1406 1619 Minerva,
1436 1588 1554 1626 quam
1576 1574 1669 1611 item
1691 1574 1758 1611 iste

359 1645 511 1683 duobus
544 1645 584 1682 in
605 1643 817 1681 clariffimis
845 1651 883 1680 et
903 1641 1187 1694 religiosiffimis
1208 1641 1364 1693 templis
1385 1641 1595 1693 expilavit;
1629 1639 1757 1678 Athe-

359 1712 434 1756 nis,
457 1724 550 1749 cum
570 1710 650 1748 auri
671 1708 812 1762 grande
833 1707 998 1760 pondus,
1021 1707 1222 1759 Syracufis,
1244 1721 1337 1744 cum
1358 1707 1502 1751 omnia,
1522 1715 1655 1758 praeter
1675 1714 1757 1742 tec-

357 1787 442 1815 tum
464 1787 501 1815 et
522 1777 695 1830 parietes,
727 1775 907 1813 abstulit:
941 1784 1068 1826 teque,
1105 1774 1265 1818 Latona,
1301 1782 1338 1810 et
1361 1772 1519 1825 Apollo,
1552 1781 1589 1809 et
1616 1772 1758 1816 Diana,

362 1857 529 1896 quorum
552 1843 618 1881 iste
639 1842 729 1880 Deli
752 1856 829 1880 non
850 1840 999 1885 fanum,
1022 1840 1097 1884 sed,
1120 1849 1161 1877 ut
1183 1838 1393 1877 hominum
1413 1838 1545 1891 opinio
1565 1847 1603 1874 et
1624 1837 1763 1889 religio

360 1909 448 1955 fert,
483 1910 608 1948 sedem
629 1909 829 1962 antiquam
850 1907 1105 1959 divinumque
1126 1906 1389 1950 domicilium,
1426 1906 1614 1942 nocturno
1639 1904 1758 1941 latro-

362 1978 466 2015 cinio
499 1987 613 2029 atque
645 1977 795 2028 impetu
829 1974 1082 2027 compilavit:
1114 1973 1231 2010 etiam
1263 1982 1313 2017 te,
1347 1971 1507 2024 Apollo,
1543 1984 1661 2023 quem
1692 1970 1760 2007 iste

364 2042 468 2080 Chio
488 2043 636 2080 sustulit
653 2057 660 2079 :
685 2051 800 2092 teque
816 2042 932 2078 etiam
949 2049 1064 2091 atque
1080 2039 1211 2083 etiam,
1232 2039 1368 2082 Diana,
1389 2052 1506 2090 quarn
1526 2038 1654 2089 Pergae
1672 2036 1759 2088 spo-

366 2109 498 2152 liavit;
530 2108 640 2158 cujus
662 2106 909 2144 simulacrum
930 2104 1202 2142 sandfiffimum
1226 2104 1395 2155 Segestae,
1426 2104 1484 2140 bis
1504 2103 1604 2155 apud
1628 2102 1760 2154 Seges-

366 2185 473 2212 tanos
494 2173 772 2217 consecratum,
806 2172 921 2209 semel
943 2171 1113 2223 ipsorum
1134 2170 1331 2222 religione,
1354 2170 1495 2207 iterum
1517 2170 1561 2206 P.
1585 2167 1761 2205 Africani

366 2241 540 2284 vietoria,
574 2239 792 2277 tollendum
825 2236 1175 2290 asportandumque
1209 2236 1378 2273 curavit:
1413 2245 1539 2286 teque,
1571 2233 1760 2276 Mercuri,

367 2320 483 2357 quem
507 2306 641 2344 Verres
664 2306 703 2342 in
735 2304 839 2348 villa,
875 2313 912 2341 et
933 2304 973 2341 in
1004 2303 1149 2355 privata
1179 2301 1305 2354 aliqua
1327 2301 1505 2353 palaestra,
1528 2298 1679 2351 posuit;
1714 2299 1758 2335 P.

368 2371 573 2408 Africanus
607 2371 646 2408 in
680 2370 773 2408 urbe
804 2363 1009 2414 sociorum,
1045 2377 1082 2405 et
1115 2368 1153 2405 in
1174 2367 1370 2419 gymnasio
1390 2364 1761 2414 Tyndaritanorum,

364 2437 578 2488 juventutis
615 2436 774 2474 illorum
807 2435 1004 2474 custodem
1039 2448 1081 2473 ac
1113 2432 1308 2486 proelidem
1350 2430 1474 2469 voluit
1500 2428 1569 2466 effe
1589 2443 1596 2466 ε
1630 2436 1761 2481 teque,
