2201 2792
283 183 314 212 p.

289 222 326 252 75

313 1456 351 1486 77

536 73 828 115 VARIAE
903 64 1464 110 LECTIONES.

376 172 387 201 1

467 258 491 280 et
505 250 563 279 Tite

388 300 405 329 7
426 291 612 320 meministine
627 297 655 318 te
670 289 694 318 C
708 289 841 325 meministi
863 286 881 314 S
903 286 988 314 memi-

469 333 530 369 nssi
541 342 578 358 me
591 331 621 358 T
634 345 656 367 χ
669 330 831 367 meministine

391 381 410 408 9
429 370 513 399 etiam
527 385 549 407 χ
562 372 652 408 etjam

377 420 410 439 12
432 419 549 449 propter
563 411 587 438 C
598 418 698 448 praeter

375 460 409 487 ¹3
432 451 550 488 potestas
565 463 586 486 χ
601 452 629 478 d.

377 499 412 527 ¹4
435 490 570 529 fugitant,
590 491 747 528 xflagitane
761 499 770 516 :

375 539 385 558 1
395 541 411 567 9
434 530 469 558 de
483 544 505 566 χ
519 532 546 558 d.

375 579 414 606 ²4
433 570 468 598 ad
490 570 566 598 hunc
578 569 695 606 xadhuc

376 610 414 638 26
435 610 586 638 convenire
601 611 631 638 H
645 610 792 637 conveniret

376 651 413 678 28
436 657 516 687 potes
530 662 550 685 a:
559 651 638 686 potest

378 698 417 726 34
436 689 541 717 crimen
557 689 583 723 ψ
597 690 701 716 crimine

379 739 393 767 3
400 738 414 767 ς
437 728 563 756 recidere
575 742 597 764 χ
610 728 693 756 redire

382 778 418 797 10
438 768 643 796 concursabant
657 767 681 794 C
695 762 875 801 circus-subant
892 761 923 789 H
945 762 999 788 eir-

478 820 532 836 cum
545 807 686 844 cur-fiebant
700 804 727 840 ψ
741 801 935 832 circumdabant
990 831 993 833 ,

384 858 394 877 ι
404 858 419 877 2
443 848 546 876 Roscio
561 860 580 883 χ
594 847 698 884 Roscius

385 898 418 925 ¹3
441 887 579 924 objicient
592 900 614 922 χ
627 883 780 924 objiciebant

385 938 422 964 ¹4
443 927 585 966 putabunt
600 927 624 955 C
635 933 763 965 putantur
776 923 806 951 T
828 935 850 958 χ
859 919 990 960 putabant

387 968 421 996 16
442 976 591 1006 propterea
604 980 625 1003 χ
633 972 742 1005 propter

386 1017 421 1046 19
442 1008 461 1035 fi
475 1008 552 1044 zfid

383 1063 425 1070 —
447 1055 503 1076 tam
520 1048 551 1075 H
565 1045 643 1081 caustz

385 1101 427 1109 -
447 1087 574 1115 differam
588 1099 609 1121 χ
623 1086 740 1113 dixeram

388 1137 424 1156 22
446 1126 527 1155 nobis
540 1141 562 1163 χ
575 1125 651 1154 vobis

387 1178 402 1196 2
407 1178 421 1205 5
445 1167 626 1205 pertinebant
639 1179 661 1201 χ
669 1161 816 1202 pertinebat

386 1222 427 1229 —-
445 1207 581 1245 quoniam
597 1206 621 1234 C
637 1205 666 1233 H
682 1203 709 1239 ψ
723 1203 836 1242 quomodo
849 1200 878 1229 T
893 1213 913 1236 χ
927 1210 981 1228 curn

392 1257 428 1283 27
451 1247 570 1284 reperiet
584 1260 605 1282 χ
619 1248 715 1282 reperit

389 1298 426 1325 29
448 1296 494 1314 me
506 1300 528 1322 χ
541 1287 567 1314 d.

391 1336 428 1365 3²
449 1325 499 1364 qni
513 1339 535 1361 z
549 1328 609 1364 quia

393 1376 428 1405 35
451 1365 694 1401 etestCHSz,
716 1361 744 1398 ψ
763 1361 811 1390 ubi
831 1369 855 1390 et
875 1355 1010 1398 estTubi

490 1417 503 1433 t

414 1448 430 1474 8
452 1445 591 1482 profiteris
607 1444 632 1472 C
648 1444 665 1471 S
680 1457 701 1479 χ
710 1442 857 1479 prefittaris

389 1501 431 1508 —-
451 1485 595 1522 Capitono
611 1485 636 1512 C
651 1483 742 1520 Capite

395 1536 405 1554 1
415 1536 431 1553 z
453 1524 572 1562 putabat
588 1524 615 1551 H
627 1520 792 1560 praedicabat

398 1575 431 1602 ¹7
455 1563 580 1592 veritatis
596 1571 655 1590 erat
669 1576 690 1598 χ
703 1563 801 1588 veritas
813 1564 871 1587 erat
885 1569 893 1585 .-

396 1615 433 1634 22
454 1612 530 1631 nunc
544 1603 565 1631 ii
582 1603 606 1632 C
622 1603 653 1632 H
667 1602 753 1630 nuncii
766 1613 787 1635 χ
801 1601 887 1627 nuntii

397 1646 435 1673 26
457 1653 491 1671 eo
505 1643 534 1670 T
550 1645 574 1671 ei

398 1687 434 1714 28
457 1683 567 1711 accedit
581 1696 602 1718 χ
615 1682 718 1711 accedat

400 1734 437 1760 29
458 1724 495 1751 est
508 1736 529 1758 χ
543 1724 570 1750 d.

401 1773 440 1803 30
460 1757 832 1796 causaCHSTxfflJaed.

399 1819 441 1827 —-
463 1811 489 1831 te
503 1816 524 1838 χ
537 1804 563 1830 d.
778 1828 781 1830 ,

401 1853 435 1882 31
461 1841 610 1871 adduxerit
623 1841 647 1869 C
664 1841 681 1868 S
702 1838 729 1875 ψ
750 1840 912 1867 adduxerunt
926 1835 955 1864 T
969 1835 1019 1863 ad-

501 1883 620 1911 duxerint
687 1886 693 1891 ·

404 1932 444 1962 34
463 1921 616 1960 municipis
630 1919 658 1955 ψ
671 1921 814 1956 municipiis

405 1973 441 2001 35
464 1970 495 1991 ut
508 1976 529 1998 χ
543 1965 571 1989 in

402 2018 444 2025 -
464 2008 619 2040 potuerunt
633 2000 657 2027 C
668 2005 787 2037 poterunt

428 2044 444 2070 8
466 2044 490 2069 is
506 2042 556 2078 qui
570 2049 652 2068 antea
665 2039 690 2066 C
703 2052 724 2074 z
737 2041 782 2075 qui
795 2044 872 2065 antea

410 2092 446 2119 ¹4
467 2080 632 2109 reformidet
647 2079 671 2106 C
688 2079 718 2106 H
734 2080 751 2105 S
767 2077 795 2105 T
810 2090 831 2112 χ
846 2073 996 2112 reformidat

411 2123 446 2151 16
469 2129 511 2149 tot
525 2120 548 2147 C
555 2120 586 2157 fi
596 2127 632 2147 tot

410 2171 443 2192 21
469 2170 495 2189 te
511 2160 535 2188 C
549 2161 575 2187 d.

412 2212 448 2231 22
471 2209 558 2240 grege
578 2206 744 2227 annumerer
757 2196 781 2224 C
793 2205 894 2233 gregem
907 2202 1027 2221 annume-

510 2251 552 2268 rer
564 2240 594 2267 Τ
604 2249 706 2277 gregem
718 2234 877 2272 adimeret-sle
891 2237 918 2263 in
925 2242 1028 2272 gregem

509 2288 658 2310 annumeret·

1045 371 1082 400 79

1057 959 1095 986 80

1068 1555 1101 1582 81

1129 161 1137 189 1

391 191 408 251 ’ς
431 218 459 240 te
473 210 592 240 Metelle
607 209 632 239 C
647 207 748 238 Metelle
761 206 792 236 H
805 213 832 236 et
845 203 946 234 Metelle
959 201 987 239 ψ
1038 173 1078 239 ξε
1124 183 1160 229 2.6
1181 208 1401 227 commemorare
1417 199 1442 226 C
1457 207 1593 226 memorare

1118 255 1158 262 —
1179 241 1340 268 Mamercos
1355 238 1380 265 C
1397 239 1426 266 H
1443 238 1460 265 S
1474 251 1505 273 χ,
1521 236 1548 272 ψ
1560 236 1697 264 Mammeos
1710 233 1742 263 Τ

1224 279 1338 307 Mamm

1125 331 1160 358 27
1184 319 1337 347 Antistium
1353 317 1377 345 C
1390 317 1549 354 Amhistium
1563 329 1584 351 χ
1597 316 1727 354 Antistum

1148 369 1159 388 1
1185 365 1263 387 erant
1276 371 1300 394 χ
1311 364 1370 386 erat

1147 410 1163 428 2
1185 397 1273 427 offusa
1288 400 1311 425 C
1328 397 1354 431 ψ
1368 398 1448 434 ffestz
1461 409 1482 431 χ
1495 395 1600 434 cotgfufiz

1126 455 1167 462 —
1188 437 1351 476 reipublicae
1365 438 1390 465 C
1406 437 1424 464 S
1438 435 1464 471 ψ
1478 435 1610 474 republica

1147 490 1164 518 9
1187 479 1206 506 fi
1221 477 1302 515 xfibi

1132 529 1166 548 10
1188 516 1316 556 quamvis
1332 516 1357 545 C
1371 527 1447 555 quam

1132 559 1167 588 16
1189 566 1279 595 ecqua
1293 556 1318 585 C
1332 557 1363 585 H
1380 558 1396 586 S
1413 556 1442 584 T
1457 562 1515 592 χιι
1530 563 1589 593 quae

1134 609 1143 627 1
1153 600 1168 626 8
1189 607 1224 625 an
1237 611 1257 632 χ
1271 598 1311 624 ad

1131 647 1165 667 21
1190 636 1314 665 occisum
1326 649 1348 670 χ
1361 636 1390 663 d.

1132 687 1168 715 23
1193 684 1251 705 tum
1268 677 1328 711 zd.

1133 718 1170 746 26
1194 723 1241 744 aut
1256 724 1363 748 eorum,
1384 713 1434 751 qui
1459 714 1490 742 in
1517 711 1600 741 bonis
1625 718 1704 740 erant
1725 708 1754 744 ψ

1233 763 1280 783 aut
1292 762 1366 782 erant
1380 757 1407 781 in
1421 753 1492 781 bonis
1504 763 1597 786 eorum,
1620 753 1665 789 qui
1679 757 1754 779 erant

1135 797 1170 825 28
1192 793 1366 833 appetebant
1380 793 1410 821 H
1426 799 1570 831 appeterent

1136 845 1173 872 30
1194 844 1287 873 quaere
1300 847 1322 869 χ
1336 842 1416 871 quare

1137 885 1175 913 34
1197 875 1238 902 fui
1251 877 1341 912 zfuie

1133 931 1174 937 —
1194 913 1382 952 Respondebo
1396 912 1427 940 H
1441 913 1469 941 d.

1158 957 1173 984 8
1196 954 1277 983 saekae
1292 954 1317 981 C
1322 956 1407 991 falia

1139 1005 1149 1024 1
1160 1005 1169 1023 1
1195 1002 1223 1022 et
1235 1007 1266 1030 χ,
1282 992 1310 1027 ψ
1324 1002 1353 1021 ut

1139 1045 1178 1074 14
1197 1032 1373 1062 cuicuimodi
1392 1040 1420 1059 es
1435 1031 1475 1059 T.
1490 1028 1574 1058 Rosci
1599 1027 1623 1056 C
1645 1027 1677 1055 H
1701 1030 1761 1066 qui-

1237 1075 1348 1111 quimodi
1361 1083 1385 1100 es
1399 1071 1430 1098 T.
1447 1072 1520 1106 Rusti
1536 1070 1553 1097 S
1570 1082 1592 1104 χ
1605 1069 1762 1106 quiquimodi

1237 1116 1270 1151 est
1284 1112 1358 1147 qubi
1371 1112 1399 1139 T
1412 1122 1487 1148 quum
1500 1109 1617 1148 (jusmodi
1630 1110 1663 1146 est
1675 1107 1762 1143 Rqscii

1239 1154 1266 1187 ψ
1281 1153 1403 1190 quicquid
1413 1153 1480 1178 modi
1493 1152 1527 1187 est
1542 1149 1616 1184 Rosci

1144 1195 1178 1224 18
1200 1193 1282 1221 Tene
1297 1202 1360 1220 cum
1378 1192 1402 1219 C
1418 1191 1444 1227 ψ
1466 1189 1541 1218 Tenes
1561 1191 1623 1227 quin
1637 1188 1668 1217 H
1684 1184 1762 1216 Tenes

1240 1236 1305 1261 enim
1319 1235 1381 1270 quin

1143 1284 1182 1304 20
1204 1273 1256 1302 tibi
1272 1287 1293 1308 χ
1306 1275 1333 1300 ἄ,

1143 1324 1182 1350 24
1205 1313 1321 1341 Mallius
1336 1310 1361 1338 C
1376 1310 1406 1338 H
1423 1309 1440 1336 S
1455 1323 1477 1346 χ
1489 1308 1610 1338 Manlius·

1144 1354 1182 1383 26
1204 1352 1280 1390 quod
1295 1365 1316 1387 z
1331 1352 1377 1388 qui

1143 1403 1180 1429 27
1201 1393 1302 1420 inieras
1317 1405 1337 1426 χ
1350 1393 1447 1418 inierat

1145 1435 1181 1461 28
1203 1433 1263 1460 ullo
1277 1445 1298 1466 χ
1311 1432 1331 1458 d

1146 1482 1183 1509 29
1206 1470 1324 1499 Mallius
1339 1470 1370 1497 H
1387 1467 1507 1495 Manlius

1148 1520 1185 1550 30
1207 1509 1298 1548 quaeso
1316 1510 1331 1536 S
1348 1509 1376 1536 T
1394 1521 1425 1543 χ,
1441 1506 1468 1540 ψ
1482 1505 1558 1544 quast

1167 1561 1187 1588 4
1207 1549 1321 1578 lucebat
1337 1546 1363 1582 ψ
1378 1546 1514 1584 lucescebat

1172 1601 1185 1629 ς
1209 1590 1255 1617 hic
1269 1603 1291 1624 χ
1305 1589 1324 1616 d

1152 1639 1188 1659 10
1210 1630 1297 1657 scelus
1312 1641 1333 1663 χ
1344 1629 1372 1655 d.

1153 1680 1187 1698 12
1211 1667 1314 1697 audisse
1329 1668 1353 1695 C
1369 1666 1396 1700 ψ
1409 1665 1511 1701 audtffit

1154 1720 1186 1747 13
1211 1717 1288 1737 tanta
1300 1721 1322 1743 χ
1340 1713 1440 1734 tantum

1154 1759 1191 1786 ²4
1212 1749 1257 1776 sua
1272 1762 1293 1783 χ
1306 1746 1356 1774 Ala

1155 1800 1191 1827 ¹9
1212 1788 1342 1816 miserum
1357 1800 1378 1821 χ
1391 1786 1418 1813 d.

1154 1838 1192 1866 24
1213 1837 1274 1856 orat
1289 1828 1314 1855 C
1328 1841 1350 1862 χ
1362 1833 1419 1853 erat

1157 1878 1192 1905 27
1214 1868 1267 1895 esso
1280 1881 1302 1903 χ
1314 1869 1340 1895 d.

1157 1919 1194 1947 30
1215 1907 1336 1935 infames
1352 1906 1376 1934 C
1393 1904 1410 1932 S
1425 1904 1455 1931 T
1470 1916 1491 1938 χ
1504 1902 1630 1940 infamius

1158 1957 1190 1987 3¹
1216 1946 1407 1976 lemniscatam
1443 1944 1467 1971 C
1506 1941 1722 1977 lemniscatamque
1756 1938 1773 1966 S

1258 1987 1346 2015 lemnis
1370 1992 1446 2022 caput
1468 1982 1495 2017 ψ
1517 1982 1688 2017 lemniscatam
1709 1988 1776 2014 ταιῆς

1158 2083 1198 2091 ·—
1219 2038 1362 2095 desqeuraa'tnur
1376 2063 1406 2091 H
1423 2063 1440 2089 S
1456 2060 1484 2095 ψ
1497 2062 1597 2098 deferat

1163 2118 1199 2146 32
1222 2105 1342 2135 heminis
1357 2118 1378 2139 χ
1391 2105 1501 2131 homines

1163 2158 1197 2185 33
1221 2156 1305 2184 quem
1320 2158 1341 2180 7:
1354 2154 1412 2181 quae

1164 2197 1204 2225 34
1225 2186 1276 2214 Lx
1297 2186 1326 2212 T
1346 2184 1397 2212 XL

1162 2242 1203 2250 -—
1223 2225 1356 2263 dejecerit
1369 2238 1390 2258 χ
1404 2222 1533 2261 trajecerit

1163 2282 1204 2291 -
1226 2258 1612 2304 QaeCHsTxani

1168 2317 1203 2347 35
1225 2307 1301 2335 enim
1315 2304 1342 2341 ψ
1356 2313 1411 2332 cum
