2201 2792
528 215 607 252 412
955 201 1046 242 IN
1122 201 1504 242 VERREM

527 300 674 347 haberi,
697 301 765 354 qui
785 301 985 340 fimulacra
1004 302 1180 341 Deorum
1203 301 1417 341 sustuliffet.
1440 301 1572 340 Etiam
1588 298 1810 340 mehercule
1824 299 1924 339 illud

527 368 569 406 in
601 368 837 420 Syracusanis
873 368 1013 406 merito
1048 367 1398 421 reprehenderetur,
1441 368 1482 413 fi,
1524 381 1618 407 cum
1648 367 1753 406 diem
1783 366 1925 406 festum

527 435 712 474 ludorum
732 435 778 473 de
794 434 896 473 fastis
913 435 988 473 suis
1008 433 1235 473 sustulissent
1250 435 1564 480 celeberrimum,
1580 444 1619 474 et
1633 434 1923 480 sanetiffimum,

528 504 635 556 quod
655 517 701 541 eo
720 503 800 556 ipso
820 502 882 540 die
903 502 1090 555 Syracusae
1110 516 1131 541 a
1147 502 1337 541 Marcello
1357 511 1477 556 captae
1495 502 1566 541 effe
1587 503 1783 549 dicuntur,
1804 503 1926 541 iidem

528 570 634 608 diem
654 569 796 608 festum
815 570 945 608 Verris
966 570 1127 609 nomine
1146 580 1301 623 agerent
1316 589 1328 615 ς
1360 583 1454 608 cum
1479 569 1547 608 iste
1567 569 1819 622 Syracusanis,
1841 583 1927 622 quae

529 635 596 674 ille
627 634 867 674 calamitosus
904 636 983 674 dies
1022 635 1235 689 reliquerit,
1266 635 1473 675 ademisset.
1505 636 1562 674 At
1593 635 1721 674 videte
1752 634 1926 675 hominis

528 702 831 755 impudentiam,
853 710 967 755 atque
987 702 1255 755 arrogantiam,
1270 702 1440 754 Judices,
1460 702 1529 755 qui
1548 715 1627 740 non
1648 701 1773 740 solum
1785 702 1928 740 Verrea

528 766 612 806 haec
632 768 772 821 turpia,
803 781 846 805 ac
877 768 1040 806 ridicula
1060 781 1106 806 ex
1128 768 1301 806 Heraclii
1321 768 1483 821 pecunia
1513 767 1766 813 constituerit,
1792 780 1926 806 verum

529 833 648 871 etiam
668 833 879 871 Marcellea
899 833 985 872 tolli
1005 834 1216 886 imperarit,
1248 842 1291 872 ut
1319 834 1354 872 ei
1385 833 1483 871 sacra
1501 832 1672 871 facerent
1702 833 1925 885 quotannis,

529 901 639 952 cujus
660 899 774 952 opera
795 900 975 938 omnium
994 913 1184 939 annorum
1204 900 1317 945 sacra,
1339 900 1520 953 Deosque
1540 899 1681 953 patrios
1697 898 1897 938 amiserant
1912 918 1926 945 5

529 968 610 1019 ejus
628 975 757 1005 autern
778 966 936 1005 familiae
956 967 1035 1005 dies
1055 967 1167 1007 festos
1189 968 1380 1015 tollerent,
1415 981 1482 1022 per
1502 981 1622 1021 quam
1641 976 1794 1008 caeteros
1826 979 1927 1020 quo—

530 1046 605 1084 que
625 1032 738 1072 festos
759 1033 839 1072 dies
857 1042 1135 1087 recuperarant.
