2201 2792
595 188 1031 228 ACT10N18.11.
1092 190 1304 230 LIBER
1341 193 1393 231 ΙΙ.
1623 208 1698 247 209

349 287 459 340 Qid
474 300 544 339 ego
563 285 629 325 hic
649 301 754 326 nunc
772 289 856 327 Sex.
876 288 1055 341 Pompeii
1076 287 1216 327 Chlori
1238 289 1503 327 testimonium
1526 292 1699 336 recitem,

292 354 362 405 qui
381 353 532 391 causam
551 353 631 406 egit
651 354 793 392 Dionis
811 355 824 390 ?
856 354 924 406 qui
945 355 1128 392 omnibus
1151 355 1260 392 rebus
1288 354 1464 393 interfuit
1483 355 1496 392 ἓ
1529 355 1700 394 hominis

290 417 558 464 honestiffimi,
594 420 744 458 tametsi
778 420 873 458 civis
895 421 1095 459 Romanus
1127 420 1281 458 virtutis
1313 419 1424 458 caus-3.
1451 421 1604 472 jamdiu
1635 422 1700 465 est,

290 491 420 521 tamen
441 484 622 523 omnium
644 484 864 523 Siculorum
884 486 1003 538 primi
1024 499 1066 524 ac
1087 484 1328 524 nobiliffimi.
1372 485 1482 538 Qid
1510 485 1625 538 ipsius
1648 488 1714 538 Q

291 548 444 588 Caecilii
465 550 621 595 Dionis,
642 549 816 589 hominis
838 551 1106 604 probatiffimi,
1132 564 1175 588 ac
1195 551 1490 604 pudentissimi?
1568 552 1631 588 uid
1654 553 1699 589 L.

293 613 475 655 Vetecilii
496 616 668 668 Liguris,
690 617 743 655 T.
767 617 925 662 Manlii,
960 618 1008 656 L.
1033 617 1168 655 Caleni
1187 617 1200 653 ?
1233 630 1403 669 quorum
1425 617 1607 656 omnium
1630 617 1702 655 tes-

292 679 470 720 timoniis
491 680 537 720 de
555 680 628 720 hac
646 682 786 720 Dionis
808 684 971 735 pecunia
990 683 1266 722 confirmatum
1288 682 1355 721 est.
1371 683 1485 720 Dixit
1504 681 1579 721 hoc
1600 683 1704 720 idem

292 745 357 785 M.
381 746 587 792 Lucullus,
619 747 655 786 se
674 748 721 786 de
740 747 802 786 his
823 750 965 787 Dionis
997 750 1260 788 incommodis
1287 763 1356 803 pro
1386 747 1568 802 hospitio,
1600 749 1705 801 quod

291 811 364 851 fibi
383 826 477 852 cum
497 827 543 853 eo
562 813 664 859 esset,
689 815 774 867 jam
795 825 882 854 ante
902 815 1094 868 cognoffe.
1127 815 1236 867 Qid
1254 816 1266 852 ?
1298 815 1504 859 Lucullus,
1531 816 1599 867 qui
1619 824 1705 853 tum

290 877 336 917 in
356 878 590 919 Macedonia
608 879 699 926 fuit,
721 881 861 920 melius
882 880 964 920 haec
984 883 1180 934 cognovit,
1197 894 1316 934 quam
1338 890 1394 925 tu,
1420 881 1618 925 Hortensi,
1638 881 1707 933 qui

294 943 436 984 Romae
464 944 602 985 fuisti?
634 946 681 986 ad
717 961 836 999 quem
857 949 938 986 Dio
963 947 1175 1001 confugit?
1207 948 1278 1000 qui
1308 947 1355 985 de
1387 947 1528 986 Dionis
1556 947 1705 999 injuriis

290 1010 511 1063 graviffime
528 1025 595 1064 per
612 1012 741 1051 literas
760 1027 854 1052 cum
871 1015 992 1052 Verre
1012 1014 1165 1066 questus
1186 1015 1253 1052 es?
1278 1013 1390 1052 Nova
1410 1013 1482 1051 tibi
1502 1012 1583 1052 haec
1604 1013 1705 1058 sunt,

292 1085 335 1114 et
354 1076 580 1129 inopinata?
612 1091 718 1116 nunc
737 1079 913 1131 primum
943 1078 1020 1117 hoc
1051 1093 1157 1118 aures
1191 1089 1264 1117 tuae
1295 1080 1444 1117 crimen
1476 1079 1705 1132 accipiunt?

294 1142 398 1181 nihil
427 1157 474 1181 ex
494 1143 639 1189 Dione,
660 1144 762 1182 nihil
793 1159 840 1183 ex
860 1145 970 1184 socru
996 1155 1075 1191 tua,
1111 1144 1275 1184 foemina
1306 1145 1499 1198 primaria,
1536 1145 1707 1190 Servilia,

293 1218 421 1248 vetere
440 1209 582 1248 Dionis
603 1208 768 1264 hospita,
800 1211 936 1249 audisti
955 1213 967 1248 ?
999 1212 1146 1250 Nonne
1166 1212 1290 1249 multa
1310 1212 1389 1250 mei
1409 1212 1532 1256 testes,
1561 1226 1645 1264 quae
1667 1221 1710 1250 tu

295 1275 383 1321 scis,
403 1275 608 1315 nesciunt?
639 1289 769 1315 nonne
792 1285 831 1315 te
850 1275 953 1315 mihi
973 1277 1108 1315 testem
1129 1276 1171 1314 in
1191 1275 1266 1314 hoc
1286 1277 1451 1314 crimine
1470 1278 1611 1329 eripuit
1632 1291 1710 1316 non

294 1342 403 1381 istius
423 1343 659 1388 innocentia,
681 1343 744 1381 sed
765 1343 860 1397 legis
880 1344 1088 1398 exceptio?
1110 1345 1421 1383 TESTIMONIA
1443 1344 1507 1382 M.
1528 1344 1709 1382 Lucur-

252 1414 255 1417 '
300 1422 362 1454 LI,
385 1410 580 1455 Cnrom,
604 1410 788 1448 Dmms.

355 1476 425 1514 IX.
466 1476 609 1514 Satisne
629 1476 737 1514 vobis
764 1489 948 1529 magnam
978 1477 1185 1530 pecuniam
1206 1476 1393 1514 Venerius
1425 1474 1561 1520 homo,
1593 1476 1662 1528 qui
1692 1489 1713 1515 e

298 1541 530 1581 Chelidonis
561 1542 644 1580 finu
675 1542 715 1580 in
746 1543 988 1596 provinciam
1017 1541 1211 1596 profecitus
1232 1541 1336 1587 effet,
1358 1542 1520 1580 Veneris
1552 1543 1713 1580 nomine

294 1608 466 1660 quaefiffe
485 1608 663 1647 videtur?
694 1609 877 1661 Accipite
910 1609 1026 1647 aliam
1053 1609 1095 1647 in
1128 1609 1280 1646 minore
1298 1609 1463 1661 pecunia
1483 1621 1561 1646 non
1582 1608 1711 1647 minus

300 1674 572 1727 impudentem
594 1674 848 1712 calumniam.
871 1673 1050 1726 Sofippus
1069 1683 1108 1712 et
1124 1674 1338 1726 Epicrates,
1353 1673 1487 1712 fratres
1502 1673 1587 1711 sunt
1600 1676 1712 1726 Agy-

299 1739 479 1779 rinenses.
513 1740 672 1778 Horum
693 1747 799 1791 pater
818 1737 961 1776 abhinc
982 1739 1060 1777 duo
1079 1748 1117 1777 et
1136 1752 1189 1777 xx
1208 1751 1328 1776 annos
1349 1739 1402 1777 est
1432 1747 1610 1776 mortuus
1629 1753 1638 1777 :
1672 1739 1713 1777 in

299 1808 412 1859 cujus
433 1806 674 1851 testamento,
696 1806 866 1858 quodam
898 1805 999 1851 loco,
1031 1805 1057 1844 fi
1076 1803 1328 1844 commissum
1349 1805 1443 1857 quid
1463 1804 1567 1850 effet,
1590 1805 1713 1842 multa

301 1883 380 1913 erat
400 1872 555 1911 Veneri.
588 1871 676 1924 Ipso
697 1885 749 1910 xx
769 1885 883 1917 anno,
915 1885 1008 1910 cum
1031 1881 1088 1911 tot
1108 1872 1251 1909 interea
1272 1872 1469 1917 Praetores,
1503 1879 1560 1909 tot
1576 1870 1713 1922 Qaes-

300 1949 416 1985 tores,
449 1947 509 1977 tot
527 1937 824 1976 calumniatores
859 1938 899 1976 in
920 1937 1119 1991 provincia
1150 1936 1318 1982 fuissent,
1346 1935 1544 1975 haereditas
1575 1937 1621 1975 ab
1651 1934 1712 1974 his

302 2005 466 2044 Veneris
486 2005 646 2043 nomine
665 2005 784 2058 petita
804 2018 882 2043 non
903 2004 969 2042 est.
1000 2004 1165 2042 Causam
1186 2003 1322 2042 Verres
1344 2002 1555 2056 cognoscit.
1587 2003 1713 2041 Pecu-

303 2072 409 2110 niam
429 2085 496 2124 per
513 2071 739 2109 Volcatium
760 2072 915 2124 accipit,
937 2070 1016 2109 fere
1035 2071 1080 2109 ad
1103 2070 1193 2109 H-S
1219 2082 1332 2108 cccc
1355 2070 1480 2108 millia
1495 2070 1542 2108 ab
1563 2069 1714 2108 duobus

303 2137 500 2175 fratribus.
532 2136 759 2175 Multorum
780 2137 996 2175 testimonia
1017 2136 1171 2175 audistis
1203 2145 1324 2175 antea,
1357 2135 1550 2175 Vicerunt
1569 2135 1714 2188 Agyri-

304 2203 437 2243 nenses
458 2203 606 2248 fratres,
627 2203 694 2249 ita,
717 2213 759 2241 ut
778 2212 932 2257 egentes
953 2204 1158 2257 inanesque
1178 2203 1427 2242 discederent.

359 2272 412 2309 X.
444 2272 500 2309 At
529 2271 636 2308 enim
667 2270 713 2308 ad
734 2271 896 2308 Verrem
926 2272 1091 2324 pecunia
1117 2270 1185 2309 ista
1210 2284 1289 2309 non
1318 2270 1505 2324 pervenit.
1538 2269 1637 2318 Qae
1662 2266 1714 2304 est

304 2337 371 2375 ista
392 2336 587 2375 defensio?
619 2347 751 2376 utrum
773 2337 994 2376 afi'everatur
1014 2338 1053 2375 in
1074 2337 1164 2382 hoc,
1185 2350 1232 2375 an
1254 2346 1422 2374 tentatur
1440 2337 1453 2372 ?
1485 2332 1586 2371 mihi
1608 2332 1714 2369 enim

305 2417 404 2441 nova
423 2418 480 2442 res
500 2404 566 2442 est.
599 2405 736 2443 Verres
757 2405 1053 2443 calumniatores
1074 2404 1315 2458 apponebat:
1351 2402 1487 2438 Verres
1515 2398 1714 2450 adeffeju-

308 2468 447 2507 bebat:
471 2470 609 2508 Verres
629 2471 912 2525 cognoscebat:
946 2472 1081 2511 Verres
1097 2468 1319 2523 judicabat:
1343 2466 1515 2519 pecuniae
1535 2465 1714 2504 maximat

391 2536 464 2573 To
481 2549 531 2575 M.
566 2536 636 2574 IV.
1330 2533 1367 2571 D
1389 2532 1414 2570 d
