2201 2792
673 150 841 191 PRO
900 150 946 188 P.
1007 148 1443 200 QUINTIO.
1724 166 1772 205 37

351 259 471 310 Ergo,
506 253 546 292 id
567 261 609 291 ut
639 251 837 296 confitear,
868 250 1063 305 postulas,
1096 259 1153 295 ut,
1176 249 1281 302 quod
1302 262 1505 301 nunquam
1533 247 1679 286 fastum
1701 252 1771 288 elle

345 322 497 376 judicio
518 318 780 365 defendimus,
813 318 868 364 id,
902 317 1062 371 perinde
1093 317 1198 370 quasi
1219 315 1368 354 fastum
1389 316 1448 361 sit,
1477 315 1604 354 nostro
1619 316 1773 367 judicio

350 389 644 429 confirmemus.

405 455 576 495 Inveniri
609 454 720 500 ratio,
752 454 800 492 C.
824 452 978 506 Aquili,
1013 465 1093 490 non
1127 451 1265 504 potest,
1303 460 1348 489 ut
1382 451 1427 488 ad
1462 450 1574 488 suum
1610 449 1773 502 quisque

349 537 469 578 quam
501 523 677 576 primum
709 521 787 560 fine
818 520 1050 573 cujusquam
1081 519 1280 564 dedecore,
1314 517 1490 563 infamia,
1525 518 1773 570 pernicieque

349 589 577 644 perveniat?
610 587 803 632 Profeeco,
834 587 861 625 fi
883 586 979 640 quid
1000 586 1214 630 deberetur,
1252 593 1397 638 peteret
1412 603 1424 630 3
1457 598 1536 623 non
1558 584 1689 621 omnia
1703 584 1773 635 ju-

350 657 451 696 dicia
470 656 553 696 fieri
574 655 723 701 mallet,
758 667 880 707 quam
901 667 1026 691 unum
1056 652 1172 698 illud,
1203 652 1305 690 unde
1335 650 1418 690 haec
1454 651 1587 689 omnia
1606 650 1772 688 nascun-

351 733 428 762 tur.
475 724 557 778 Qi
578 723 677 760 inter
697 730 756 760 tot
776 734 896 759 annos
927 734 975 759 ne
995 720 1198 773 appellarit
1230 718 1391 772 quidem
1415 718 1646 770 Qintium,
1680 731 1774 754 cum

349 790 511 844 potestas
532 789 623 828 effet
643 789 782 842 agendi
813 788 989 841 quotidie
1005 806 1018 833 ;
1050 787 1134 841 qui,
1168 800 1248 839 quo
1269 795 1444 839 tempore
1475 786 1650 838 primuni
1673 785 1774 822 male

350 871 459 911 agere
478 857 613 911 coepit,
635 856 676 894 in
696 856 930 895 vadimoniis
951 854 1174 894 differendis
1196 863 1353 906 ternpus
1380 866 1498 892 omne
1522 850 1773 904 consumpse-

351 925 402 963 rit
414 944 426 970 3
455 925 538 977 qui,
560 924 808 977 posteaquam
830 923 1100 962 vadimonium
1123 934 1280 975 quoque
1300 920 1457 959 missum
1478 918 1629 964 fecerit,
1666 918 1774 956 hunc.

352 1004 420 1043 per
439 990 591 1029 infidias
611 990 650 1028 vi
671 990 718 1027 de
738 1003 828 1042 agro
848 990 1054 1028 communi
1074 989 1278 1041 dejecerit;
1312 987 1395 1039 qui,
1417 1001 1509 1024 cum
1532 986 1578 1024 de
1599 999 1638 1023 re
1657 999 1774 1038 agen-

353 1058 408 1103 di,
430 1057 541 1096 nullo
561 1056 770 1100 recusante,
793 1056 956 1108 potestas
978 1055 1120 1099 fuiffet,
1149 1056 1393 1107 sponsionem
1414 1055 1461 1092 de
1480 1054 1623 1106 probro
1651 1052 1774 1090 facere

352 1124 563 1167 maluerit3
597 1123 680 1174 qui,
713 1135 807 1159 cum
828 1131 1028 1159 revocetur
1047 1121 1093 1158 ad
1125 1121 1165 1159 id
1191 1120 1404 1172 judicium,
1438 1120 1540 1157 unde
1571 1119 1653 1157 haec
1689 1128 1776 1156 nata

353 1190 440 1228 sunt
460 1189 604 1233 omnia,
627 1187 894 1225 conditionem
915 1187 1169 1239 aequiffimam
1191 1187 1366 1238 repudiet
1384 1204 1395 1231 ;
1428 1186 1606 1230 fateatur,
1639 1186 1673 1223 se
1694 1200 1774 1223 non

351 1257 575 1311 pecuniam,
597 1255 660 1294 sed
679 1255 802 1293 vitam
823 1263 861 1293 et
880 1254 1120 1307 sanguinem,
1138 1263 1291 1306 petere,
1315 1254 1345 1291 is
1367 1266 1446 1291 non
1467 1252 1542 1290 hoc
1564 1253 1691 1305 palam
1713 1253 1774 1290 di-

353 1324 436 1363 cit?
468 1322 579 1362 Mihi
612 1322 639 1360 fi
672 1321 767 1374 quid
799 1321 1016 1366 deberetur,
1048 1330 1236 1374 peterem,
1267 1329 1383 1373 atque
1417 1321 1508 1358 adeo
1537 1319 1776 1372 jampridem

352 1389 619 1430 abstuliffem:
652 1388 753 1427 nihil
774 1387 850 1427 hoc
883 1397 989 1426 tanto
1011 1388 1182 1441 negotio,
1215 1386 1316 1426 nihil
1348 1396 1428 1425 tam
1462 1386 1776 1438 invidiosojudi-

354 1458 430 1503 cio,
465 1456 566 1496 nihil
602 1466 681 1494 tam
716 1455 869 1509 copiosa
903 1456 1154 1493 advocatione
1175 1464 1313 1500 uterer,
1346 1455 1372 1493 si
1407 1455 1621 1507 petendum
1657 1453 1744 1491 effet
1764 1469 1773 1491 :

353 1524 668 1578 extorquendum
687 1523 739 1561 est
760 1523 898 1568 invito,
935 1532 1050 1575 atque
1071 1523 1260 1575 ingratiiS,
1298 1522 1404 1575 quod
1425 1536 1502 1560 non
1524 1521 1665 1566 debet3
1698 1522 1775 1559 eri-

353 1592 556 1645 piendum,
575 1600 690 1643 atque
706 1589 1010 1642 exprimendum
1026 1589 1078 1627 est
1095 1604 1102 1628 :
1126 1589 1174 1627 de
1194 1588 1361 1628 fortunis
1378 1589 1562 1627 omnibus
1581 1589 1624 1626 P.
1642 1588 1776 1640 Qin-

354 1659 431 1696 tius
453 1657 713 1695 deturbandus
735 1656 787 1694 est
805 1671 814 1694 ;
852 1666 1042 1708 potenteS,
1074 1656 1216 1701 diserti,
1238 1656 1390 1694 nobiles
1410 1669 1545 1694 omnes
1566 1654 1778 1693 advocandi

355 1724 469 1763 sunt:
502 1723 720 1762 adhibenda
750 1723 807 1760 vis
839 1722 892 1760 est
923 1723 1101 1760 veritati:
1135 1724 1250 1760 minae
1266 1724 1487 1774 jactentur:
1521 1721 1692 1773 pericula
1712 1721 1776 1757 in-

355 1792 586 1830 tendantur:
618 1789 848 1828 formidines
870 1799 1130 1843 opponantur,
1156 1798 1200 1827 ut
1220 1789 1266 1826 iis
1288 1788 1402 1826 rebus
1423 1787 1631 1840 aliquando
1651 1788 1775 1825 vietus

355 1867 392 1897 et
412 1859 637 1912 perterritus
660 1856 738 1910 ipse
758 1856 881 1895 cedat.
926 1856 1024 1907 Qae
1044 1854 1268 1894 mehercule
1288 1856 1434 1900 omnia,
1457 1868 1565 1899 cum,
1589 1853 1657 1906 qui
1678 1867 1775 1892 con-

354 1935 411 1965 tra
442 1934 633 1979 pugnent,
666 1924 791 1968 video,
823 1932 861 1962 et
895 1936 988 1961 cum
1024 1923 1141 1961 illum
1162 1921 1377 1961 conseffum
1412 1921 1624 1966 considero,
1657 1919 1776 1958 adeffe

354 2002 471 2044 atque
501 1991 727 2045 impendere
758 1990 952 2035 videntur,
985 2003 1110 2042 neque
1140 1989 1252 2028 vitari
1274 1989 1355 2027 ullo
1376 1988 1495 2027 modo
1515 1987 1629 2041 poffe.
1670 1987 1776 2025 Cum

357 2069 488 2097 autem
508 2059 555 2096 ad
576 2067 627 2103 te,
661 2058 709 2096 C.
733 2056 888 2110 Aquili,
922 2055 1056 2094 oculos
1078 2056 1334 2108 animumque
1355 2054 1470 2093 retuli
1488 2072 1498 2099 3
1532 2068 1610 2106 quo
1631 2054 1777 2105 majore

355 2134 497 2164 conatu
517 2125 721 2176 studioque
742 2132 923 2176 aguntur,
955 2136 999 2161 eo
1019 2123 1175 2168 leviora,
1197 2121 1490 2174 infirmioraque
1510 2120 1703 2159 existimo.

411 2190 528 2230 Nihil
561 2191 681 2244 igitur
703 2189 852 2234 debuit,
885 2198 928 2227 ut
955 2198 998 2227 tu
1028 2189 1105 2242 ipse
1135 2188 1331 2241 praedicas.
1367 2188 1476 2240 Qid
1497 2188 1523 2225 fi
1556 2185 1772 2224 debuisset?

356 2259 594 2296 continuone
615 2256 724 2295 causa
743 2255 886 2301 fuisset,
922 2269 992 2293 cur
1024 2269 1043 2293 a
1065 2256 1228 2294 Praetore
1249 2254 1469 2308 postulares,
1504 2262 1545 2291 ut
1566 2253 1665 2290 bona
1686 2252 1774 2303 pos-

356 2325 491 2363 fideres
511 2326 523 2362 ?
556 2324 651 2363 Non
681 2324 819 2376 opinor
854 2323 894 2360 id
915 2323 1076 2375 quidem
1097 2336 1222 2375 neque
1237 2323 1301 2375 jus
1322 2321 1407 2367 effe,
1445 2334 1569 2372 neque
1590 2319 1775 2369 cuiquam

357 2391 548 2443 expedire.
583 2391 693 2443 Qid
714 2390 834 2443 igitur
853 2389 1116 2428 demonstrat?
1148 2389 1430 2427 Vadimonium
1453 2386 1521 2424 sibi
1543 2385 1595 2421 ait
1615 2384 1684 2422 effe
1707 2385 1774 2422 de·-

360 2456 517 2496 sertum.

419 2523 510 2562 XV.
551 2525 778 2576 Antequam
811 2523 942 2567 doceo,
980 2523 1019 2560 id
1040 2521 1188 2560 factum
1222 2534 1300 2558 non
1323 2518 1406 2564 esse,
1441 2518 1536 2556 libet
1572 2516 1686 2562 mihi,
1725 2518 1775 2555 (Σ,
