2201 2792
433 147 508 183 124
822 133 895 172 IN
954 135 1022 186 Q
1069 133 1442 173 CAECILIUM

444 231 567 276 sellem,
584 232 628 283 st
643 232 738 284 fieri
760 232 939 286 potugffi’t,
961 232 1135 287 Judices;
1168 243 1233 272 aut
1267 234 1413 286 aliquid
1445 231 1631 285 ejusmodi
1663 231 1830 270 ediscere

360 335 371 343 ,
424 299 606 351 potueris,
641 299 817 352 praeclare
847 309 883 338 te
901 309 1078 352 paratum
1097 301 1138 339 in
1163 301 1359 352 judicium
1391 310 1597 339 venturum
1616 299 1826 338 arbitraris.

424 368 499 409 Ac,
520 365 546 403 fi
566 365 638 403 tibi
660 379 774 403 nemo
804 366 1045 419 responsurus
1066 366 1167 412 esset,
1196 377 1324 405 tamen
1356 367 1476 420 ipsam
1495 366 1660 411 causam,
1692 375 1735 404 ut
1755 378 1829 418 ego

425 432 600 477 arbitror,
635 432 889 470 demonstrare
910 447 986 471 non
1009 433 1143 486 pofl‘es.
1189 431 1308 471 Nunc
1329 447 1376 472 ne
1406 433 1504 471 illud
1524 433 1684 486 quidem
1714 432 1826 485 cogi-

423 507 492 543 τας,
524 498 597 536 tibi
629 512 723 537 cum
753 498 914 537 homine
934 500 1190 545 disertiffimo,
1220 510 1258 538 et
1278 501 1323 538 ad
1350 500 1558 538 dicendum
1579 498 1826 552 paratiflimo,

420 563 599 602 futurum
621 564 693 602 efi'e
712 574 904 603 certamen
922 584 934 611 3
966 566 1129 618 quicum
1147 566 1265 604 modo
1285 566 1557 610 differendum,
1577 565 1696 603 modo
1715 563 1826 602 omni

421 631 567 669 ratione
586 632 857 684 pugnandum,
877 633 1180 686 certandumque
1200 633 1272 671 fit?
1306 634 1428 685 Cujus
1450 645 1522 685 ego
1541 631 1745 684 ingenium
1772 629 1829 667 ita

421 696 550 742 laudo,
573 706 616 735 ut
636 710 715 735 non
734 698 1027 750 pertimescam;
1059 699 1112 737 ita
1131 699 1269 752 probo,
1290 707 1333 737 ut
1353 712 1417 737 me
1436 698 1486 737 ab
1502 711 1548 737 eo
1568 696 1747 736 delectari
1764 693 1827 733 fa-

420 762 548 808 cilius,
570 777 688 815 quam
707 763 849 817 decipi,
868 774 1003 817 putem
1024 764 1139 818 poffe.

449 829 560 867 XIV.
580 830 798 882 Nunquam
818 831 884 868 ille
905 845 968 869 me
988 833 1183 884 opprimet
1199 831 1358 870 consilio
1373 849 1385 876 3
1409 843 1612 883 nunquam
1633 828 1715 868 ullo
1730 826 1826 866 arti-

420 893 510 932 ficio
530 904 746 947 pervertet;
778 910 979 949 nunquam
1000 898 1158 950 ingenio
1190 911 1254 936 me
1274 898 1340 936 suo
1370 896 1595 935 labefactare
1625 903 1741 947 atque
1761 893 1826 931 in-

419 959 570 999 firmare
589 962 806 1001 conabitur.
838 963 946 1001 Novi
976 976 1110 1002 omnes
1131 963 1304 1001 hominis
1334 964 1556 1015 petitiones,
1585 958 1828 1011 rationesque

418 1027 571 1066 dicendi
590 1043 599 1066 :
631 1028 726 1081 saepe
746 1029 786 1066 in
807 1029 954 1074 iisdem,
982 1029 1078 1081 saepe
1103 1030 1143 1066 in
1163 1030 1362 1067 contrariis
1384 1028 1500 1067 caufis
1520 1027 1655 1066 versati
1675 1026 1825 1064 sumus.

418 1093 476 1130 Ita
495 1103 629 1131 contra
659 1107 722 1131 me
753 1094 819 1131 ille
839 1095 956 1140 dicet,
989 1095 1166 1147 quamvis
1187 1095 1231 1134 fit
1250 1094 1486 1148 ingeniosus,
1517 1103 1562 1133 ut
1588 1091 1827 1132 nonnullum

416 1159 533 1198 etiam
553 1159 600 1197 de
620 1159 687 1198 suo
707 1160 865 1212 ingenio
879 1161 1077 1212 judicium
1096 1161 1177 1198 fieri
1203 1161 1421 1199 arbitretur.
1462 1162 1523 1198 Te
1549 1172 1651 1204 vero,
1674 1157 1826 1201 Caecili,

417 1226 748 1278 quemadmodum
769 1226 814 1263 s1t
833 1226 1020 1271 elusurus,
1037 1240 1159 1278 quam
1175 1227 1285 1265 omni
1305 1226 1450 1265 ratione
1459 1227 1683 1279 jactaturus,
1697 1223 1827 1262 videre

410 1293 493 1343 jam
525 1291 681 1329 videor:
713 1291 865 1343 quoties
900 1292 966 1330 ille
998 1292 1071 1331 tibi
1103 1293 1327 1345 potestatem
1356 1293 1635 1345 optionemque
1654 1289 1826 1328 facturus

417 1357 473 1401 fit,
498 1365 539 1394 ut
561 1356 677 1408 eligas
700 1365 833 1394 utrum
853 1357 962 1402 veliis,
984 1356 1129 1396 factum
1151 1358 1237 1403 effe,
1254 1371 1374 1396 necne
1390 1376 1401 1403 3
1424 1371 1559 1396 verum
1579 1356 1664 1401 effe,
1681 1369 1728 1393 an
1747 1353 1825 1391 fal-

416 1424 500 1461 sum
520 1437 528 1461 z
563 1433 694 1461 utrum
717 1423 872 1469 dixeris,
894 1424 933 1463 id
955 1434 1087 1463 contra
1107 1435 1143 1463 te
1164 1425 1358 1463 futurum.
1403 1425 1485 1475 Qi
1504 1423 1578 1461 tibi
1610 1421 1732 1466 aestus,
1754 1419 1826 1473 qui

415 1504 530 1534 error,
546 1503 630 1542 quae
645 1490 823 1534 tenebrae,
839 1491 908 1528 Dii
924 1490 1178 1535 immortales,
1195 1498 1322 1535 erunt,
1340 1488 1493 1528 homini
1509 1489 1676 1527 minime
1693 1487 1822 1525 malo?

417 1555 556 1608 Qid?
587 1569 680 1593 cum
715 1555 963 1594 accusationis
996 1566 1070 1595 tuae
1100 1556 1274 1594 membra
1303 1555 1472 1594 dividere
1506 1554 1681 1607 coeperit,
1714 1560 1753 1590 et
1781 1552 1824 1589 in

414 1622 544 1674 digitis
566 1621 639 1659 suis
660 1622 824 1674 fingulas
844 1631 968 1675 partes
990 1623 1108 1661 causae
1128 1622 1386 1661 constituere?
1418 1621 1542 1673 Qid,
1560 1634 1654 1659 cum
1674 1631 1825 1657 unum-

414 1689 597 1742 quodque
628 1689 842 1741 transigere,
873 1690 1065 1742 expedire,
1096 1689 1320 1727 absolvere?
1352 1688 1436 1742 Ipse
1466 1687 1638 1742 profecto
1669 1694 1823 1725 metue-

415 1769 452 1793 re
474 1755 648 1808 incipieS,
671 1768 719 1793 ne
738 1755 938 1794 innocenti
959 1756 1179 1809 periculum
1202 1755 1402 1794 facefferis.
1441 1755 1564 1808 Qid,
1596 1767 1688 1793 curn
1708 1766 1821 1792 corn-

416 1822 598 1866 miserari,
620 1822 819 1874 conqueri,
849 1831 886 1859 et
906 1836 951 1860 ex
973 1823 1078 1860 illius
1100 1823 1245 1860 invidia
1264 1823 1466 1860 deonerare
1485 1822 1645 1873 aliquid,
1667 1829 1704 1857 et
1724 1820 1764 1856 in
1785 1827 1823 1856 te

415 1888 585 1938 trajicere
604 1887 766 1938 coeperit
784 1887 797 1922 ?
819 1900 1124 1924 commemorare
1142 1887 1349 1938 Qaestoris
1366 1900 1458 1924 cum
1476 1888 1640 1924 Praetore
1660 1883 1820 1924 neceffi-

415 1953 592 1990 tudinem
613 1951 890 1989 constitutam?
914 1965 1062 1990 morem
1085 1952 1304 2004 majorum?
1326 1951 1434 1990 sortis
1451 1951 1707 2004 religionem?
1740 1951 1818 1989 Po·-

416 2018 551 2057 terisne
571 2018 651 2069 ejus
672 2017 853 2055 orationis
875 2017 998 2056 subire
1019 2018 1204 2056 invidiam
1224 2018 1236 2054 ?
1268 2018 1368 2056 Vide
1389 2018 1533 2063 modo,
1564 2018 1682 2055 etiam
1703 2026 1822 2069 atque

415 2085 528 2122 etiam
551 2082 756 2121 considera.
789 2081 899 2121 Mihi
918 2083 1024 2121 enim
1045 2084 1195 2122 videtur
1212 2083 1432 2136 periculum
1454 2082 1549 2128 fore,
1581 2097 1627 2121 ne
1646 2083 1712 2121 ille
1739 2095 1821 2121 non

416 2150 533 2188 modo
555 2148 677 2186 verbis
709 2158 745 2186 te
780 2149 931 2195 obruat,
962 2149 1024 2187 sed
1044 2149 1149 2202 gestu
1171 2150 1265 2203 ipso,
1295 2163 1338 2188 ac
1374 2158 1486 2190 motu
1517 2150 1687 2202 corporis
1717 2163 1818 2202 prae-

414 2216 571 2269 stringat
592 2215 714 2254 aciem
735 2216 879 2268 ingenii
900 2217 971 2262 tui,
994 2225 1109 2269 teque
1129 2218 1175 2255 ab
1192 2217 1374 2256 institutis
1389 2217 1478 2262 tuis,
1495 2214 1818 2269 cogitationibus-

416 2297 489 2336 que
511 2282 688 2320 abducat.

470 2351 602 2400 Atque
621 2347 781 2400 hujusce
812 2348 863 2386 rei
892 2348 1088 2401 judicium
1114 2350 1196 2401 jam
1217 2350 1404 2387 continuo
1424 2347 1534 2387 video
1553 2347 1745 2385 futurum.
1778 2347 1818 2385 Si

415 2416 520 2454 enim
541 2415 639 2453 mihi
653 2415 767 2455 hodie
786 2415 1007 2469 respondere
1022 2417 1067 2454 ad
1086 2415 1182 2461 hrec,
1200 2430 1284 2468 quae
1304 2417 1406 2461 dico,
1424 2416 1592 2468 potueris
1606 2433 1617 2460 ;
1641 2414 1666 2452 fi
1682 2415 1729 2452 ab
1746 2413 1818 2453 isto

415 2483 529 2529 libro,
560 2494 677 2535 quem
699 2482 771 2521 tibi
793 2482 969 2536 magister
989 2483 1085 2529 ludi,
1108 2483 1233 2522 nescio
1254 2483 1335 2536 qui,
1363 2496 1409 2522 ex
1428 2481 1559 2521 alienis
1580 2482 1815 2522 orationibus
