2201 2792
577 182 1008 224 Acrrolen.
1068 183 1385 222 LIBERm.
1605 198 1682 239 325

277 285 428 340 patroni
448 285 672 339 depromere
701 284 867 329 videtur,
899 283 945 322 ad
975 296 1093 322 omne
1112 296 1233 336 genus
1255 281 1437 334 nequitiae
1457 295 1682 321 accommo-

277 353 398 391 data?
431 353 526 397 Volo,
556 352 607 390 mi
622 351 770 405 frater,
787 351 1000 403 fraterculo
1032 358 1094 389 tuo
1127 348 1263 388 credas.
1325 347 1503 386 Consorti
1524 349 1683 400 quidem

275 419 317 456 in
337 418 470 463 lucris,
501 426 617 470 atque
636 417 764 463 furtis,
795 417 954 469 gemino
973 425 1011 455 et
1042 415 1243 455 fimillimo
1275 415 1460 467 nequitia,
1490 414 1681 467 improbi-

279 493 367 529 tate,
389 484 558 522 audacia.

332 550 502 588 LXVII.
533 551 579 588 In
610 549 751 587 cohorte
769 563 877 587 carus
895 548 1078 587 habebere.
1111 546 1220 599 Qid
1248 546 1301 584 est
1328 545 1418 590 hoc,
1450 545 1487 584 in
1506 545 1647 584 cohorte
1663 546 1683 583 ἕ

277 630 357 668 quo
377 616 543 668 pertinet
562 615 574 652 ?
606 615 827 667 Apronium
849 614 963 652 doces
982 615 995 651 ?
1017 613 1142 667 quid?
1164 613 1205 650 in
1226 612 1386 650 vestram
1406 610 1622 656 cohortem,
1646 621 1683 649 te

277 682 484 726 monitore,
515 695 560 719 an
582 680 646 718 sua
665 680 812 733 sponte,
833 680 1083 732 pervenerat?
1110 678 1217 731 Qod
1226 679 1349 732 cuique
1363 687 1447 731 opus
1446 678 1517 730 stt,
1539 686 1680 731 oppone.

277 749 368 800 Qa
388 747 629 800 impudentia
648 747 792 799 putatis
812 760 903 784 eum
923 747 964 784 in
984 746 1247 785 dominatione
1267 744 1391 790 fuisse,
1421 745 1490 796 qui
1521 745 1561 782 in
1591 744 1684 797 fuga

277 823 357 852 tam
378 815 578 868 improbus
600 814 667 852 fit?
699 814 765 858 ait,
786 813 918 851 omnia
937 813 1099 866 pecunia
1119 812 1220 850 effici
1240 811 1356 865 posse.
1389 812 1471 856 Da,
1486 811 1682 864 prcfimde,

275 888 417 933 oppone,
447 880 475 918 fi
494 879 587 918 velis
608 879 772 917 vincere.
804 879 900 917 Non
920 878 996 917 hoc
1017 878 1117 917 mihi
1140 888 1217 916 tam
1240 877 1445 915 molestum
1467 877 1532 920 est,
1552 878 1682 929 Apro-

277 947 344 984 nio
382 947 533 984 suadere
553 944 864 990 Timarchidem,
903 958 1020 998 quarn
1040 945 1145 997 quod
1177 943 1253 982 hoc
1288 944 1391 981 idem
1420 952 1581 996 patrono
1615 943 1683 981 suo

276 1013 463 1065 praecipit.

336 1075 387 1116 Te
397 1077 596 1130 postulante
613 1090 726 1115 omnes
745 1076 890 1115 vincere
894 1076 1026 1130 solent.
1059 1076 1176 1113 Verre
1209 1075 1369 1128 quidem
1394 1076 1571 1118 Praetore,
1602 1087 1682 1112 non

279 1144 495 1188 Sacerdote,
525 1157 601 1181 non
623 1142 822 1187 Peducae0‚
855 1155 931 1180 non
964 1141 1039 1180 hoc
1070 1142 1149 1194 ipso
1176 1141 1355 1180 Metello.
1389 1141 1464 1179 Scis
1494 1140 1684 1178 Metellum

264 1211 465 1263 sopientem
484 1210 555 1263 essim
582 1211 672 1247 Hoc
693 1222 780 1246 vero
800 1207 889 1246 ferri
905 1209 988 1260 jam
1010 1222 1087 1246 non
1107 1208 1242 1261 potest,
1265 1208 1412 1245 irrideri
1433 1207 1503 1245 viri
1523 1207 1680 1259 optimi,
1741 1200 1745 1204 ’

279 1277 327 1313 L.
350 1275 520 1320 Metelli,
555 1275 774 1327 ingenium,
805 1283 842 1311 et
876 1275 1091 1319 contemni,
1123 1287 1165 1311 ac
1197 1273 1341 1326 despici
1370 1287 1391 1310 a
1415 1271 1584 1325 fugitivo
1604 1273 1681 1310 Ti-

278 1341 490 1380 marchide.
534 1342 577 1380 Si
607 1341 784 1379 Vulteium
815 1340 970 1385 habebis,
1002 1341 1117 1378 omnia
1135 1339 1346 1378 ludibundus
1372 1339 1539 1391 co73ficies.
1599 1339 1682 1376 Hic

269 1408 525 1448 'vehementer
555 1417 652 1446 errat
670 1406 957 1452 Timarchides,
992 1407 1060 1459 qui
1091 1416 1156 1445 aut
1177 1406 1382 1444 Vulteium
1413 1405 1574 1458 pecunia
1593 1418 1681 1443 cor-

277 1477 408 1529 rumpi
428 1485 538 1529 putet
569 1474 684 1528 poffe,
714 1484 780 1512 aut
800 1474 1013 1512 Metellum
1046 1475 1158 1512 unius
1180 1474 1363 1511 arbitratu
1391 1486 1518 1524 gerere
1537 1481 1680 1524 praetu-

277 1555 372 1580 ram.
406 1543 477 1580 Sed
507 1542 643 1579 erravit
673 1540 894 1592 conjectus-52
924 1539 1160 1577 domestica:
1193 1539 1284 1591 quia
1304 1538 1448 1576 multos
1470 1550 1536 1590 per
1562 1537 1612 1582 se,
1644 1546 1682 1575 et

278 1621 342 1659 per
363 1608 455 1645 alios
476 1607 599 1644 multa
614 1606 850 1644 ludibundos
871 1604 1074 1642 libidinose
1095 1604 1194 1656 apud
1212 1604 1374 1641 Verrem
1391 1602 1553 1640 effeciffe
1569 1602 1681 1647 vidit,

278 1674 324 1710 ad
345 1685 478 1710 omnes
499 1671 650 1710 eosdem
670 1680 797 1724 patere
813 1671 936 1708 aditus
958 1670 1224 1707 arbitrabatur.
1257 1669 1425 1707 Facilius
1449 1683 1513 1706 vos
1535 1668 1679 1705 efficie-

279 1739 374 1777 batis
396 1738 617 1782 ludibundi,
648 1751 734 1789 quae
764 1737 948 1774 volebatis
980 1750 1001 1773 a
1020 1736 1152 1780 Verre,
1184 1735 1287 1787 quod
1309 1734 1434 1772 multa
1464 1735 1545 1785 ejus
1566 1733 1679 1771 ludo-

278 1819 364 1843 rum
385 1817 522 1857 genera
542 1804 697 1842 noratis.
729 1803 954 1841 Incztlcatum
973 1802 1018 1854 cst
1037 1802 1196 1846 Metello,
1228 1810 1263 1839 et
1286 1801 1436 1844 Vulteio,
1464 1810 1498 1837 te
1517 1810 1681 1838 aratores

277 1871 448 1925 evertff.
481 1871 581 1922 Qis
604 1870 697 1908 istuc
719 1870 894 1922 Apronio
913 1869 1158 1912 attribuebat,
1190 1881 1282 1905 cum
1303 1876 1487 1905 aratorem
1509 1867 1681 1918 aliquem

278 1948 460 1976 everterat
479 1939 491 1974 ?
523 1948 587 1975 aut
608 1936 868 1980 Timarchidi,
900 1949 992 1974 cum
1015 1936 1064 1973 ob
1080 1934 1354 1987 judicandum,
1386 1943 1450 1971 aut
1471 1933 1680 1970 decernen-

280 2005 389 2048 dum,
421 2014 485 2041 aut
507 2004 776 2056 imperandum
798 2002 960 2054 aliquid,
991 2011 1055 2039 aut
1076 2000 1368 2045 remittendum,
1390 2000 1593 2052 pecuniam
1615 2012 1679 2036 ac-

280 2068 459 2121 ceperat?
492 2078 556 2105 aut
589 2068 718 2106 Sextio
753 2068 913 2112 Licstori,
946 2081 1037 2104 cum
1072 2066 1242 2118 aliquem
1277 2066 1525 2103 innocentem
1561 2064 1680 2101 securi

280 2133 535 2187 percusserat?
569 2134 715 2171 Nemo.
762 2133 913 2170 Omnes
942 2133 977 2170 ei
998 2132 1109 2170 Verri
1142 2141 1235 2169 tunc
1255 2131 1529 2176 attribuebant,
1562 2144 1679 2182 quem

279 2214 384 2238 nunc
405 2199 651 2237 condemnari
675 2198 823 2236 volunt.

335 2266 567 2304 Obluderzcnt
597 2265 668 2316 ejus
698 2279 817 2309 aures,
848 2274 882 2302 te
897 2264 1035 2316 socium
1056 2264 1237 2302 Praetoris
1240 2262 1364 2316 fuff’·
1398 2260 1574 2303 Videsne,
1603 2259 1679 2296 hoc

280 2345 395 2383 quam
417 2331 564 2369 clarum
584 2330 641 2375 fit,
673 2343 714 2368 ac
746 2328 893 2369 fuerit?
924 2342 1016 2366 cum
1048 2328 1164 2366 etiam
1185 2326 1456 2365 Timarchides
1487 2324 1562 2361 hoc
1594 2337 1678 2360 me-

281 2406 376 2440 tuat,
398 2395 594 2440 concedes,
630 2409 707 2433 non
739 2394 814 2433 hoc
846 2395 993 2432 crimen
1015 2407 1083 2432 nos
1104 2394 1144 2431 in
1177 2403 1213 2430 te
1245 2391 1474 2441 confingere,
1496 2389 1556 2425 sed
1572 2390 1678 2440 jam-

281 2462 431 2513 pridem
451 2462 497 2499 ad
516 2462 663 2499 crimen
684 2462 855 2513 aliquam
875 2460 1132 2498 defensionem
1165 2458 1348 2494 libertum
1380 2468 1558 2507 quaerere.
1605 2455 1678 2492 Li-

283 2527 424 2572 bertus,
455 2536 494 2565 et
527 2526 703 2565 accensus
726 2536 828 2572 tuus,
859 2536 897 2565 et
931 2526 1016 2570 tibi,
1062 2537 1104 2561 ac
1139 2523 1267 2561 liberis
1304 2522 1393 2567 tuis,
1425 2521 1606 2559 omnibus
1638 2520 1681 2557 in
