2201 2792
282 130 325 158 n*
449 121 988 161 ARGUMENTA
1050 124 1595 164 ORATIONUM.

389 219 548 274 Argum.
907 226 954 263 In
982 224 1194 263 Catilinam.
1604 239 1643 280 p.
1671 225 1761 265 161.

323 307 370 342 L.
389 308 412 341 S
425 320 444 342 Ε
459 320 515 343 Ro
530 321 541 344 1
557 322 577 343 u
592 321 606 343 s
635 310 797 353 Catilina,
823 311 957 357 patricii
976 311 1122 357 generis,
1143 324 1222 346 cum
1243 312 1317 358 post
1336 313 1529 348 Praeturam
1549 323 1584 348 et
1602 312 1761 349 Africam

275 357 547 393 administratam
568 360 837 404 repetundarum
857 371 891 395 et
921 361 1009 395 inter
1027 361 1173 402 ficarios,
1201 374 1403 407 quanquam
1426 362 1561 404 frustra,
1589 363 1765 398 accusatus

274 407 368 447 effer,
399 407 450 440 bis
469 407 695 443 Consulatum
715 408 839 443 frustra
856 409 965 455 petiit.
996 410 1092 443 Idem
1111 410 1216 444 etiam
1238 411 1287 445 bis
1308 410 1501 454 conjuravit
1525 422 1642 446 contra
1669 424 1764 447 rem-

273 456 466 503 publicam.
508 457 555 491 Et
574 457 686 503 prima
702 459 846 504 quidem
866 457 1070 503 conjuratio,
1097 471 1166 504 qua
1183 459 1229 493 L.
1248 461 1472 506 Torquatum
1492 472 1527 496 et
1553 461 1598 496 L.
1618 462 1762 495 Cottam

274 506 401 540 Coss.
432 506 542 540 voluit
572 507 775 547 interficere,
801 507 875 541 casu
895 508 1069 553 dirempta
1084 509 1130 542 est
1147 522 1154 542 :
1193 510 1295 542 altera
1315 520 1428 543 autern
1454 512 1599 544 occultis
1619 510 1765 544 consiliis

275 556 417 601 agitata,
446 554 480 588 in
501 555 728 590 Consulatum
749 557 924 591 Ciceronsss
944 557 1072 602 erupit,
1100 557 1155 590 cui
1173 558 1220 591 ob
1239 559 1301 592 hoc
1322 558 1431 604 ipsum
1450 571 1491 593 eo
1510 559 1672 606 cupidius
1699 571 1762 606 po-

273 604 379 650 pulus
397 604 577 638 Romanus
597 606 824 640 Consulatum
847 606 1036 646 mandavit,
1055 607 1150 651 quod
1169 608 1212 640 de
1231 620 1271 641 ea
1289 619 1406 641 rumor
1422 608 1454 641 in
1475 609 1602 654 vulgus
1622 609 1761 643 exierat.

273 653 350 689 Hic
368 665 450 688 curn
469 654 549 686 effet
566 664 638 688 tota
657 666 708 688 res
727 655 767 689 ad
787 656 992 689 Ciceronem
1012 667 1030 688 a
1048 656 1222 702 QCurio
1244 655 1424 701 conjurato
1446 669 1507 703 per
1526 658 1685 691 Fulviam
1706 659 1764 692 de-

272 702 356 745 lata,
383 712 417 737 et
435 702 619 737 Catilinam
642 704 864 738 nihilominus
884 707 917 738 in
935 705 1050 738 senatu
1070 716 1097 739 a.
1113 704 1147 738 d.
1161 705 1258 739 Vlll.
1289 707 1336 739 ld.
1354 706 1447 740 Nov.
1469 707 1521 741 vel
1543 717 1581 741 ut
1600 706 1671 740 aliis
1691 707 1763 752 pla-

273 762 331 786 cet
356 764 386 787 a.
402 751 511 786 d.VI.
550 753 601 786 Id.
622 752 717 787 Nov.
740 753 886 795 vidisset,
914 754 960 787 ita
978 753 1185 799 indignitate
1204 754 1247 787 rei
1268 765 1467 789 commotus
1493 756 1541 790 est
1561 757 1696 797 Cicero,
1723 764 1762 791 ut

273 801 469 847 graviffime
488 801 520 834 in
542 801 651 847 ipsum
668 802 822 836 oratione
843 803 1074 843 inveheretur,
1100 815 1169 849 qua
1197 812 1304 837 totam
1326 816 1397 838 rem
1421 804 1479 838 fibi
1499 806 1676 851 cognitam
1697 805 1761 839 effe

272 850 480 891 ostenderet,
508 851 610 896 eique
631 861 669 884 ut
687 851 774 885 urbe
792 853 912 892 exiret,
941 851 1106 886 suaderet.
1147 853 1268 898 Atque
1288 852 1363 887 haec
1388 854 1435 887 est
1458 856 1568 898 prima
1594 856 1627 887 in
1646 855 1762 888 Senatu

271 898 386 933 habita
405 900 520 934 oratio.
562 900 660 934 Huic
677 901 822 934 orationi
843 901 1035 936 iratissimus
1054 912 1136 935 cum
1156 901 1375 947 respondisset
1393 903 1556 945 Catilina,
1586 904 1736 938 minatus
1754 918 1761 939 ;

270 948 305 984 se
324 948 522 983 incendium
537 948 636 982 suum
655 950 777 995 patriae
793 949 889 984 ruina
904 950 1168 991 restintfturum3
1187 963 1204 985 e
1217 951 1344 984 Senatu
1357 951 1387 986 se
1403 953 1587 999 proripuit,
1607 964 1645 987 ac
1661 954 1762 988 nocte

270 997 432 1044 proxima
449 1008 531 1032 cum
550 998 757 1044 quibusdam
777 999 916 1034 consciis
935 1011 977 1033 ex
997 1000 1082 1033 urbe
1098 1000 1193 1033 abiit.
1225 1001 1312 1045 Quo
1331 1012 1431 1035 mane
1450 1001 1606 1047 cognito,
1638 1002 1763 1036 Cicero

269 1047 306 1083 in
325 1047 528 1082 concionem
558 1048 679 1093 populi
708 1047 897 1094 profectus,
925 1048 1011 1081 dum
1040 1049 1186 1082 Senatus
1217 1051 1429 1091 conveniret,
1458 1050 1580 1084 habuit
1597 1051 1763 1097 secundam

270 1096 492 1136 Orationem,
519 1108 586 1142 qua
609 1097 652 1131 de
679 1097 775 1131 abitu
804 1097 963 1131 Catilinae
990 1097 1193 1142 triumphat.
1244 1098 1311 1132 Sed
1339 1100 1505 1144 quoniam
1533 1099 1762 1146 intelligebat,

270 1156 443 1191 quantum
460 1145 601 1179 invidiae
620 1145 681 1180 fibi
699 1147 871 1180 conflasset
888 1146 1015 1193 partim
1035 1147 1078 1180 ab
1096 1147 1162 1188 his,
1181 1146 1242 1192 qui
1262 1148 1362 1181 nimis
1381 1149 1564 1183 crudeliter
1581 1147 1727 1195 ejectum
1743 1161 1763 1184 a

269 1195 440 1229 Cicerone
459 1194 645 1229 Catilinam
666 1195 886 1230 innocentem
908 1194 1099 1241 jactabant,
1128 1197 1254 1242 partim
1273 1208 1354 1230 vero
1381 1198 1423 1231 ab
1451 1197 1504 1239 iis,
1532 1197 1593 1243 qui
1620 1210 1688 1232 non
1708 1198 1767 1232 di-

269 1244 500 1285 mittendum,
518 1244 574 1278 sed
589 1244 809 1290 puniendum
825 1244 922 1279 fuiffe
941 1245 1137 1291 putabant:
1168 1244 1253 1278 hanc
1268 1244 1434 1280 invidiam
1456 1259 1473 1281 a
1487 1246 1517 1280 se
1533 1246 1645 1281 studet
1664 1259 1761 1282 amo-

268 1292 338 1335 liri,
356 1304 439 1327 cum
457 1291 732 1338 conjurationem
751 1304 844 1328 certo
860 1293 987 1328 fastam
1000 1294 1065 1328 effe
1079 1294 1303 1334 ostendendo,
1324 1304 1399 1329 tum
1415 1296 1562 1329 lenitatis
1578 1295 1644 1330 suae
1657 1296 1760 1331 ratio-

269 1353 352 1378 nem
371 1342 559 1376 afferendo.
598 1342 821 1377 Demonstrat
840 1352 1017 1390 praeterea,
1045 1353 1217 1389 quantum
1244 1343 1385 1388 periculi
1417 1345 1617 1391 reipublicae
1644 1346 1761 1381 immi-

270 1401 352 1426 neat
369 1403 450 1426 cum
469 1403 487 1425 a
505 1391 653 1425 Catilina
673 1402 747 1426 tum
768 1392 922 1438 inprimis
941 1393 985 1426 ab
1005 1393 1145 1437 reliquis
1163 1391 1361 1438 conjuratis,
1390 1393 1450 1440 qui
1471 1395 1502 1427 in
1525 1394 1610 1429 urbe
1625 1406 1760 1430 reman-

268 1440 393 1481 serant,
421 1452 573 1486 quorum
595 1440 647 1474 sex
666 1453 793 1487 genera
810 1442 904 1482 facit,
932 1452 966 1474 et
994 1441 1037 1475 de
1062 1441 1202 1487 singulis
1232 1442 1316 1487 quid
1342 1442 1474 1484 sentiat,
1501 1443 1596 1478 dicit.
1649 1444 1761 1480 Paulo

268 1489 345 1537 post
364 1490 559 1535 legatorum
580 1489 816 1536 Allobrogum
837 1503 854 1524 a
873 1489 1057 1536 conjuratis
1077 1490 1335 1524 sollicitatorum
1357 1492 1483 1526 indicio
1502 1504 1581 1526 cum
1602 1504 1761 1540 compre-

268 1539 365 1574 henfi
384 1539 489 1572 effent
508 1539 683 1574 Lentulus
702 1538 840 1585 ejusque
858 1540 947 1579 socii,
976 1550 1022 1580 et,
1050 1540 1190 1585 cognita
1213 1539 1256 1573 ab
1283 1541 1411 1575 Senatu
1440 1553 1487 1581 re,
1515 1542 1548 1575 in
1569 1542 1760 1578 custodiam

268 1588 402 1630 traditi,
429 1588 552 1622 Cicero
571 1589 699 1623 invidia
714 1591 860 1630 levatus,
884 1591 1009 1629 iterum,
1027 1588 1116 1622 forte
1135 1588 1244 1636 pridie
1264 1589 1358 1623 Non.
1378 1590 1465 1623 Dec.
1485 1591 1612 1636 prodiit
1628 1591 1661 1626 in
1680 1603 1763 1626 con-

268 1637 421 1678 cionem,
449 1646 484 1672 et
502 1649 583 1683 quae
603 1649 620 1670 a
640 1637 670 1671 se
698 1638 1002 1683 deprehendenda:
1030 1636 1275 1683 conjurationis
1307 1638 1415 1680 causa,
1444 1651 1524 1684 quae
1550 1640 1590 1674 ad
1615 1651 1761 1687 pontem

270 1685 468 1727 Mulvium,
495 1698 577 1733 quae
597 1687 628 1721 in
650 1687 764 1721 senatu
785 1687 870 1728 atila,
897 1687 999 1727 dicta,
1025 1687 1162 1721 decreta
1180 1687 1256 1729 sint,
1283 1687 1536 1734 comprehensis
1560 1689 1759 1734 conjuratis,

269 1735 530 1777 demonstravit,
559 1746 593 1770 et
619 1736 649 1770 se
665 1736 798 1783 populo
824 1736 1097 1777 commendavit,
1125 1736 1296 1781 simulque
1323 1738 1364 1770 ad
1383 1736 1667 1784 supplicationem
1696 1739 1760 1774 fibi

269 1793 392 1830 togato
410 1784 564 1830 primum
580 1786 664 1831 reip.
682 1785 890 1820 conservatae
909 1785 1006 1819 causa
1024 1785 1198 1820 decretam
1225 1785 1463 1820 celebrandam
1484 1787 1684 1822 cohortatus
1702 1787 1760 1824 est.

269 1832 438 1868 Proximo
457 1833 530 1875 die,
553 1834 668 1868 Nonis
687 1834 959 1875 Decembribus,
987 1835 1020 1868 in
1041 1834 1168 1868 Senatu
1190 1834 1232 1868 de
1256 1847 1361 1881 poena
1389 1835 1648 1881 conjuratorum
1677 1848 1759 1883 age·

270 1881 385 1917 batur.
430 1882 504 1917 Hic
533 1894 614 1917 cum
642 1884 723 1917 cluae
752 1884 856 1917 effent
880 1882 1069 1924 sententiae,
1098 1883 1201 1918 altera
1219 1883 1335 1925 Silani,
1364 1885 1465 1919 Cos.
1491 1885 1669 1932 designati,
1697 1886 1758 1933 qui

270 1931 394 1977 capitis
412 1942 555 1978 poenam
575 1932 797 1973 decernebat,
824 1933 928 1967 altera
947 1944 1029 1966 vero
1047 1932 1119 1976 Jul.
1135 1933 1287 1974 Caesaris,
1314 1932 1376 1979 qui
1396 1934 1515 1968 mortis
1544 1947 1688 1980 poenam
1708 1947 1761 1971 re-

270 1980 449 2022 movebat,
475 1990 670 2016 ceterorum
688 1980 933 2027 suppliciorum
954 1982 1158 2016 acerbitates
1181 1993 1317 2024 ornne5‚
1345 1982 1500 2028 inprimis
1520 1984 1657 2018 vincula
1673 1983 1759 2019 sem-

269 2029 418 2077 piterna,
445 2030 677 2072 decernebat3
704 2030 827 2065 Cicero
845 2031 1012 2066 Senatum
1035 2037 1151 2077 quarta
1169 2030 1323 2065 oratione
1340 2032 1382 2065 ad
1403 2031 1614 2067 severitatem
1635 2034 1757 2068 cohor·

269 2088 364 2114 tatus
381 2079 442 2121 est,
469 2088 505 2114 et
523 2078 627 2114 Silani
642 2080 843 2114 sententiam
871 2079 1073 2114 severiorem
1103 2079 1222 2114 leniori
1250 2080 1387 2115 Caesaris
1416 2080 1667 2126 praeferendam
1693 2084 1759 2118 effe

269 2127 432 2164 docebat.
469 2128 563 2162 Eum
583 2128 707 2163 deinde
726 2127 927 2163 consecutus
946 2129 1035 2163 Cato
1053 2128 1154 2175 plane
1171 2128 1275 2163 solvit
1293 2129 1431 2164 Caesaris
1450 2130 1664 2166 sententiam.
1698 2132 1759 2168 Est

270 2176 389 2224 itaque
407 2176 441 2212 in
458 2176 563 2212 Silani
582 2187 616 2212 et
630 2178 772 2213 Catonis
792 2178 993 2212 sententiam
1010 2178 1144 2213 SCtum
1169 2177 1317 2219 saelum,
1345 2181 1505 2225 atque-in
1523 2191 1657 2215 carcere
1680 2179 1758 2226 sup-

268 2227 416 2273 plicium
441 2226 484 2261 de
511 2225 696 2272 conjuratis
717 2226 910 2273 sumptum.
950 2228 1036 2275 Quo
1054 2227 1158 2269 ῑειέὶο,
1185 2228 1332 2262 domum
1346 2240 1553 2274 pergentem
1582 2231 1758 2265 universus

268 2275 407 2311 senatus
425 2284 461 2311 et
482 2276 635 2325 populus
653 2277 699 2311 est
715 2276 930 2323 prosecutus,
956 2288 1109 2323 eumque
1125 2276 1410 2312 Conservatorem
1430 2289 1497 2312 non
1519 2279 1625 2313 modo
1643 2288 1677 2312 et
1693 2278 1757 2314 Li.-

270 2324 478 2365 beratorem‚
505 2323 560 2360 sed
579 2325 733 2371 primum
752 2326 856 2360 etiam
880 2325 1019 2361 Patrem
1037 2325 1165 2362 Patriae
1188 2326 1387 2373 appellavit,
1413 2338 1494 2361 cum
1524 2328 1653 2362 interea
1677 2329 1757 2369 viae,

267 2385 334 2421 per
350 2385 437 2420 quas
454 2374 540 2415 ibat,
565 2373 654 2408 laetis
675 2375 808 2421 ubique
827 2375 968 2420 ignibus
984 2375 1207 2412 collucerent.
1242 2375 1336 2412 Haec
1353 2375 1444 2411 faeta
1460 2374 1536 2411 sunt
1554 2377 1668 2412 Nonis
1687 2377 1758 2411 De-

268 2422 403 2458 cembr.
441 2423 563 2469 Atque
583 2423 636 2458 hae
650 2423 726 2458 sunt
745 2424 816 2459 illaei
829 2423 962 2467 Nonae,
986 2435 1136 2471 quarum
1155 2425 1485 2460 commemoratione
1506 2426 1620 2468 toties,
1644 2438 1758 2473 neque

268 2470 461 2516 immerito,
491 2472 611 2508 Cicero
629 2473 809 2520 gloriatur.
