2201 2792
534 155 879 194 ACTIONIS
921 156 974 194 II.
1034 156 1244 194 LIBER
1275 158 1348 196 III.
1558 173 1633 211 299

287 255 523 294 XXXVIII.
555 254 664 306 Qid
695 269 785 307 ergo
803 256 815 292 ?
847 269 867 293 a
887 254 1121 293 Tiffenfibus
1153 269 1333 308 perparva
1353 263 1389 293 et
1410 256 1517 294 tenui
1537 258 1634 294 civi-

233 328 323 366 tate,
356 321 418 359 sed
447 321 656 358 aratoribus
685 321 995 366 laboriofiffimis,
1026 321 1363 374 frugalissimisque
1392 321 1633 366 hominibus,

233 400 361 425 nonne
390 387 493 440 plus,
528 387 627 425 lucri
658 388 831 432 nomine,
869 388 1043 441 eripitur,
1076 401 1193 440 quam
1226 398 1415 440 quantum
1448 389 1635 426 frumenti

233 453 395 491 omnino
414 462 608 492 exararant
627 454 639 490 ?
671 455 716 492 ad
737 468 833 506 quos
856 465 897 492 tu
918 454 1178 492 decumanum
1201 455 1448 507 Diognotum
1469 455 1633 492 Veneri-

234 531 302 556 um
322 518 468 564 mifisti‚
490 533 635 557 novum
656 533 775 571 genus
795 521 1007 573 publicani.
1032 521 1113 558 Cur
1132 519 1207 558 hoc
1228 523 1379 559 auftore
1400 534 1477 558 non
1499 521 1635 557 Romae

164 628 174 633 -
234 598 391 638 quoque
422 586 515 624 servi
558 586 709 638 publici
743 587 789 624 ad
822 587 1019 639 vectigalia
1063 586 1272 624 accedant?
1318 589 1435 624 Anno
1470 587 1635 624 secundo

233 651 419 690 Tiffenses
453 653 545 690 H-S
568 666 667 690 XXI
703 652 802 690 lucri
834 653 921 690 dare
951 662 1146 705 coguntur
1175 653 1301 691 inviti.
1350 653 1486 691 Tertio
1520 666 1634 695 anno,

235 729 308 757 cm
333 731 403 757 cm
426 717 673 756 medimnum
694 719 814 756 tritici
849 719 947 757 lucri
983 719 1183 771 Diognoto
1204 719 1372 757 Venerio
1403 719 1489 756 dare
1516 720 1636 757 concii

233 783 334 822 sunt.
365 785 447 822 Hic
479 785 716 837 Diognotus‚
748 786 816 837 qui
846 799 893 823 ex
912 785 1080 838 publicis
1112 785 1362 838 vectigalibus
1395 794 1497 823 tanta
1532 786 1637 822 lucra

233 848 340 895 facit,
371 850 559 889 vicarium
579 851 735 889 nullum
755 849 885 897 habet,
917 850 1202 889 nihilomnino
1220 852 1377 904 peculii.
1411 852 1489 889 Vos
1519 852 1636 888 etiam

233 929 338 954 nunc
369 916 556 962 dubitate,
587 917 613 955 fi
633 917 803 969 potestis,
835 927 967 955 utrum
998 927 1151 956 tantum
1181 932 1390 956 numerum
1417 918 1535 955 tritici
1556 918 1636 954 Ve-

233 982 361 1020 nerius
387 983 580 1036 apparitor
613 983 720 1021 istius
741 984 809 1021 fibi
829 984 1032 1035 acceperit,
1063 998 1109 1022 an
1144 983 1237 1022 huic
1258 984 1440 1036 exegerit.
1507 985 1638 1034 Atque

233 1047 317 1086 haec
349 1062 396 1087 ex
428 1049 588 1102 publico
619 1048 852 1087 Tiffenfium
882 1049 1101 1090 testimonio
1131 1050 1363 1103 cognoscite.
1396 1051 1636 1088 TESTIMO-

236 1127 357 1153 N11JM
382 1128 619 1154 PUBLICUM
642 1116 942 1154 TISSENSIUM.
985 1115 1173 1161 Obscure,
1195 1116 1367 1166 JudiceS,
1398 1117 1541 1154 Praetor
1560 1116 1638 1168 ipse

234 1181 469 1219 decumanus
497 1181 562 1226 est,
595 1195 687 1219 cum
721 1182 801 1233 ejus
837 1182 1066 1234 apparitores
1091 1181 1336 1220 frumentum
1367 1196 1387 1219 a
1417 1182 1637 1219 civitatibus

234 1248 402 1300 exigant,
434 1247 615 1300 pecunias
648 1247 855 1300 imperent,
886 1247 1083 1300 aliquanto
1104 1247 1190 1300 plus
1221 1247 1290 1300 ipsi
1321 1248 1419 1285 lucri
1450 1246 1636 1291 auferant,

234 1328 354 1367 quam
388 1324 579 1366 quantum
614 1314 761 1367 populo
800 1315 980 1352 Romano
1018 1314 1270 1352 decumarum
1316 1315 1475 1352 nomine
1514 1314 1639 1352 daturi

234 1380 321 1419 sunt
339 1380 352 1417 ?
384 1382 482 1419 Haec
504 1381 660 1432 aequitas
692 1381 732 1418 in
754 1390 822 1418 tuo
853 1381 1017 1433 imperio
1036 1380 1126 1425 fuit,
1157 1379 1239 1419 haec
1260 1381 1435 1419 Praetoris
1457 1380 1638 1432 dignitas,

235 1456 279 1485 ut
299 1447 420 1486 servos
442 1447 628 1486 Venerios
651 1447 868 1486 Siculorum
889 1448 1067 1485 dominos
1088 1447 1159 1485 effe
1179 1447 1309 1485 velles.
1352 1447 1432 1485 Hic
1454 1447 1637 1492 delectus‚

234 1512 310 1552 hoc
331 1514 551 1559 discrimen,
575 1522 611 1551 te
633 1515 811 1558 Praetore,
844 1513 933 1559 fuit,
957 1523 1000 1551 ut
1020 1523 1179 1552 aratores
1201 1514 1241 1551 in
1261 1513 1455 1551 servorum
1476 1527 1639 1551 numero

235 1580 366 1625 effent,
389 1581 482 1618 servi
503 1581 542 1618 in
565 1581 876 1632 publicanorum.

290 1646 484 1685 XXXIX.
533 1645 672 1695 Qid?
709 1644 958 1682 Amestratini
993 1644 1136 1689 miseri,
1178 1645 1366 1697 impositis
1403 1644 1456 1681 ita
1488 1644 1638 1695 magnis

237 1711 426 1755 decumis,
449 1719 492 1748 ut
511 1710 599 1762 ipsis
619 1709 759 1761 reliqui
780 1708 879 1746 nihil
901 1709 1020 1754 fieret,
1051 1723 1179 1747 nonne
1200 1719 1327 1746 tamen
1349 1721 1548 1746 numerare
1568 1722 1637 1760 pe-

236 1778 368 1816 cunias
390 1776 511 1814 coacti
531 1775 645 1813 sunt?
668 1775 915 1813 Addicuntur
936 1775 1108 1814 decumae
1129 1777 1192 1814 M.
1213 1775 1345 1819 Caefio,
1363 1788 1455 1812 cum
1475 1774 1639 1812 adefient

236 1843 352 1896 legati
382 1841 646 1880 Amestratini.
681 1841 818 1879 Statim
847 1841 999 1893 cogitur
1021 1841 1225 1879 Heraclius
1260 1841 1406 1893 legatus
1442 1853 1639 1877 numerare

237 1910 330 1948 H-S
353 1922 468 1946 xxu.
516 1907 625 1958 Qid
644 1906 720 1945 hoc
752 1907 832 1944 est?
864 1921 949 1959 quae
980 1908 1031 1945 est
1051 1907 1118 1945 ista
1137 1907 1289 1960 praeda?
1321 1920 1405 1959 quae
1432 1906 1518 1944 vis?
1555 1920 1638 1958 qua:

235 1976 400 2028 direptio
433 1974 656 2012 sociorum?
690 1974 729 2011 Si
760 1982 837 2011 erat
869 1974 1053 2012 Heraclio
1083 1974 1130 2012 ab
1158 1973 1288 2012 senatu
1320 1972 1561 2017 mandatum,
1597 1982 1639 2010 ut

237 2050 378 2080 emeret
393 2059 405 2086 3
437 2039 598 2078 emisset.
631 2040 669 2078 Si
689 2053 768 2078 non
788 2049 865 2078 erat
881 2059 892 2085 ς
924 2041 993 2092 qui
1022 2049 1170 2093 poterat
1200 2040 1263 2078 sua
1283 2039 1416 2092 sponte
1434 2039 1639 2092 pecuniam

238 2107 464 2146 numerare?
497 2105 616 2144 Caefio
651 2106 843 2144 renuntiat
863 2106 898 2144 se
930 2105 1083 2144 dediffe.
1123 2106 1354 2159 Cognoscite
1384 2106 1638 2144 renuntiatio-

238 2189 327 2213 nem
347 2187 394 2212 ex
425 2173 559 2211 literis.
598 2173 737 2210 Recita
768 2186 814 2210 ex
834 2172 954 2211 literis
977 2173 1158 2226 publicis.
1191 2174 1386 2211 L1T1-:RAE
1412 2185 1636 2211 PUBLICAE.

239 2241 330 2295 Qo
351 2237 698 2278 senatus-consulto
732 2247 810 2276 erat
843 2238 918 2276 hoc
950 2239 1075 2291 legato
1106 2238 1360 2292 permissum?
1392 2238 1515 2276 nullo.
1559 2239 1639 2274 Cur

239 2305 331 2344 fecit
349 2306 361 2342 ?
393 2306 544 2343 coaetus
565 2303 630 2342 est.
663 2304 762 2356 Qis
784 2302 859 2342 hoc
880 2305 974 2342 dicit
993 2305 1006 2342 ?
1029 2314 1107 2343 tota
1127 2306 1273 2343 civitas.
1308 2304 1444 2341 Recita
1465 2302 1638 2339 testimo-

240 2372 419 2410 monium
440 2371 657 2424 publicum.
679 2372 1023 2410 TEsTiMomUM
1049 2383 1301 2410 PussLicum.
1334 2370 1398 2406 Ab
1419 2367 1489 2405 hac
1510 2368 1639 2405 cadem

240 2438 393 2475 civitate
413 2451 512 2474 anno
533 2437 697 2475 secundo
717 2437 832 2475 simili
864 2438 1008 2476 ratione
1035 2447 1223 2475 extortam
1255 2434 1325 2471 effe
1355 2434 1572 2485 pecuniam,
1604 2444 1640 2471 ct

241 2504 345 2540 Sext.
370 2502 575 2540 Vennonio
609 2503 756 2548 datam,
799 2516 846 2541 ex
877 2503 1010 2542 eodem
1044 2501 1262 2540 testimonio
1294 2499 1537 2551 cognovistis.
1588 2500 1641 2536 At

1219 2567 1248 2603 P
1271 2580 1295 2619 p
1319 2578 1339 2603 2
