2201 2792
587 187 716 226 PRO
748 189 886 228 SEX.
920 190 1175 232 ROSCIO
1208 196 1567 242 AMERINO.
1738 210 1790 264 63

374 288 422 325 C.
445 286 579 332 Marii,
615 297 660 326 ut
692 290 943 342 QScaevola
973 292 1251 342 vulneraretur,
1283 297 1343 335 vir
1375 299 1641 349 sanetiffimus,
1674 316 1792 359 atque

370 354 627 393 ornatiffimus
659 357 794 395 nostrae
825 359 1007 405 civitatis,
1043 362 1107 413 (de
1137 365 1247 417 cujus
1279 365 1391 404 laude
1421 382 1548 421 neque
1577 369 1644 409 hic
1678 372 1789 414 locus

367 420 433 465 est,
465 430 509 459 ut
540 422 666 461 multa
696 424 889 471 dicantur,
920 441 1046 480 neque
1073 430 1185 482 plura
1219 441 1349 472 tamen
1377 434 1455 472 dici
1476 436 1645 489 possunt,
1668 454 1788 492 quam

366 487 534 540 populus
556 489 761 529 Romanus
794 494 984 532 memoria
1015 497 1172 550 retinet)
1206 498 1310 537 diem
1332 501 1507 540 Scaevolae
1536 503 1650 550 dixit,
1679 507 1785 559 post-

364 566 529 606 eaquam
564 559 769 610 comperit,
802 573 892 598 eum
924 562 1026 614 posse
1052 563 1193 603 vivere.
1241 567 1347 605 Cum
1378 568 1425 606 ab
1460 583 1506 608 eo
1537 583 1784 624 quaereretur,

363 621 460 673 quid
481 623 639 662 tandem
659 625 904 665 accusaturus
925 629 1014 667 effet
1034 644 1140 676 eum,
1174 646 1292 685 quem
1318 649 1389 687 pro
1419 636 1609 690 dignitate
1629 654 1678 678 ne
1697 641 1784 680 lau-

363 687 451 726 dare
470 690 631 742 quidem
666 693 875 746 quisquam
905 695 992 735 satis
1020 699 1230 737 commode
1250 701 1370 753 posset
1384 722 1397 748 5
1430 704 1553 750 aiunt,
1574 704 1784 749 hominem

362 753 427 805 (ut
446 765 525 794 erat
544 755 727 810 furiosus)
761 761 1005 813 respondisse,
1036 764 1132 818 quod
1144 779 1213 805 mn
1244 776 1359 807 totum
1380 770 1489 809 telum
1519 782 1664 825 corpore
1683 789 1782 814 rece-

354 821 472 875 pssl’t.
505 824 599 876 Qo
619 827 789 880 populus
810 828 1014 869 Romanus
1038 830 1140 870 nihil
1160 834 1258 872 vidit
1277 836 1492 890 indignius,
1520 840 1589 878 nisi
1611 841 1783 893 ejusdem

362 889 433 928 viri
453 902 622 932 mortem
635 912 650 939 3
681 908 766 947 quae
788 904 941 936 tantum
961 900 1105 952 potuit,
1140 910 1183 939 ut
1203 916 1339 941 omnes
1372 905 1474 943 cives
1494 906 1580 945 suos
1600 909 1781 960 perdide-

358 954 423 1001 rit,
454 966 493 995 et
513 958 694 997 afflixerit
705 980 718 1005 3
751 976 849 1014 quos
872 965 962 1016 quia
996 966 1137 1005 servare
1167 982 1237 1021 per
1266 971 1589 1024 compositionem
1610 975 1779 1023 volebat,

358 1021 438 1073 ipse
456 1024 503 1061 ab
524 1025 571 1062 iis
592 1026 849 1079 interemptus
871 1030 939 1067 est.

413 1089 533 1127 Estne
563 1089 640 1129 hoc
668 1092 730 1130 illi
752 1094 870 1140 dieto,
900 1106 1017 1150 atque
1046 1098 1148 1139 facto
1170 1101 1356 1142 Fimbriae
1384 1119 1463 1144 non
1493 1107 1776 1149 simillimum?

355 1156 557 1194 Accusatis
580 1159 664 1196 Sex.
689 1160 879 1199 Roscium
899 1178 908 1200 :
941 1165 1038 1215 quid
1057 1167 1138 1203 ita?
1215 1171 1276 1206 uia
1296 1171 1343 1208 de
1363 1173 1543 1212 manibus
1564 1176 1694 1215 vestris
1715 1177 1776 1216 ef-

353 1220 484 1275 fugit3
516 1224 607 1276 quia
626 1224 665 1262 se
687 1227 814 1265 occidi
834 1229 956 1280 paffus
978 1245 1056 1269 non
1078 1232 1144 1271 est.
1178 1234 1297 1280 Illud,
1330 1238 1421 1289 quia
1440 1239 1481 1277 in
1503 1241 1671 1281 Scaevola
1690 1243 1774 1283 fac-

353 1296 441 1327 turn
462 1289 528 1334 est,
559 1291 683 1344 magis
715 1293 925 1346 indignum
946 1296 1126 1344 videtur,
1159 1298 1250 1346 hoc,
1276 1302 1368 1354 quia
1386 1303 1431 1342 fit
1461 1318 1482 1342 a
1504 1305 1772 1362 Chrysogono,

352 1369 451 1394 num
471 1357 525 1396 est
543 1357 777 1398 ferendum?
800 1362 924 1408 Nam,
940 1377 1008 1416 per
1029 1366 1134 1405 Deos
1155 1367 1398 1409 immortales
1419 1371 1426 1408 I
1451 1374 1547 1425 quid
1567 1375 1619 1413 est
1638 1377 1681 1415 in
1700 1377 1774 1417 hac

352 1423 475 1469 causa,
505 1426 611 1478 quod
646 1426 873 1468 defensionis
905 1431 1108 1485 indigeat?
1142 1435 1224 1487 Qi
1256 1436 1364 1476 locus
1385 1439 1589 1493 ingenium
1619 1446 1772 1496 patroni

350 1491 526 1543 requirit,
557 1502 624 1531 aut
644 1496 804 1533 oratoris
825 1497 1090 1550 eloquentiam
1121 1515 1357 1557 magnopere
1378 1506 1559 1547 defiderat
1577 1510 1590 1547 ?
1622 1512 1771 1553 Totam

348 1558 515 1603 causam,
538 1560 710 1610 Judices,
742 1563 998 1616 explicemus,
1030 1576 1146 1620 atque
1166 1579 1252 1608 ante
1273 1571 1408 1611 oculos
1429 1575 1638 1628 expositam
1671 1593 1770 1619 con-

349 1622 568 1664 fideremus.
602 1628 661 1664 Ita
680 1626 883 1674 facillime,
916 1645 1001 1683 quae
1036 1647 1093 1672 res
1115 1644 1244 1674 totum
1266 1638 1465 1690 judicium
1486 1644 1698 1690 contineat,
1731 1656 1770 1684 et

348 1690 492 1742 quibus
527 1692 573 1729 de
594 1693 708 1731 rebus
741 1708 810 1733 nos
832 1697 957 1736 dicere
976 1710 1163 1751 oporteat,
1201 1712 1238 1740 et
1270 1705 1367 1755 quid
1399 1721 1465 1744 vos
1486 1708 1593 1760 sequi
1623 1724 1768 1750 conve-

348 1756 440 1802 niat,
471 1757 715 1812 intelligetis.

400 1824 517 1863 XIII.
552 1826 648 1864 Tres
670 1827 758 1866 sunt
783 1842 855 1874 res,
891 1841 1085 1883 quantum
1121 1848 1192 1887 ego
1228 1836 1443 1878 existimare
1479 1841 1646 1893 poffum,
1678 1858 1764 1897 quae

344 1890 494 1929 obstent
513 1889 590 1930 hoc
611 1900 787 1946 tempore
807 1896 894 1935 Sex.
917 1898 1075 1944 Roscio,
1113 1903 1261 1940 crimen
1298 1905 1611 1955 adversariorum,
1634 1919 1672 1948 et
1692 1925 1762 1950 au-

342 1957 473 2003 dacia,
516 1968 554 1997 et
586 1961 772 2012 potentia.
825 1964 1015 2004 Criminis
1050 1967 1326 2009 confidtionern
1361 1974 1555 2013 accusator
1593 1978 1761 2017 Erucius

344 2022 533 2077 suscepit:
567 2027 731 2066 audaciae
761 2040 885 2082 partes
907 2032 1041 2070 Roscii
1070 2034 1139 2073 fibi
1166 2037 1450 2089 poposcerunt:
1485 2041 1761 2096 Chrysogonus

341 2098 469 2127 autem
490 2091 536 2135 is,
560 2093 628 2144 qui
648 2093 868 2145 plurimum
888 2098 1025 2149 potest,
1057 2103 1232 2152 potentia
1252 2116 1417 2157 pugnat.
1461 2108 1524 2145 De
1545 2107 1649 2148 hisce
1670 2125 1758 2149 om-

339 2155 454 2194 nibus
476 2157 590 2195 rebus
612 2172 676 2196 me
700 2160 828 2199 dicere
856 2173 1033 2216 oportere
1054 2167 1247 2221 intelligo.
1297 2172 1407 2224 Qid
1427 2173 1547 2226 igitur
1567 2176 1647 2214 est?
1680 2191 1757 2215 non

339 2222 477 2261 eodem
507 2225 627 2264 modo
661 2226 708 2264 de
729 2228 938 2275 omnibus3
970 2232 1058 2271 ideo
1079 2235 1184 2287 quod
1204 2237 1331 2289 prima
1356 2240 1424 2277 illa
1454 2254 1511 2279 res
1544 2243 1590 2280 ad
1621 2257 1756 2281 meum

338 2289 514 2329 officium
535 2292 704 2344 pertinet
719 2312 732 2339 3
765 2295 857 2334 duas
890 2307 1021 2336 autern
1046 2301 1216 2354 reIIquas
1237 2305 1345 2343 vobis
1366 2306 1534 2359 populus
1552 2308 1755 2348 Romanus

336 2355 538 2409 imposuit.
599 2360 687 2413 Ego
717 2361 869 2401 crimen
900 2375 1053 2417 oportet
1089 2368 1267 2415 diluam,-
1301 2385 1367 2409 vos
1388 2382 1426 2409 et
1460 2373 1626 2411 audaciae
1647 2375 1752 2413 rcfis-

337 2430 427 2467 tere,
458 2432 496 2462 et
514 2423 725 2465 hominum
745 2428 934 2480 ejusmodi
964 2433 1219 2484 perniciosam
1241 2446 1356 2488 atque
1377 2437 1653 2479 intolerandam
1676 2455 1750 2494 po-

336 2488 500 2529 tentiam
520 2492 651 2545 primo
671 2507 829 2548 quoque
849 2506 1023 2550 tempore
1045 2501 1284 2553 extinguere,
1305 2512 1420 2556 atque
1440 2505 1661 2559 opprimere
1681 2508 1752 2545 de-

336 2551 449 2593 betis.
