2201 2792
480 179 553 220 188
905 177 996 217 IN
1063 178 1447 220 VERREM

475 276 560 315 satis
580 274 793 328 accepifi‘et,
822 275 1061 328 sponsionem
1095 277 1262 317 faceret:
1295 279 1348 317 ita
1378 276 1424 317 de
1459 278 1677 318 haereditate
1702 287 1875 319 certaret.

476 343 582 386 Hoc,
604 342 754 394 opinor,
779 342 868 392 jure
898 350 936 379 et
969 344 1130 394 majores
1162 344 1292 390 nostri,
1324 353 1362 383 et
1388 359 1456 384 nos
1477 345 1625 399 semper
1654 346 1707 383 usi
1729 345 1875 384 sumus.

474 408 629 453 Videte,
652 416 695 445 ut
714 406 789 445 hoc
810 407 876 444 iste
896 409 1114 447 correxerit.

518 475 734 527 Componit
752 474 923 512 edietum
943 475 990 512 iis
1010 475 1150 521 verbis,
1169 484 1214 514 ut
1233 477 1359 529 quivis
1380 476 1595 530 intelligere
1615 478 1741 531 poffit,
1764 478 1878 516 unius

475 539 649 578 hominis
683 539 792 577 causa
821 539 1085 593 conscriptum
1105 541 1190 580 effe.
1223 543 1400 581 Tantum
1430 542 1536 595 quod
1565 542 1769 581 hominem
1802 556 1880 581 non

475 606 667 650 nominat,
697 605 850 643 causam
871 606 1029 657 quidem
1051 616 1172 645 totam
1193 608 1420 660 perscribit:
1451 609 1530 661 jus,
1548 608 1879 652 consuetudinem,

476 671 713 723 aequitatem,
734 671 856 708 edicta
875 672 1055 710 omnium
1076 673 1253 726 negligit.
1300 674 1365 712 Ex
1395 687 1567 712 EDrCTo
1591 687 1793 712 URBANO.
1843 672 1886 711 Si

475 736 517 775 de
535 737 747 776 haereditate
764 737 975 789 ambigitur,
992 739 1034 790 st
1040 738 1210 792 pofflffor,
1210 741 1427 793 sporssonem
1446 741 1654 794 nonfaciet.
1677 741 1766 791 Jam
1786 737 1882 791 quid

474 803 516 840 id
535 803 581 841 ad
598 805 819 849 Praetorem,
834 811 920 841 uter
939 804 1116 857 poffeffor
1134 805 1201 843 fit?
1224 820 1352 845 nonne
1368 807 1409 844 id
1426 808 1545 859 quaeri
1560 815 1725 860 oportet,
1747 815 1882 844 utrum

473 868 714 921 poffefforem
740 869 812 907 effe
844 871 1047 923 oporteat?
1079 871 1186 924 Ergo
1217 872 1308 925 quia
1335 872 1512 926 poffefl'or
1542 873 1608 918 est,
1645 886 1723 911 non
1750 884 1882 910 moves

474 934 694 987 poffeffione
711 949 720 973 :
753 935 780 973 fi
799 935 976 988 poffeffor
1009 950 1088 975 non
1121 937 1224 983 effet,
1255 951 1334 976 non
1369 939 1488 977 dares.
1534 938 1742 990 Nusquam
1775 937 1884 974 enim

474 1000 622 1046 scribis,
658 1014 783 1053 neque
816 1009 860 1039 tu
881 1001 984 1039 aliud
1004 1002 1217 1054 quicquam
1246 1003 1377 1041 edicto
1402 1003 1659 1056 amplecteris,
1693 1002 1763 1042 nifi
1795 1015 1883 1042 eam

473 1066 640 1111 causam,
661 1079 732 1118 pro
751 1079 828 1118 qua
844 1067 1051 1119 pecuniam
1071 1080 1282 1120 acceperas.

528 1133 618 1183 jam
637 1130 715 1170 hoc
735 1131 948 1171 ridiculum
969 1133 1034 1171 est.
1067 1134 1111 1172 Si
1136 1133 1177 1172 de
1194 1134 1408 1173 haereditate
1436 1135 1652 1187 ambigetur,
1684 1143 1720 1172 et
1750 1133 1886 1173 tabulae

473 1198 675 1252 testamenti
695 1199 888 1251 obsignatae
912 1213 981 1238 non
1000 1200 1116 1238 minus
1134 1201 1256 1238 multis
1270 1200 1405 1252 stgnis,
1436 1214 1542 1253 quam
1572 1215 1589 1238 e
1607 1202 1680 1253 lege
1704 1209 1883 1254 oporteat,

472 1263 526 1304 ad
538 1278 592 1302 me
600 1264 841 1317 proferenzfur
855 1282 867 1309 5
884 1263 1082 1317 jocundum
1099 1264 1242 1303 tabulas
1267 1265 1467 1319 tostamenti
1485 1267 1698 1319 potffmum
1727 1265 1884 1305 haeredi-

474 1338 586 1369 tatem
605 1329 707 1368 dabo.
737 1330 831 1368 Hoc
852 1329 1121 1369 transsatitium
1140 1330 1193 1368 est
1210 1345 1220 1369 ε
1252 1331 1360 1384 sequi
1379 1331 1477 1369 illud
1496 1341 1663 1384 oportet,
1690 1332 1734 1370 Si
1750 1332 1884 1371 tabulae

475 1395 674 1448 testamenti
689 1409 758 1435 non
769 1396 1023 1449 proferentur.
1064 1396 1174 1448 Qid
1193 1396 1245 1435 ait
1263 1397 1278 1433 ?
1307 1396 1344 1435 se
1364 1397 1399 1435 ei
1418 1398 1614 1443 daturum,
1635 1398 1706 1451 qui
1726 1397 1762 1436 se
1781 1398 1888 1436 dicat

476 1460 659 1500 heredem
679 1461 764 1500 effe.
797 1462 907 1513 Qid
939 1475 1030 1516 ergo
1049 1463 1216 1509 interest,
1246 1462 1505 1517 proferantur,
1539 1465 1691 1502 necne?
1724 1465 1762 1502 Si
1790 1477 1885 1517 pro-

474 1527 630 1572 tulerit3
662 1541 741 1566 uno
760 1527 867 1580 signo
898 1536 942 1565 ut
961 1528 1006 1566 fit
1027 1528 1173 1575 minus,
1204 1542 1325 1581 quam
1354 1543 1403 1568 ex
1421 1531 1506 1583 lege
1525 1537 1691 1583 oportet,
1721 1543 1800 1568 non
1819 1530 1886 1568 des

473 1592 751 1645 poffeffionem.
784 1594 823 1631 Si
841 1593 1004 1632 omnino
1024 1594 1171 1633 tabulas
1193 1608 1272 1633 non
1291 1594 1474 1648 proferet,
1492 1596 1614 1635 dabis.
1651 1595 1760 1647 Qid
1778 1607 1884 1634 nunc

475 1658 603 1697 dicam
622 1659 635 1696 ?
666 1659 866 1697 neminem
898 1672 1074 1711 unquam
1094 1660 1221 1713 postea
1246 1660 1369 1699 alium
1387 1660 1542 1700 edixisse
1560 1660 1573 1697 ?
1604 1660 1714 1699 valde
1739 1661 1785 1700 fit
1804 1660 1884 1699 mi-

475 1738 577 1769 rum,
600 1725 801 1763 neminem
820 1723 943 1769 fuisse,
979 1726 1049 1777 qui
1069 1725 1175 1765 istius
1196 1726 1233 1764 se
1252 1726 1420 1766 fimilem
1453 1727 1531 1766 dici
1556 1726 1686 1766 vellet.
1732 1727 1816 1780 Ipse
1842 1726 1886 1765 in

476 1790 661 1846 Sicilienfi
681 1791 807 1828 edicto
840 1790 916 1829 hoc
936 1804 1017 1831 non
1035 1790 1176 1830 habet:
1208 1801 1385 1846 exegerat
1409 1793 1518 1831 enim
1543 1794 1628 1844 jam
1649 1792 1882 1830 mercedem.

476 1857 577 1894 Item
598 1865 642 1894 ut
662 1857 731 1893 illo
751 1856 890 1901 edicto,
923 1857 969 1894 de
989 1870 1068 1908 quo
1088 1866 1175 1895 ante
1195 1858 1292 1903 dixi,
1322 1859 1364 1896 in
1385 1858 1514 1896 Sicilia
1543 1858 1591 1896 de
1616 1857 1885 1896 haereditatum

476 1921 760 1973 poffeffionibus
781 1921 928 1965 dandis,
964 1921 1087 1959 edixit
1105 1922 1226 1968 idem,
1264 1923 1370 1975 quod
1401 1935 1536 1961 omnes
1567 1924 1722 1969 Rornae,
1751 1932 1886 1978 praeter

476 1987 607 2026 istum.
640 1989 706 2026 Ex
729 1999 902 2026 EDICTO
925 1987 1194 2027 SICILIENSI.
1227 1988 1326 2029 Side
1344 1989 1557 2030 haereditate
1574 1990 1786 2044 ambigitur.

530 2053 682 2091 XLVI.
714 2053 784 2097 At,
804 2065 873 2105 per
892 2053 998 2092 Deos
1017 2052 1273 2100 immortales,
1308 2055 1404 2107 quid
1423 2055 1489 2101 est,
1520 2056 1626 2109 quod
1646 2056 1694 2094 de
1713 2055 1789 2095 hoc
1809 2055 1887 2095 dici

476 2117 589 2170 poffit
608 2117 621 2154 ?
653 2118 802 2156 Iterum
822 2118 928 2158 enim
944 2119 1028 2171 jam
1047 2133 1177 2172 quaero
1196 2121 1262 2160 abs
1283 2130 1336 2167 te,
1357 2121 1455 2161 ficut
1473 2122 1594 2161 modo
1612 2122 1654 2161 in
1673 2122 1744 2161 illo
1761 2123 1887 2176 capite

475 2182 660 2222 Anniano
680 2183 727 2221 de
747 2183 959 2223 mulierum
978 2184 1281 2233 haereditatibus,
1313 2201 1418 2226 nunc
1443 2188 1485 2227 in
1504 2187 1581 2228 hoc
1607 2188 1653 2227 de
1682 2187 1885 2226 haeredita-

477 2257 565 2288 tum
590 2248 877 2303 poffeffionibus
892 2268 906 2296 5
936 2263 1006 2289 cur
1025 2264 1068 2289 ea
1087 2253 1212 2306 capita
1237 2254 1278 2292 in
1298 2254 1470 2293 edietum
1500 2253 1735 2307 provinciale
1762 2251 1883 2291 trans-

478 2314 577 2354 ferre
606 2316 808 2357 nolueris?
839 2318 987 2356 Utrum
1017 2317 1210 2371 digniores
1240 2319 1420 2359 homines
1453 2320 1675 2359 existimasti
1705 2331 1784 2364 eos,
1815 2319 1885 2371 qui

477 2380 703 2423 habitabant
732 2384 774 2422 in
803 2384 1014 2438 provincia,
1037 2399 1155 2438 quam
1189 2400 1273 2432 nos,
1304 2388 1374 2440 qui
1404 2400 1514 2440 aequo
1537 2388 1625 2440 jure
1654 2386 1883 2425 uteremur?

477 2448 544 2488 An
575 2449 680 2490 aliud
713 2451 850 2492 Romae
879 2465 1035 2508 aequum
1066 2453 1132 2503 est,
1162 2453 1268 2494 aliud
1296 2454 1339 2494 in
1365 2453 1526 2494 Sicilia?
1556 2453 1651 2494 Non
1671 2452 1777 2492 enim
1804 2451 1886 2493 hoc
