2201 2792
578 129 1117 167 ARGUMENTA
1183 130 1717 168 ORATIONUM.
1873 133 1895 171 6

397 215 444 250 de
471 225 507 249 re
533 211 781 248 frumentaria:
813 212 956 249 tertium
986 212 1030 247 de
1057 211 1185 259 signis:
1215 222 1380 258 quartum
1409 212 1451 247 de
1475 212 1662 261 suppliciis.
1716 214 1775 249 Ad
1806 214 1892 250 hanc

399 263 492 299 enirn
519 262 782 297 similitudinem
808 262 908 309 poe'ta
924 261 1106 308 Virgilius,
1134 262 1309 303 Minoem,
1331 261 1490 308 judicem
1522 264 1614 309 apud
1646 261 1786 304 inferm,
1815 274 1888 299 tan-

400 324 508 359 quam
530 312 555 346 fi
581 320 710 357 praetor
734 311 773 346 fit
799 323 914 346 rerum
938 311 1153 357 capitalium,
1180 311 1369 358 quaesttorem
1395 312 1567 358 appellat:
1597 312 1656 347 dat
1679 311 1727 347 ibi
1746 313 1892 348 sortitio-

400 373 495 403 nem,
521 360 583 396 ubi
601 372 714 395 urnam
732 360 912 396 nominat:
941 360 1001 395 dat
1028 360 1233 395 electionem
1252 359 1428 407 judicum,
1455 372 1537 395 cum
1557 362 1653 403 dicit,
1680 362 1891 408 confiliumque

399 418 518 445 vocat:
555 411 614 444 dat
643 410 882 457 cognitionem
913 407 1120 464 facinorum,
1155 422 1236 444 cum
1269 410 1365 451 dicit,
1398 410 1542 456 vitafique
1569 419 1597 446 et
1627 412 1759 446 crimina
1789 412 1890 456 discit,

398 459 498 506 Ergo
524 458 579 494 hic
606 459 704 500 liber,
731 459 792 506 qui
817 459 860 493 de
885 459 1037 494 anteana
1061 459 1131 493 vita
1158 459 1217 500 est,
1245 459 1369 494 statum
1395 460 1523 494 necesse
1551 461 1597 495 est
1621 459 1888 506 conjecturalem

398 509 535 544 habeat.
579 508 702 555 Capita
721 518 837 543 autem
856 519 936 555 quae
956 508 1023 555 ipse
1042 508 1180 542 Tullius
1199 507 1294 551 fecit,
1313 508 1500 543 dividendo
1520 519 1626 544 totam
1648 510 1735 544 hanc
1757 510 1888 544 accusa

399 558 547 601 tionem,
573 557 652 592 sunt
674 557 772 593 haec:
801 557 953 604 primum
980 569 1013 591 in
1038 558 1271 604 quaesturam:
1302 559 1427 592 deinde
1454 560 1486 592 in
1512 559 1722 605 legationem
1742 570 1777 593 et
1796 559 1889 593 vice-

398 607 631 655 quaesturam:
662 607 762 642 tertio
781 607 814 641 in
835 617 1023 654 praeturam
1044 607 1233 642 urbanam:
1262 618 1385 654 quarto
1404 609 1437 641 in
1458 619 1645 654 praeturam
1666 608 1889 644 Sicilienlem.

398 657 494 692 Nam
507 669 618 704 quum
633 668 755 692 omnes
770 655 842 702 ejus
858 657 952 691 aetus
968 656 1151 702 quaesturae
1166 657 1318 700 nomine,
1338 657 1533 704 legationis,
1555 668 1716 704 praeturae
1732 658 1890 700 urbanae,

399 706 655 752 Siciliensisque,
682 706 932 752 quadripartita
954 706 1124 740 librorum
1147 706 1312 741 divisione
1336 706 1609 753 cognoscamur.
1638 709 1792 742 anteacta
1815 706 1889 754 ejus

398 755 519 791 omnia
549 755 615 789 hoc
644 756 733 790 libro
759 754 1006 802 comprehensa
1031 754 1107 789 sunt
1133 755 1175 789 ad
1207 768 1329 790 eorum
1360 756 1466 791 fidem
1499 768 1579 802 quae
1611 756 1684 801 post
1715 756 1888 792 dicentur.

400 805 577 840 Prooemia
599 803 675 839 sane
698 802 800 850 hujus
822 804 899 839 libri
919 804 953 838 in
974 804 1189 839 fimulatione
1207 805 1391 840 constituta
1413 808 1501 845 sunt,
1529 806 1621 851 quasi
1642 817 1733 840 verae
1757 805 1890 840 accusa-

400 854 502 889 tionis
517 854 551 888 in
563 853 710 888 Verrem
726 854 913 888 audentem
929 853 1052 895 adesse,
1071 864 1175 900 atque
1189 852 1368 888 defensum
1388 868 1395 888 ε
1424 854 1455 888 in
1473 855 1711 889 exhortatione
1727 853 1889 900 judicum

400 904 444 938 ad
470 904 560 938 reete
579 901 835 949 judicandum:
864 913 940 937 tum
969 903 1001 937 in
1030 903 1132 938 minis
1159 914 1277 938 contra
1304 902 1534 939 adversarios:
1567 915 1601 938 et
1630 905 1661 938 in
1691 904 1890 939 exhibenda

398 953 530 988 ratione
547 952 650 986 officii
669 952 730 994 sui,
749 964 812 987 cur
828 953 875 987 ita
894 953 1052 987 maluerit
1069 952 1236 994 accusare,
1257 964 1293 987 ut
1308 954 1421 1000 prima
1437 954 1568 988 actione
1587 964 1722 988 tantum
1745 954 1888 988 testibus

400 1012 568 1037 uteretur.
620 1002 715 1046 Qae
736 1003 854 1036 omnia
872 1000 1037 1048 ejusmodi
1058 1001 1147 1044 sunt,
1175 1012 1213 1036 ut
1233 1015 1300 1036 non
1322 1013 1390 1036 tim
1412 1015 1501 1037 nova
1519 1005 1643 1043 dicere,
1671 1015 1776 1049 quam
1797 1004 1890 1038 dieta

400 1050 479 1085 libri
502 1050 681 1096 superioris
710 1050 893 1084 instaurare
915 1050 1085 1085 videatur.
1137 1051 1217 1086 Post
1244 1051 1317 1085 haec
1341 1054 1469 1093 omnia,
1498 1052 1601 1098 ipsius
1626 1053 1800 1087 (Ξὶιειοηίε
1828 1064 1890 1098 per

399 1099 546 1134 honores
559 1099 675 1133 Verris
693 1111 775 1135 cum
794 1099 996 1134 criminibus
1009 1098 1147 1145 junctos
1162 1100 1282 1134 divisio
1297 1113 1358 1147 per
1372 1101 1529 1135 ordinem
1549 1111 1750 1149 temporum
1769 1102 1888 1137 currit.

776 1200 820 1237 In
851 1200 895 1238 C.
925 1197 1075 1237 Verrem
1103 1199 1189 1238 Aa.
1220 1201 1276 1238 II.
1336 1198 1420 1237 Lib.
1451 1201 1507 1238 II.

509 1255 668 1306 Argum.
732 1256 742 1271 ²
862 1253 925 1292 De
953 1254 1214 1308 Jurffilicir'ione
1247 1253 1426 1305 Siciliezgfi.
1726 1268 1765 1307 p.
1799 1266 1888 1295 202.

449 1339 554 1375 HAEc
573 1341 640 1375 fine
655 1339 763 1375 dubio
778 1341 819 1375 ad
835 1341 1084 1376 accusationem
1104 1341 1267 1388 propositi
1283 1340 1435 1376 criminis
1451 1340 1576 1387 spefmt
1595 1341 1714 1376 oratio.
1742 1342 1887 1378 Narnia

398 1388 568 1436 superiore
583 1391 748 1425 anteaetae
763 1402 814 1424 res
829 1390 904 1425 sunt
918 1390 1102 1436 expositae:
1122 1402 1204 1437 quae
1221 1390 1302 1436 quia
1318 1391 1427 1436 magis
1443 1389 1605 1436 adjuvant
1622 1391 1888 1433 accusationem,

399 1450 507 1485 quam
526 1439 604 1486 ipsae
623 1439 686 1473 smt
704 1439 924 1486 principales,
952 1439 985 1474 in
1009 1452 1121 1475 unum
1145 1440 1274 1474 librum
1300 1443 1428 1474 coaciae
1455 1440 1532 1474 sunt
1553 1439 1688 1486 judicio
1712 1441 1888 1475 Ciceronis

399 1488 521 1522 curfim
541 1488 787 1530 enumerantis,
805 1501 885 1535 quae
901 1491 1025 1523 Verres
1044 1490 1213 1535 quaestom
1246 1502 1324 1535 quae
1344 1490 1602 1535 proquseflore3
1631 1501 1711 1535 quae
1732 1491 1888 1536 legatus-3

398 1549 480 1584 quae
497 1537 648 1584 denique
667 1549 795 1584 praetor
814 1539 965 1573 urbanus
984 1538 1166 1573 admiserit.
1220 1538 1294 1572 Ubi
1319 1550 1461 1572 ventum
1486 1541 1531 1572 est
1555 1540 1593 1572 ad
1616 1539 1748 1573 causam
1770 1539 1888 1585 ipsam,

398 1596 434 1620 et
448 1586 632 1621 Sicilienfia
645 1587 801 1628 crimina,
819 1599 970 1634 quatuor
985 1588 1091 1622 libros
1106 1587 1237 1622 edidit:
1269 1600 1376 1622 urium
1394 1589 1436 1622 de
1454 1586 1708 1632 juriluic‘tione3
1739 1589 1886 1624 alterum

399 1635 443 1669 de
469 1635 671 1676 frumento,
699 1637 841 1671 tertium
867 1638 910 1672 de
935 1637 1061 1683 fignis;
1090 1648 1253 1684 quartum
1279 1637 1320 1670 dc
1342 1636 1525 1683 suppliciis.
1578 1638 1616 1671 In
1638 1650 1706 1683 qua
1725 1638 1889 1672 distribu-

399 1684 492 1718 tione
519 1696 586 1719 non
611 1686 698 1719 ordo
721 1686 898 1732 temporis,
926 1687 981 1721 sed
1009 1685 1202 1721 facinorum
1225 1698 1353 1740 genera
1376 1698 1410 1720 et
1431 1696 1621 1728 momenta,
1650 1687 1776 1721 lervata
1798 1687 1886 1722 lunt.

400 1733 526 1780 Incipit
544 1744 660 1768 autem
680 1746 699 1768 a
717 1735 817 1769 laude
834 1735 973 1777 Siciliae,
992 1745 1027 1770 et
1045 1736 1223 1782 egreditur
1242 1736 1283 1769 ad
1303 1735 1431 1769 crimen
1452 1736 1588 1777 Dionis,
1607 1735 1732 1770 deinde
1752 1736 1887 1783 Sosippi

398 1792 432 1817 et
454 1782 637 1830 Epicratis.
689 1784 756 1818 Sed
781 1784 824 1818 de
843 1795 924 1830 Jure
947 1784 1144 1819 Siculorum
1167 1785 1282 1819 everlo
1305 1784 1427 1818 frustra
1445 1763 1588 1831 quidani
1607 1785 1813 1820 Ciceronem
1835 1798 1888 1820 re-

398 1832 634 1878 prehendunt,
661 1830 755 1878 quod
782 1846 850 1868 non
875 1834 955 1868 inde
985 1834 1155 1880 coeperit:
1183 1846 1264 1868 cum
1293 1834 1462 1880 superiora
1489 1834 1633 1868 elimina
1663 1847 1730 1868 non
1760 1844 1888 1880 egeant

398 1879 566 1927 ejusmodi
596 1882 752 1923 trafflitu,
781 1883 842 1928 qui
871 1884 913 1917 id
940 1883 1116 1929 sequentia
1139 1884 1308 1929 pertinet·
1303 1910 1311 1924 ‚
1340 1894 1373 1917 et
1392 1895 1465 1917 orat
1469 1883 1534 1917 oiis
1555 1883 1694 1918 consilio
1714 1897 1730 1918 a
1752 1884 1887 1930 mammis

378 1929 588 1977 'iisdemque
604 1931 804 1966 clarioribus
823 1932 1030 1967 sumendum
1049 1934 1129 1967 effet
1149 1933 1341 1967 exordium.
1388 1933 1511 1979 ltaque
1532 1933 1605 1980 post
1628 1933 1704 1975 hoc,
1732 1914 1831 1967 duom
1822 1933 1887 1968 cri-

398 1991 535 2014 minum
563 1992 691 2026 genera
717 1981 933 2027 persequitur
960 1983 1000 2017 ad
1023 1993 1235 2016 extremum.
1290 1983 1447 2016 Primum
1475 1983 1517 2017 (le
1542 1982 1732 2023 Heraclio,
1759 1983 1802 2016 (le
1827 1994 1888 2017 ex-

397 2030 512 2075 preffis
532 2029 720 2064 honoribus
740 2031 782 2064 ab
802 2031 941 2071 invitis·‚
993 2032 1036 2065 de
1057 2031 1192 2078 Epicra
1198 2044 1216 2065 e
1235 2031 1284 2065 ssi
1288 2031 1383 2071 lino,
1411 2031 1524 2077 deque
1545 2032 1646 2066 rebus
1666 2010 1886 2079 cap’italibus,

398 2077 459 2112 ubi
486 2078 529 2112 de
553 2079 712 2124 Sopatro,
739 2080 780 2113 de
803 2080 970 2114 Sthenio.
1000 2092 1079 2126 quse
1099 2081 1216 2114 omnia
1238 2080 1294 2114 sui
1301 2091 1313 2114 t
1340 2081 1382 2114 de
1403 2093 1482 2126 Jure
1502 2080 1665 2115 dicundo.
1719 2080 1886 2116 Alterum

397 2127 440 2161 de
467 2125 704 2168 senatoribu33
732 2128 774 2162 de
802 2128 1058 2173 sacerdotibus;
1087 2130 1128 2163 de
1156 2129 1353 2164 censoribus
1381 2131 1492 2175 pretio
1520 2142 1537 2163 a
1556 2131 1661 2164 Verre
1686 2129 1812 2170 factis,
1841 2130 1886 2168 de

396 2175 580 2210 collatione
605 2177 638 2210 in
665 2177 815 2218 statuas-‚
843 2178 886 2212 de
915 2179 1180 2225 publicanorum
1204 2191 1283 2214 cum
1304 2179 1407 2212 Verre
1433 2179 1674 2213 convenientia
1700 2179 1731 2213 in
1757 2178 1858 2212 furtis
1874 2196 1886 2220 ;

397 2225 440 2258 de
459 2225 582 2259 tabulis
603 2225 791 2272 Carpinatii
812 2229 974 2272 pecunias
996 2228 1112 2262 Verris
1131 2229 1413 2262 extraordinarias
1441 2229 1712 2262 continentibus.
1765 2228 1888 2263 Genus

397 2274 506 2325 causae
531 2275 565 2308 in
589 2275 753 2310 omnibus
774 2276 997 2312 Verrinarum
1022 2277 1116 2312 libris
1136 2277 1347 2312 admirabile.
1402 2278 1518 2312 Status
1546 2277 1779 2324 principaliter
1803 2288 1890 2312 con-

393 2323 538 2368 Jectura.
801 2356 804 2357 γ

447 2371 507 2407 To
518 2384 560 2407 M.
579 2373 640 2407 IV.
1310 2375 1346 2408 A
