2201 2792
536 244 613 285 232
965 230 1056 270 IN
1125 231 1506 271 VERREM

532 332 790 376 confirmavit,
822 343 898 375 eOS,
931 331 970 368 in
991 330 1193 368 Sthenium
1213 331 1404 383 quidquid
1424 331 1579 375 vellent,
1612 329 1724 368 fimul
1751 336 1865 381 atque
1879 327 1930 366 'ad

534 398 570 436 se
591 397 820 441 detulissent,
853 396 1091 448 probaturos.
1134 397 1191 433 Ita
1210 396 1269 433 illi
1298 409 1375 433 non
1396 396 1694 448 procrastinant,
1728 393 1931 432 Sthenium

534 463 660 501 statim
681 463 874 506 educunt;
893 462 999 498 aiunt
1019 461 1065 498 ab
1085 474 1130 498 eo
1149 461 1274 498 literas
1296 460 1468 513 publicas
1488 460 1558 498 effe
1578 468 1786 513 corruptas.
1815 458 1930 497 Sthe-

535 530 621 568 nius
641 529 817 582 postulat,
850 537 905 572 ut,
939 541 1029 565 cum
1061 527 1188 565 secum
1211 526 1267 564 sui
1294 527 1394 565 cives
1415 536 1528 579 agant
1557 527 1604 564 de
1623 527 1743 564 literis
1764 525 1931 578 publicis

535 596 738 648 corruptis,
759 594 881 646 ejusce
912 594 964 631 rei
995 593 1143 645 legibus
1165 591 1512 630 Thermitanorum
1540 593 1638 630 astio
1659 592 1728 629 sit:
1761 605 1853 629 cum
1873 590 1932 628 se-

535 671 645 700 natus
667 659 907 714 populusque
939 660 1139 697 Romanus
1161 657 1442 702 Thermitanis,
1478 658 1581 710 quod
1606 658 1752 710 semper
1771 657 1812 694 in
1831 656 1932 694 ami-

536 730 626 767 citia
646 728 797 780 fideque
817 725 1044 770 mansissent,
1079 726 1205 770 urbes,
1239 738 1361 778 agros,
1393 725 1569 777 legesque
1589 724 1668 762 suas
1689 721 1903 761 reddidisset
1918 741 1932 767 ς

536 795 772 846 Publiusque
793 792 975 845 Rupilius
1006 792 1131 844 postea
1150 792 1250 844 leges
1281 792 1334 829 ita
1354 791 1490 829 Siculis
1521 805 1567 829 ex
1587 788 1933 828 senatus-consulto

536 863 582 901 de
602 862 733 899 decem
765 860 979 912 legatorum
998 859 1180 896 sententia
1200 858 1368 903 dedisset,
1403 867 1444 896 ut
1464 858 1566 896 cives
1599 858 1698 895 inter
1718 856 1752 894 se
1784 856 1932 908 legibus

535 929 609 966 suis
630 935 784 979 agerent
799 944 811 970 ς
843 926 1023 977 idemque
1052 924 1126 963 hoc
1147 924 1323 963 habuerit
1343 925 1477 963 Verres
1497 924 1573 977 ipse
1604 924 1645 961 in
1664 923 1802 967 edifito,
1824 931 1867 960 ut
1887 921 1933 969 de

535 994 596 1032 his
618 993 801 1032 omnibus
821 992 938 1029 causis
959 991 993 1028 se
1012 991 1059 1028 ad
1080 991 1180 1043 leges
1202 992 1386 1042 rejiceret.

591 1060 676 1104 Iste,
708 1058 830 1097 homo
849 1058 1029 1096 omnium
1049 1056 1296 1109 aeqrxiffimus,
1328 1065 1442 1109 atque
1472 1069 1493 1094 a
1512 1056 1723 1109 cupiditate
1742 1055 1852 1094 omni
1872 1067 1931 1092 re-

534 1127 780 1170 motiffimus,
811 1125 847 1162 se
876 1124 1126 1176 cogniturum
1153 1122 1225 1161 effe
1253 1123 1489 1161 confirmat:
1521 1132 1695 1176 paratum
1716 1122 1762 1160 acl
1781 1121 1932 1160 causam

536 1193 738 1231 dicendam
772 1191 900 1228 venire
929 1189 1023 1227 hora
1057 1189 1159 1227 nona
1182 1190 1307 1241 jubet.
1353 1189 1448 1227 Non
1477 1197 1556 1226 erat
1585 1190 1806 1232 obscurum,
1838 1186 1934 1239 quid

535 1258 657 1296 homo
687 1256 887 1309 improbus
918 1269 960 1292 ac
990 1253 1155 1292 nefarius
1189 1255 1387 1306 cogitaret.
1431 1254 1571 1306 Neque
1601 1255 1707 1292 enim
1741 1253 1818 1306 ipse
1847 1253 1933 1290 satis

536 1323 745 1361 occultarat
762 1339 773 1365 ;
806 1334 875 1358 nec
907 1319 1045 1357 mulier
1065 1328 1186 1357 tacere
1206 1328 1367 1371 poterat.
1399 1318 1645 1357 Intelled'tum
1673 1319 1726 1357 est
1745 1319 1784 1356 id
1805 1317 1932 1371 ipsum

536 1403 658 1442 agere,
681 1397 737 1432 ut,
755 1400 847 1424 cum
869 1384 1073 1423 Sthenium
1094 1385 1168 1422 fine
1188 1385 1268 1422 ullo
1288 1393 1530 1436 argumento,
1551 1399 1594 1423 ac
1616 1385 1691 1423 fine
1711 1385 1802 1423 teste
1822 1384 1933 1424 dam-

537 1455 665 1500 nasset,
697 1463 782 1492 tum
815 1451 936 1490 homo
963 1450 1128 1489 nefarius
1163 1451 1210 1488 de
1242 1449 1402 1489 homine
1423 1451 1560 1495 nobili,
1592 1461 1706 1503 atque
1737 1451 1778 1489 id
1797 1451 1932 1496 aetatis,

537 1521 679 1573 suoque
709 1518 870 1571 hospite,
905 1517 1020 1569 virgis
1041 1516 1276 1570 supplicium
1310 1516 1564 1555 crudelissime
1594 1516 1771 1554 sumeret.
1815 1516 1935 1568 Qod

537 1601 630 1625 cum
650 1586 739 1624 effet
759 1584 1017 1637 perspicuum,
1049 1583 1095 1620 de
1115 1583 1344 1628 amicorum,
1379 1581 1654 1635 hospitumque
1673 1582 1828 1621 suorum
1847 1582 1934 1620 sen-

536 1654 668 1696 tentia,
691 1650 876 1690 Thermis
905 1647 1084 1686 Sthenius
1116 1649 1286 1686 Romam
1317 1647 1504 1700 profugit.
1536 1648 1675 1686 Hiemi
1695 1648 1780 1693 sese,
1805 1647 1934 1686 fiucti-

537 1719 682 1770 busque
702 1716 946 1755 committere
965 1714 1117 1760 maluit,
1139 1710 1256 1767 quam
1278 1727 1355 1752 non
1375 1713 1486 1752 istam
1505 1727 1759 1753 communem
1781 1713 1933 1753 Siculo-

536 1799 624 1826 rum
645 1782 923 1835 tempestatem,
945 1781 1278 1833 calamitatemque
1298 1781 1428 1819 vitare.

592 1849 825 1888 XXXVIII.
858 1847 930 1884 Iste
960 1845 1081 1884 homo
1106 1856 1231 1884 certus
1268 1856 1305 1884 et
1338 1847 1514 1899 diligens,
1545 1846 1592 1884 ad
1621 1845 1755 1884 horam
1790 1859 1934 1884 nonam

538 1916 670 1969 praesto
690 1914 755 1952 est.
787 1912 992 1951 Sthenium
1013 1913 1271 1963 citarijubet;
1304 1925 1421 1964 quem
1449 1913 1693 1964 posteaquam
1724 1912 1827 1950 videt
1855 1926 1934 1950 non

535 1981 669 2025 adesse,
692 1980 821 2017 dolore
841 1979 981 2022 ardere,
1010 1987 1123 2030 atque
1143 1979 1338 2015 iracundia
1357 1977 1481 2016 furere
1502 1980 1620 2031 coepit
1639 1994 1647 2017 :
1680 1979 1862 2017 Venerios
1893 1980 1935 2017 in

538 2048 701 2085 domum
735 2044 881 2083 Sthenii
914 2045 1094 2088 mittere;
1127 2044 1272 2096 equites
1305 2045 1453 2081 circum
1485 2058 1591 2097 agros
1623 2046 1716 2096 ejus,
1752 2045 1936 2097 villasque

536 2114 747 2151 dimittere.
771 2112 904 2162 Itaque
925 2111 1018 2148 dum
1039 2112 1223 2162 expectat,
1238 2110 1423 2162 quidnam
1444 2110 1513 2148 fibi
1528 2111 1620 2148 certi
1642 2110 1832 2156 afferatur,
1851 2119 1937 2148 ante

536 2179 671 2217 horam
693 2177 843 2215 tertiam
866 2177 985 2214 nostis
1006 2176 1051 2213 de
1072 2175 1156 2213 foro
1189 2190 1266 2214 non
1297 2176 1469 2214 discesfit.
1516 2176 1700 2214 Postridie
1734 2189 1845 2214 mane
1865 2175 1934 2213 de-

538 2245 710 2283 scendit:
744 2241 987 2294 Agathinum
1008 2242 1052 2278 ad
1073 2241 1145 2278 sese
1163 2251 1294 2280 vocat:
1321 2243 1432 2293 jubet
1452 2256 1541 2279 eum
1563 2243 1608 2279 de
1627 2242 1745 2278 literis
1767 2241 1933 2292 publicis

540 2313 579 2350 in
614 2310 805 2348 absentem
837 2307 1039 2345 Sthenium
1061 2307 1198 2344 dicere.
1231 2308 1322 2345 Erat
1353 2307 1539 2358 ejusmodi
1561 2307 1680 2351 causa,
1718 2316 1760 2343 ut
1792 2307 1856 2344 ille
1888 2320 1935 2344 ne

540 2378 616 2415 fine
647 2375 853 2413 adversario
884 2372 1042 2425 quidem
1073 2372 1174 2424 apud
1195 2373 1401 2410 inimicum
1422 2372 1596 2424 judicem
1630 2373 1789 2424 reperire
1809 2372 1933 2424 possit,

539 2443 633 2494 quid
665 2442 830 2479 diceret:
868 2440 997 2491 itaque
1027 2436 1177 2476 tantum
1208 2438 1322 2476 verbo
1355 2438 1495 2490 posuit,
1529 2438 1725 2475 Sacerdote
1756 2439 1933 2483 Praetore,

540 2506 744 2546 Sthenium
766 2507 890 2544 literas
911 2505 1084 2558 publicas
1115 2503 1331 2556 corrupiffe.
1369 2504 1446 2541 Vix
1473 2503 1537 2541 ille
1557 2503 1632 2542 hoc
1652 2504 1811 2548 dixerat,
1842 2517 1934 2542 cum

538 2574 606 2614 iste
626 2573 862 2627 pronuntiat,
894 2572 1078 2613 Sthenium
1095 2571 1220 2611 literas
1230 2570 1394 2625 publicas
1417 2569 1603 2625 corrupff’
1622 2570 1761 2618 videri,
1793 2580 1830 2610 et
1853 2569 1934 2609 haec
