<?xml version="1.0" encoding="UTF-8"?>
<!DOCTYPE html PUBLIC "-//W3C//DTD XHTML 1.0 Transitional//EN"
    "http://www.w3.org/TR/xhtml1/DTD/xhtml1-transitional.dtd">
<html xmlns="http://www.w3.org/1999/xhtml" xml:lang="en" lang="en">
 <head>
  <title>
</title>
<meta http-equiv="Content-Type" content="text/html;charset=utf-8" />
  <meta name='ocr-system' content='tesseract 3.04.00' />
  <meta name='ocr-capabilities' content='ocr_page ocr_carea ocr_par ocr_line ocrx_word'/>
</head>
<body>
  <div class='ocr_page' id='page_1' title='image "./operacumindicibu04ciceuoft_0428.png"; bbox 0 0 2201 2792; ppageno 0'>
   <div class='ocr_carea' id='block_1_1' title="bbox 550 137 1527 191">
    <p class='ocr_par' dir='ltr' id='par_1_1' title="bbox 550 137 1527 191">
     <span class='ocr_line' id='line_1_1' title="bbox 550 137 1527 191; baseline -0.004 -12"><span class='ocrx_word' id='word_1_1' title='bbox 550 141 626 191; x_wconf 70' lang='lat'><strong>408</strong></span> <span class='ocrx_word' id='word_1_2' title='bbox 982 138 1073 177; x_wconf 81' lang='grc' dir='ltr'><strong>ΙΝ</strong></span> <span class='ocrx_word' id='word_1_3' title='bbox 1145 137 1527 177; x_wconf 80' lang='lat' dir='ltr'>VERREM</span> 
     </span>
    </p>
   </div>
   <div class='ocr_carea' id='block_1_2' title="bbox 548 235 1962 2549">
    <p class='ocr_par' dir='ltr' id='par_1_2' title="bbox 548 235 1953 756">
     <span class='ocr_line' id='line_1_2' title="bbox 548 235 1950 291; baseline -0.002 -14"><span class='ocrx_word' id='word_1_4' title='bbox 548 240 657 291; x_wconf 82' lang='lat' dir='ltr'><strong>plura</strong></span> <span class='ocrx_word' id='word_1_5' title='bbox 677 239 809 283; x_wconf 79' lang='lat' dir='ltr'><strong>etiam,</strong></span> <span class='ocrx_word' id='word_1_6' title='bbox 840 251 956 290; x_wconf 77' lang='lat' dir='ltr'><strong>quam</strong></span> <span class='ocrx_word' id='word_1_7' title='bbox 978 251 1050 290; x_wconf 87' lang='lat' dir='ltr'><strong>ego</strong></span> <span class='ocrx_word' id='word_1_8' title='bbox 1068 237 1179 290; x_wconf 91' lang='lat' dir='ltr'><strong>potui</strong></span> <span class='ocrx_word' id='word_1_9' title='bbox 1199 236 1324 275; x_wconf 85' lang='lat' dir='ltr'><strong>dicere</strong></span> <span class='ocrx_word' id='word_1_10' title='bbox 1343 252 1351 276; x_wconf 91' lang='lat'>:</span> <span class='ocrx_word' id='word_1_11' title='bbox 1384 237 1590 290; x_wconf 84' lang='lat' dir='ltr'><strong>perscripta</strong></span> <span class='ocrx_word' id='word_1_12' title='bbox 1611 245 1738 275; x_wconf 87' lang='lat' dir='ltr'><strong>autem</strong></span> <span class='ocrx_word' id='word_1_13' title='bbox 1760 235 1835 274; x_wconf 89' lang='lat' dir='ltr'><strong>hoc</strong></span> <span class='ocrx_word' id='word_1_14' title='bbox 1862 249 1950 274; x_wconf 86' lang='lat' dir='ltr'><strong>mo-</strong></span> 
     </span>
     <span class='ocr_line' id='line_1_3' title="bbox 549 302 1950 356; baseline -0.002 -13"><span class='ocrx_word' id='word_1_15' title='bbox 549 306 612 349; x_wconf 82' lang='lat' dir='ltr'><strong>do,</strong></span> <span class='ocrx_word' id='word_1_16' title='bbox 636 304 740 356; x_wconf 60' lang='lat' dir='ltr'><strong>Qto‘d</strong></span> <span class='ocrx_word' id='word_1_17' title='bbox 754 319 796 342; x_wconf 81' lang='lat' dir='ltr'><strong>ex</strong></span> <span class='ocrx_word' id='word_1_18' title='bbox 815 303 887 342; x_wconf 61' lang='lat' dir='ltr'><strong>(ede</strong></span> <span class='ocrx_word' id='word_1_19' title='bbox 907 304 1097 342; x_wconf 68' lang='lat' dir='ltr'><strong>M&#39;nervae</strong></span> <span class='ocrx_word' id='word_1_20' title='bbox 1115 302 1191 340; x_wconf 90' lang='lat' dir='ltr'><strong>hoc</strong></span> <span class='ocrx_word' id='word_1_21' title='bbox 1209 313 1247 340; x_wconf 91' lang='lat' dir='ltr'><strong>et</strong></span> <span class='ocrx_word' id='word_1_22' title='bbox 1268 303 1365 341; x_wconf 87' lang='lat' dir='ltr'><strong>illud</strong></span> <span class='ocrx_word' id='word_1_23' title='bbox 1386 303 1511 356; x_wconf 56' lang='lat' dir='ltr'><em>abgffet</em></span> <span class='ocrx_word' id='word_1_24' title='bbox 1525 322 1536 348; x_wconf 78' lang='lat'>3</span> <span class='ocrx_word' id='word_1_25' title='bbox 1561 302 1654 356; x_wconf 56' lang='lat' dir='ltr'><strong>quo‘d</strong></span> <span class='ocrx_word' id='word_1_26' title='bbox 1668 318 1710 341; x_wconf 78' lang='lat' dir='ltr'><strong>ex</strong></span> <span class='ocrx_word' id='word_1_27' title='bbox 1729 302 1801 341; x_wconf 70' lang='lat' dir='ltr'><strong>(ede</strong></span> <span class='ocrx_word' id='word_1_28' title='bbox 1822 302 1950 355; x_wconf 70' lang='lat' dir='ltr'><strong>Jovis,</strong></span> 
     </span>
     <span class='ocr_line' id='line_1_4' title="bbox 549 368 1948 424; baseline -0.003 -14"><span class='ocrx_word' id='word_1_29' title='bbox 549 371 641 424; x_wconf 55' lang='lat' dir='ltr'><strong>quid</strong></span> <span class='ocrx_word' id='word_1_30' title='bbox 656 386 698 409; x_wconf 59' lang='lat' dir='ltr'><strong>rx</strong></span> <span class='ocrx_word' id='word_1_31' title='bbox 718 370 790 409; x_wconf 70' lang='lat' dir='ltr'><strong>(ede</strong></span> <span class='ocrx_word' id='word_1_32' title='bbox 811 370 953 409; x_wconf 71' lang='lat' dir='ltr'><strong>Liberi.</strong></span> <span class='ocrx_word' id='word_1_33' title='bbox 998 371 1056 407; x_wconf 93' lang='lat' dir='ltr'><strong>Ut</strong></span> <span class='ocrx_word' id='word_1_34' title='bbox 1076 369 1237 421; x_wconf 88' lang='lat' dir='ltr'><strong>quisque</strong></span> <span class='ocrx_word' id='word_1_35' title='bbox 1258 371 1311 407; x_wconf 83' lang='lat' dir='ltr'><strong>eis</strong></span> <span class='ocrx_word' id='word_1_36' title='bbox 1334 370 1446 407; x_wconf 82' lang='lat' dir='ltr'><strong>rebus</strong></span> <span class='ocrx_word' id='word_1_37' title='bbox 1469 370 1634 414; x_wconf 84' lang='lat' dir='ltr'><strong>tuendis,</strong></span> <span class='ocrx_word' id='word_1_38' title='bbox 1666 368 1948 407; x_wconf 65' lang='lat' dir='ltr'><strong>conservandis-</strong></span> 
     </span>
     <span class='ocr_line' id='line_1_5' title="bbox 549 434 1951 489; baseline -0.003 -15"><span class='ocrx_word' id='word_1_39' title='bbox 549 451 623 489; x_wconf 80' lang='lat' dir='ltr'><strong>que</strong></span> <span class='ocrx_word' id='word_1_40' title='bbox 646 436 858 489; x_wconf 79' lang='lat' dir='ltr'><strong>praefuerat,</strong></span> <span class='ocrx_word' id='word_1_41' title='bbox 881 436 933 473; x_wconf 82' lang='lat' dir='ltr'><strong>ita</strong></span> <span class='ocrx_word' id='word_1_42' title='bbox 952 435 1213 488; x_wconf 86' lang='lat' dir='ltr'><strong>perscriptum¹</strong></span> <span class='ocrx_word' id='word_1_43' title='bbox 1229 445 1320 479; x_wconf 84' lang='lat' dir='ltr'><strong>erat,</strong></span> <span class='ocrx_word' id='word_1_44' title='bbox 1352 448 1443 472; x_wconf 86' lang='lat' dir='ltr'><strong>cum</strong></span> <span class='ocrx_word' id='word_1_45' title='bbox 1467 436 1655 473; x_wconf 85' lang='lat' dir='ltr'><strong>rationem</strong></span> <span class='ocrx_word' id='word_1_46' title='bbox 1677 449 1722 473; x_wconf 80' lang='lat' dir='ltr'><strong>ex</strong></span> <span class='ocrx_word' id='word_1_47' title='bbox 1754 435 1837 487; x_wconf 76' lang='lat' dir='ltr'><strong>lege</strong></span> <span class='ocrx_word' id='word_1_48' title='bbox 1865 434 1951 471; x_wconf 82' lang='lat' dir='ltr'><strong>red-</strong></span> 
     </span>
     <span class='ocr_line' id='line_1_6' title="bbox 549 500 1953 555; baseline -0.002 -14"><span class='ocrx_word' id='word_1_49' title='bbox 549 504 667 548; x_wconf 84' lang='lat' dir='ltr'><strong>deret,</strong></span> <span class='ocrx_word' id='word_1_50' title='bbox 689 514 727 540; x_wconf 88' lang='lat' dir='ltr'><strong>et</strong></span> <span class='ocrx_word' id='word_1_51' title='bbox 748 517 833 555; x_wconf 83' lang='lat' dir='ltr'><strong>quae</strong></span> <span class='ocrx_word' id='word_1_52' title='bbox 852 510 1061 554; x_wconf 83' lang='lat' dir='ltr'><strong>acceperat,</strong></span> <span class='ocrx_word' id='word_1_53' title='bbox 1098 501 1254 539; x_wconf 82' lang='lat' dir='ltr'><strong>deberet</strong></span> <span class='ocrx_word' id='word_1_54' title='bbox 1276 501 1445 545; x_wconf 80' lang='lat' dir='ltr'><strong>tradere;</strong></span> <span class='ocrx_word' id='word_1_55' title='bbox 1477 501 1622 553; x_wconf 86' lang='lat' dir='ltr'><strong>petiffe,</strong></span> <span class='ocrx_word' id='word_1_56' title='bbox 1659 512 1702 539; x_wconf 88' lang='lat' dir='ltr'><strong>ut</strong></span> <span class='ocrx_word' id='word_1_57' title='bbox 1729 502 1812 546; x_wconf 82' lang='lat' dir='ltr'><strong>fibi,</strong></span> <span class='ocrx_word' id='word_1_58' title='bbox 1846 500 1953 552; x_wconf 89' lang='lat' dir='ltr'><strong>quod</strong></span> 
     </span>
     <span class='ocr_line' id='line_1_7' title="bbox 549 567 1950 621; baseline -0.001 -14"><span class='ocrx_word' id='word_1_59' title='bbox 549 570 608 608; x_wconf 78' lang='lat' dir='ltr'><strong>hae</strong></span> <span class='ocrx_word' id='word_1_60' title='bbox 630 584 685 608; x_wconf 80' lang='lat' dir='ltr'><strong>res</strong></span> <span class='ocrx_word' id='word_1_61' title='bbox 706 569 884 614; x_wconf 76' lang='lat' dir='ltr'><strong>abeffent,</strong></span> <span class='ocrx_word' id='word_1_62' title='bbox 918 568 1176 621; x_wconf 85' lang='lat' dir='ltr'><strong>ignosceretur</strong></span> <span class='ocrx_word' id='word_1_63' title='bbox 1194 583 1203 606; x_wconf 92' lang='grc'>;</span> <span class='ocrx_word' id='word_1_64' title='bbox 1235 569 1365 620; x_wconf 83' lang='lat' dir='ltr'><strong>itaque</strong></span> <span class='ocrx_word' id='word_1_65' title='bbox 1386 581 1519 606; x_wconf 85' lang='lat' dir='ltr'><strong>omnes</strong></span> <span class='ocrx_word' id='word_1_66' title='bbox 1541 567 1719 606; x_wconf 83' lang='lat' dir='ltr'><strong>liberatos</strong></span> <span class='ocrx_word' id='word_1_67' title='bbox 1741 567 1950 611; x_wconf 79' lang='lat' dir='ltr'><strong>disceffiffe,</strong></span> 
     </span>
     <span class='ocr_line' id='line_1_8' title="bbox 549 634 1953 689; baseline -0.002 -15"><span class='ocrx_word' id='word_1_68' title='bbox 549 647 586 674; x_wconf 87' lang='lat' dir='ltr'><strong>et</strong></span> <span class='ocrx_word' id='word_1_69' title='bbox 607 636 677 674; x_wconf 82' lang='lat' dir='ltr'><strong>effe</strong></span> <span class='ocrx_word' id='word_1_70' title='bbox 699 638 881 689; x_wconf 83' lang='lat' dir='ltr'><strong>ignotum</strong></span> <span class='ocrx_word' id='word_1_71' title='bbox 902 636 1085 674; x_wconf 81' lang='lat' dir='ltr'><strong>omnibus</strong></span> <span class='ocrx_word' id='word_1_72' title='bbox 1104 650 1113 674; x_wconf 74' lang='grc' dir='ltr'>ε</span> <span class='ocrx_word' id='word_1_73' title='bbox 1147 649 1239 688; x_wconf 84' lang='lat' dir='ltr'><strong>quas</strong></span> <span class='ocrx_word' id='word_1_74' title='bbox 1270 649 1341 688; x_wconf 83' lang='lat' dir='ltr'><strong>ego</strong></span> <span class='ocrx_word' id='word_1_75' title='bbox 1362 635 1488 673; x_wconf 79' lang='lat' dir='ltr'><strong>literas</strong></span> <span class='ocrx_word' id='word_1_76' title='bbox 1509 634 1759 688; x_wconf 75' lang='lat' dir='ltr'><strong>obsignandas</strong></span> <span class='ocrx_word' id='word_1_77' title='bbox 1791 634 1953 687; x_wconf 87' lang='lat' dir='ltr'><strong>publico</strong></span> 
     </span>
     <span class='ocr_line' id='line_1_9' title="bbox 551 702 1184 756; baseline -0.002 -15"><span class='ocrx_word' id='word_1_78' title='bbox 551 704 670 756; x_wconf 73' lang='lat' dir='ltr'><strong>signo,</strong></span> <span class='ocrx_word' id='word_1_79' title='bbox 693 702 1020 756; x_wconf 83' lang='lat' dir='ltr'><strong>deportandasque</strong></span> <span class='ocrx_word' id='word_1_80' title='bbox 1040 703 1184 740; x_wconf 88' lang='lat' dir='ltr'><strong>curavi.</strong></span> 
     </span>
    </p>

    <p class='ocr_par' dir='ltr' id='par_1_3' title="bbox 549 768 1956 1352">
     <span class='ocr_line' id='line_1_10' title="bbox 609 768 1955 813; baseline -0.002 -5"><span class='ocrx_word' id='word_1_81' title='bbox 609 772 670 808; x_wconf 86' lang='lat' dir='ltr'><strong>De</strong></span> <span class='ocrx_word' id='word_1_82' title='bbox 705 770 923 808; x_wconf 79' lang='lat' dir='ltr'><strong>laudatione</strong></span> <span class='ocrx_word' id='word_1_83' title='bbox 953 779 1083 808; x_wconf 79' lang='lat' dir='ltr'><strong>autem</strong></span> <span class='ocrx_word' id='word_1_84' title='bbox 1116 769 1210 807; x_wconf 81' lang='lat' dir='ltr'><strong>ratio</strong></span> <span class='ocrx_word' id='word_1_85' title='bbox 1231 768 1280 806; x_wconf 86' lang='lat' dir='ltr'><strong>fic</strong></span> <span class='ocrx_word' id='word_1_86' title='bbox 1316 769 1463 806; x_wconf 89' lang='lat' dir='ltr'><strong>reddita</strong></span> <span class='ocrx_word' id='word_1_87' title='bbox 1481 769 1546 807; x_wconf 90' lang='lat' dir='ltr'><strong>est.</strong></span> <span class='ocrx_word' id='word_1_88' title='bbox 1580 769 1776 813; x_wconf 86' lang='lat' dir='ltr'><strong>Primum,</strong></span> <span class='ocrx_word' id='word_1_89' title='bbox 1810 782 1902 806; x_wconf 88' lang='lat' dir='ltr'><strong>cum</strong></span> <span class='ocrx_word' id='word_1_90' title='bbox 1934 781 1955 804; x_wconf 83' lang='lat' dir='ltr'>a</span> 
     </span>
     <span class='ocr_line' id='line_1_11' title="bbox 552 835 1953 888; baseline -0.001 -15"><span class='ocrx_word' id='word_1_91' title='bbox 552 838 670 874; x_wconf 86' lang='lat' dir='ltr'><strong>Verre</strong></span> <span class='ocrx_word' id='word_1_92' title='bbox 690 837 809 874; x_wconf 73' lang='lat' dir='ltr'><strong>litera:</strong></span> <span class='ocrx_word' id='word_1_93' title='bbox 831 836 1028 888; x_wconf 87' lang='lat' dir='ltr'><strong>aliquanto</strong></span> <span class='ocrx_word' id='word_1_94' title='bbox 1049 844 1136 873; x_wconf 90' lang='lat' dir='ltr'><strong>ante</strong></span> <span class='ocrx_word' id='word_1_95' title='bbox 1167 836 1376 873; x_wconf 88' lang='lat' dir='ltr'><strong>adventum</strong></span> <span class='ocrx_word' id='word_1_96' title='bbox 1398 848 1547 880; x_wconf 89' lang='lat' dir='ltr'><strong>meum,</strong></span> <span class='ocrx_word' id='word_1_97' title='bbox 1582 835 1628 873; x_wconf 90' lang='lat' dir='ltr'><strong>de</strong></span> <span class='ocrx_word' id='word_1_98' title='bbox 1648 835 1866 872; x_wconf 80' lang='lat' dir='ltr'><strong>laudatione</strong></span> <span class='ocrx_word' id='word_1_99' title='bbox 1887 847 1953 871; x_wconf 90' lang='lat' dir='ltr'><strong>ve-</strong></span> 
     </span>
     <span class='ocr_line' id='line_1_12' title="bbox 552 901 1952 954; baseline -0.002 -13"><span class='ocrx_word' id='word_1_100' title='bbox 552 903 702 948; x_wconf 79' lang='lat' dir='ltr'><strong>niffent‚</strong></span> <span class='ocrx_word' id='word_1_101' title='bbox 730 902 829 940; x_wconf 85' lang='lat' dir='ltr'><strong>nihil</strong></span> <span class='ocrx_word' id='word_1_102' title='bbox 850 903 922 940; x_wconf 85' lang='lat' dir='ltr'><strong>effe</strong></span> <span class='ocrx_word' id='word_1_103' title='bbox 942 903 1141 940; x_wconf 90' lang='lat' dir='ltr'><strong>decretum</strong></span> <span class='ocrx_word' id='word_1_104' title='bbox 1160 917 1169 940; x_wconf 80' lang='lat' dir='ltr'>z</span> <span class='ocrx_word' id='word_1_105' title='bbox 1193 902 1344 946; x_wconf 89' lang='lat' dir='ltr'><strong>deinde,</strong></span> <span class='ocrx_word' id='word_1_106' title='bbox 1367 916 1458 940; x_wconf 88' lang='lat' dir='ltr'><strong>cum</strong></span> <span class='ocrx_word' id='word_1_107' title='bbox 1477 902 1636 954; x_wconf 82' lang='lat' dir='ltr'><strong>quidam</strong></span> <span class='ocrx_word' id='word_1_108' title='bbox 1659 915 1704 939; x_wconf 80' lang='lat' dir='ltr'><strong>ex</strong></span> <span class='ocrx_word' id='word_1_109' title='bbox 1726 902 1830 939; x_wconf 86' lang='lat' dir='ltr'><strong>illius</strong></span> <span class='ocrx_word' id='word_1_110' title='bbox 1852 901 1952 939; x_wconf 85' lang='lat' dir='ltr'><strong>ami-</strong></span> 
     </span>
     <span class='ocr_line' id='line_1_13' title="bbox 551 968 1954 1022; baseline -0.002 -14"><span class='ocrx_word' id='word_1_111' title='bbox 551 971 605 1008; x_wconf 83' lang='lat' dir='ltr'><strong>cis</strong></span> <span class='ocrx_word' id='word_1_112' title='bbox 640 980 949 1014; x_wconf 86' lang='lat' dir='ltr'><strong>commonerent,</strong></span> <span class='ocrx_word' id='word_1_113' title='bbox 980 977 1155 1022; x_wconf 88' lang='lat' dir='ltr'><strong>oportere</strong></span> <span class='ocrx_word' id='word_1_114' title='bbox 1192 968 1344 1006; x_wconf 81' lang='lat' dir='ltr'><strong>decerni</strong></span> <span class='ocrx_word' id='word_1_115' title='bbox 1360 987 1371 1013; x_wconf 76' lang='lat'>3</span> <span class='ocrx_word' id='word_1_116' title='bbox 1405 969 1579 1006; x_wconf 80' lang='lat' dir='ltr'><strong>maximo</strong></span> <span class='ocrx_word' id='word_1_117' title='bbox 1614 968 1685 1006; x_wconf 80' lang='lat' dir='ltr'><strong>effe</strong></span> <span class='ocrx_word' id='word_1_118' title='bbox 1718 968 1886 1005; x_wconf 82' lang='lat' dir='ltr'><strong>clamore</strong></span> <span class='ocrx_word' id='word_1_119' title='bbox 1916 976 1954 1004; x_wconf 91' lang='lat' dir='ltr'><strong>et</strong></span> 
     </span>
     <span class='ocr_line' id='line_1_14' title="bbox 549 1035 1954 1089; baseline -0.002 -15"><span class='ocrx_word' id='word_1_120' title='bbox 549 1038 730 1075; x_wconf 89' lang='lat' dir='ltr'><strong>convicio</strong></span> <span class='ocrx_word' id='word_1_121' title='bbox 751 1037 996 1089; x_wconf 83' lang='lat' dir='ltr'><strong>repudiatos:</strong></span> <span class='ocrx_word' id='word_1_122' title='bbox 1028 1035 1272 1088; x_wconf 84' lang='lat' dir='ltr'><strong>posteaquam</strong></span> <span class='ocrx_word' id='word_1_123' title='bbox 1307 1049 1416 1073; x_wconf 85' lang='lat' dir='ltr'><strong>meus</strong></span> <span class='ocrx_word' id='word_1_124' title='bbox 1453 1035 1637 1073; x_wconf 85' lang='lat' dir='ltr'><strong>adventus</strong></span> <span class='ocrx_word' id='word_1_125' title='bbox 1667 1035 1954 1088; x_wconf 86' lang='lat' dir='ltr'><strong>appropinqua-</strong></span> 
     </span>
     <span class='ocr_line' id='line_1_15' title="bbox 552 1101 1956 1156; baseline -0.003 -15"><span class='ocrx_word' id='word_1_126' title='bbox 552 1104 615 1148; x_wconf 86' lang='lat' dir='ltr'><strong>rit,</strong></span> <span class='ocrx_word' id='word_1_127' title='bbox 648 1103 844 1156; x_wconf 62' lang='lat' dir='ltr'><strong>imperafi‘e</strong></span> <span class='ocrx_word' id='word_1_128' title='bbox 865 1116 971 1147; x_wconf 88' lang='lat' dir='ltr'><strong>eum,</strong></span> <span class='ocrx_word' id='word_1_129' title='bbox 1003 1103 1071 1154; x_wconf 91' lang='lat' dir='ltr'><strong>qui</strong></span> <span class='ocrx_word' id='word_1_130' title='bbox 1093 1102 1284 1140; x_wconf 79' lang='lat' dir='ltr'><strong>summam</strong></span> <span class='ocrx_word' id='word_1_131' title='bbox 1308 1101 1532 1154; x_wconf 81' lang='lat' dir='ltr'><strong>potestatem</strong></span> <span class='ocrx_word' id='word_1_132' title='bbox 1553 1101 1723 1146; x_wconf 77' lang='lat' dir='ltr'><strong>haberet,</strong></span> <span class='ocrx_word' id='word_1_133' title='bbox 1758 1111 1800 1139; x_wconf 89' lang='lat' dir='ltr'><strong>ut</strong></span> <span class='ocrx_word' id='word_1_134' title='bbox 1821 1101 1956 1153; x_wconf 88' lang='lat' dir='ltr'><strong>decer-</strong></span> 
     </span>
     <span class='ocr_line' id='line_1_16' title="bbox 552 1167 1954 1221; baseline -0.002 -13"><span class='ocrx_word' id='word_1_135' title='bbox 552 1181 713 1208; x_wconf 85' lang='lat' dir='ltr'><strong>nerent:</strong></span> <span class='ocrx_word' id='word_1_136' title='bbox 746 1170 944 1208; x_wconf 81' lang='lat' dir='ltr'><strong>decretum</strong></span> <span class='ocrx_word' id='word_1_137' title='bbox 980 1170 1033 1206; x_wconf 84' lang='lat' dir='ltr'><strong>ita</strong></span> <span class='ocrx_word' id='word_1_138' title='bbox 1066 1168 1149 1213; x_wconf 82' lang='lat' dir='ltr'><strong>effe,</strong></span> <span class='ocrx_word' id='word_1_139' title='bbox 1182 1178 1226 1206; x_wconf 87' lang='lat' dir='ltr'><strong>ut</strong></span> <span class='ocrx_word' id='word_1_140' title='bbox 1260 1168 1386 1206; x_wconf 88' lang='lat' dir='ltr'><strong>multo</strong></span> <span class='ocrx_word' id='word_1_141' title='bbox 1420 1168 1508 1221; x_wconf 90' lang='lat' dir='ltr'><strong>plus</strong></span> <span class='ocrx_word' id='word_1_142' title='bbox 1545 1169 1611 1206; x_wconf 80' lang='lat' dir='ltr'><strong>illa</strong></span> <span class='ocrx_word' id='word_1_143' title='bbox 1646 1168 1815 1206; x_wconf 85' lang='lat' dir='ltr'><strong>laudatio</strong></span> <span class='ocrx_word' id='word_1_144' title='bbox 1846 1167 1954 1211; x_wconf 86' lang='lat' dir='ltr'><strong>mali,</strong></span> 
     </span>
     <span class='ocr_line' id='line_1_17' title="bbox 552 1232 1955 1288; baseline -0.003 -14"><span class='ocrx_word' id='word_1_145' title='bbox 552 1250 670 1288; x_wconf 80' lang='lat' dir='ltr'><strong>quam</strong></span> <span class='ocrx_word' id='word_1_146' title='bbox 693 1236 785 1274; x_wconf 89' lang='lat' dir='ltr'><strong>boni</strong></span> <span class='ocrx_word' id='word_1_147' title='bbox 807 1235 918 1288; x_wconf 85' lang='lat' dir='ltr'><strong>poffit</strong></span> <span class='ocrx_word' id='word_1_148' title='bbox 939 1234 1085 1272; x_wconf 84' lang='lat' dir='ltr'><strong>afferre.</strong></span> <span class='ocrx_word' id='word_1_149' title='bbox 1119 1234 1164 1272; x_wconf 91' lang='lat' dir='ltr'><strong>Id</strong></span> <span class='ocrx_word' id='word_1_150' title='bbox 1185 1234 1291 1278; x_wconf 84' lang='lat' dir='ltr'><strong>adeo,</strong></span> <span class='ocrx_word' id='word_1_151' title='bbox 1314 1234 1486 1284; x_wconf 80' lang='lat' dir='ltr'><strong>JudiceS,</strong></span> <span class='ocrx_word' id='word_1_152' title='bbox 1516 1243 1559 1272; x_wconf 93' lang='lat' dir='ltr'><strong>ut</strong></span> <span class='ocrx_word' id='word_1_153' title='bbox 1579 1232 1681 1272; x_wconf 91' lang='lat' dir='ltr'><strong>mihi</strong></span> <span class='ocrx_word' id='word_1_154' title='bbox 1713 1233 1760 1271; x_wconf 79' lang='lat' dir='ltr'><strong>ab</strong></span> <span class='ocrx_word' id='word_1_155' title='bbox 1787 1232 1864 1271; x_wconf 92' lang='lat' dir='ltr'><strong>illis</strong></span> <span class='ocrx_word' id='word_1_156' title='bbox 1885 1233 1955 1270; x_wconf 86' lang='lat' dir='ltr'><strong>de-</strong></span> 
     </span>
     <span class='ocr_line' id='line_1_18' title="bbox 553 1300 1471 1352; baseline -0.004 -11"><span class='ocrx_word' id='word_1_157' title='bbox 553 1303 808 1341; x_wconf 82' lang='lat' dir='ltr'><strong>monstratum</strong></span> <span class='ocrx_word' id='word_1_158' title='bbox 830 1302 895 1346; x_wconf 88' lang='lat' dir='ltr'><strong>est,</strong></span> <span class='ocrx_word' id='word_1_159' title='bbox 929 1302 978 1339; x_wconf 85' lang='lat' dir='ltr'><strong>fic</strong></span> <span class='ocrx_word' id='word_1_160' title='bbox 999 1314 1064 1339; x_wconf 81' lang='lat' dir='ltr'><strong>vos</strong></span> <span class='ocrx_word' id='word_1_161' title='bbox 1086 1314 1133 1338; x_wconf 83' lang='lat' dir='ltr'><strong>ex</strong></span> <span class='ocrx_word' id='word_1_162' title='bbox 1154 1314 1217 1337; x_wconf 86' lang='lat' dir='ltr'><strong>me</strong></span> <span class='ocrx_word' id='word_1_163' title='bbox 1237 1300 1471 1352; x_wconf 82' lang='lat' dir='ltr'><strong>cognoscite.</strong></span> 
     </span>
    </p>

    <p class='ocr_par' dir='ltr' id='par_1_4' title="bbox 554 1363 1962 2217">
     <span class='ocr_line' id='line_1_19' title="bbox 610 1363 1956 1418; baseline -0.002 -12"><span class='ocrx_word' id='word_1_164' title='bbox 610 1369 759 1406; x_wconf 82' lang='lat' dir='ltr'>LXIV.</span> <span class='ocrx_word' id='word_1_165' title='bbox 794 1369 886 1405; x_wconf 82' lang='lat' dir='ltr'><strong>Mos</strong></span> <span class='ocrx_word' id='word_1_166' title='bbox 908 1367 959 1404; x_wconf 90' lang='lat' dir='ltr'><strong>est</strong></span> <span class='ocrx_word' id='word_1_167' title='bbox 992 1366 1193 1418; x_wconf 81' lang='lat' dir='ltr'><strong>Syracusis,</strong></span> <span class='ocrx_word' id='word_1_168' title='bbox 1226 1376 1282 1410; x_wconf 92' lang='lat' dir='ltr'><strong>ut,</strong></span> <span class='ocrx_word' id='word_1_169' title='bbox 1315 1367 1340 1404; x_wconf 89' lang='lat' dir='ltr'>fi</span> <span class='ocrx_word' id='word_1_170' title='bbox 1362 1380 1437 1418; x_wconf 88' lang='lat' dir='ltr'><strong>qua</strong></span> <span class='ocrx_word' id='word_1_171' title='bbox 1457 1367 1504 1403; x_wconf 92' lang='lat' dir='ltr'><strong>de</strong></span> <span class='ocrx_word' id='word_1_172' title='bbox 1536 1379 1574 1403; x_wconf 92' lang='lat' dir='ltr'><strong>re</strong></span> <span class='ocrx_word' id='word_1_173' title='bbox 1595 1366 1641 1404; x_wconf 81' lang='lat' dir='ltr'><strong>ad</strong></span> <span class='ocrx_word' id='word_1_174' title='bbox 1661 1365 1834 1404; x_wconf 80' lang='lat' dir='ltr'><strong>senatum</strong></span> <span class='ocrx_word' id='word_1_175' title='bbox 1856 1363 1956 1403; x_wconf 86' lang='lat' dir='ltr'><strong>refe-</strong></span> 
     </span>
     <span class='ocr_line' id='line_1_20' title="bbox 554 1432 1959 1485; baseline -0.004 -11"><span class='ocrx_word' id='word_1_176' title='bbox 554 1445 671 1480; x_wconf 75' lang='lat' dir='ltr'><strong>ratur,</strong></span> <span class='ocrx_word' id='word_1_177' title='bbox 694 1436 797 1472; x_wconf 82' lang='lat' dir='ltr'><strong>dicat</strong></span> <span class='ocrx_word' id='word_1_178' title='bbox 819 1434 1058 1478; x_wconf 83' lang='lat' dir='ltr'><strong>sententiam,</strong></span> <span class='ocrx_word' id='word_1_179' title='bbox 1082 1433 1150 1485; x_wconf 88' lang='lat' dir='ltr'><strong>qui</strong></span> <span class='ocrx_word' id='word_1_180' title='bbox 1171 1433 1264 1470; x_wconf 90' lang='lat' dir='ltr'><strong>velit</strong></span> <span class='ocrx_word' id='word_1_181' title='bbox 1283 1447 1291 1471; x_wconf 80' lang='lat' dir='ltr'><em>z</em></span> <span class='ocrx_word' id='word_1_182' title='bbox 1321 1434 1556 1470; x_wconf 81' lang='lat' dir='ltr'><strong>nominatim</strong></span> <span class='ocrx_word' id='word_1_183' title='bbox 1578 1446 1693 1471; x_wconf 87' lang='lat' dir='ltr'><strong>nemo</strong></span> <span class='ocrx_word' id='word_1_184' title='bbox 1714 1442 1880 1485; x_wconf 84' lang='lat' dir='ltr'><strong>rogatur.</strong></span> <span class='ocrx_word' id='word_1_185' title='bbox 1904 1432 1959 1469; x_wconf 89' lang='lat' dir='ltr'><strong>Et</strong></span> 
     </span>
     <span class='ocr_line' id='line_1_21' title="bbox 555 1498 1958 1552; baseline -0.002 -13"><span class='ocrx_word' id='word_1_186' title='bbox 555 1513 697 1545; x_wconf 83' lang='lat' dir='ltr'><strong>tamen,</strong></span> <span class='ocrx_word' id='word_1_187' title='bbox 731 1511 775 1538; x_wconf 91' lang='lat' dir='ltr'><strong>ut</strong></span> <span class='ocrx_word' id='word_1_188' title='bbox 796 1500 958 1552; x_wconf 87' lang='lat' dir='ltr'><strong>quisque</strong></span> <span class='ocrx_word' id='word_1_189' title='bbox 979 1499 1139 1543; x_wconf 89' lang='lat' dir='ltr'><strong>honore,</strong></span> <span class='ocrx_word' id='word_1_190' title='bbox 1173 1508 1210 1536; x_wconf 91' lang='lat' dir='ltr'><strong>et</strong></span> <span class='ocrx_word' id='word_1_191' title='bbox 1231 1508 1338 1537; x_wconf 85' lang='lat' dir='ltr'><strong>aetate</strong></span> <span class='ocrx_word' id='word_1_192' title='bbox 1358 1499 1563 1544; x_wconf 85' lang='lat' dir='ltr'><strong>antecedit,</strong></span> <span class='ocrx_word' id='word_1_193' title='bbox 1595 1499 1647 1537; x_wconf 87' lang='lat' dir='ltr'><strong>ita</strong></span> <span class='ocrx_word' id='word_1_194' title='bbox 1680 1500 1829 1552; x_wconf 90' lang='lat' dir='ltr'><strong>primus</strong></span> <span class='ocrx_word' id='word_1_195' title='bbox 1861 1498 1958 1536; x_wconf 91' lang='lat' dir='ltr'><strong>solet</strong></span> 
     </span>
     <span class='ocr_line' id='line_1_22' title="bbox 554 1564 1958 1620; baseline -0.003 -14"><span class='ocrx_word' id='word_1_196' title='bbox 554 1568 618 1606; x_wconf 84' lang='lat' dir='ltr'><strong>sua</strong></span> <span class='ocrx_word' id='word_1_197' title='bbox 639 1567 771 1620; x_wconf 89' lang='lat' dir='ltr'><strong>sponte</strong></span> <span class='ocrx_word' id='word_1_198' title='bbox 793 1567 947 1611; x_wconf 81' lang='lat' dir='ltr'><strong>dicere3</strong></span> <span class='ocrx_word' id='word_1_199' title='bbox 980 1566 1097 1618; x_wconf 87' lang='lat' dir='ltr'><strong>idque</strong></span> <span class='ocrx_word' id='word_1_200' title='bbox 1117 1579 1137 1602; x_wconf 85' lang='lat' dir='ltr'>a</span> <span class='ocrx_word' id='word_1_201' title='bbox 1157 1566 1303 1603; x_wconf 80' lang='lat' dir='ltr'><strong>caeteris</strong></span> <span class='ocrx_word' id='word_1_202' title='bbox 1335 1566 1369 1603; x_wconf 92' lang='lat' dir='ltr'><strong>ei</strong></span> <span class='ocrx_word' id='word_1_203' title='bbox 1391 1565 1631 1604; x_wconf 87' lang='lat' dir='ltr'><strong>conceditur.</strong></span> <span class='ocrx_word' id='word_1_204' title='bbox 1664 1565 1703 1602; x_wconf 92' lang='lat' dir='ltr'><strong>Si</strong></span> <span class='ocrx_word' id='word_1_205' title='bbox 1723 1564 1877 1617; x_wconf 87' lang='lat' dir='ltr'><strong>quando</strong></span> <span class='ocrx_word' id='word_1_206' title='bbox 1897 1574 1958 1602; x_wconf 88' lang='lat' dir='ltr'><strong>ta-</strong></span> 
     </span>
     <span class='ocr_line' id='line_1_23' title="bbox 554 1630 1958 1684; baseline -0.003 -11"><span class='ocrx_word' id='word_1_207' title='bbox 554 1644 664 1673; x_wconf 87' lang='lat' dir='ltr'><strong>ceant</strong></span> <span class='ocrx_word' id='word_1_208' title='bbox 685 1647 835 1679; x_wconf 84' lang='lat' dir='ltr'><strong>ornnes,</strong></span> <span class='ocrx_word' id='word_1_209' title='bbox 868 1643 962 1671; x_wconf 89' lang='lat' dir='ltr'><strong>tunc</strong></span> <span class='ocrx_word' id='word_1_210' title='bbox 983 1632 1116 1671; x_wconf 88' lang='lat' dir='ltr'><strong>sortito</strong></span> <span class='ocrx_word' id='word_1_211' title='bbox 1136 1641 1330 1684; x_wconf 85' lang='lat' dir='ltr'><strong>coguntur</strong></span> <span class='ocrx_word' id='word_1_212' title='bbox 1350 1632 1489 1670; x_wconf 90' lang='lat' dir='ltr'><strong>dicere.</strong></span> <span class='ocrx_word' id='word_1_213' title='bbox 1524 1633 1629 1670; x_wconf 87' lang='lat' dir='ltr'><strong>Cum</strong></span> <span class='ocrx_word' id='word_1_214' title='bbox 1649 1630 1716 1669; x_wconf 90' lang='lat' dir='ltr'><strong>hic</strong></span> <span class='ocrx_word' id='word_1_215' title='bbox 1737 1644 1822 1669; x_wconf 88' lang='lat' dir='ltr'><strong>mos</strong></span> <span class='ocrx_word' id='word_1_216' title='bbox 1853 1630 1958 1677; x_wconf 74' lang='lat' dir='ltr'><strong>esset,</strong></span> 
     </span>
     <span class='ocr_line' id='line_1_24' title="bbox 555 1697 1959 1750; baseline -0.004 -11"><span class='ocrx_word' id='word_1_217' title='bbox 555 1700 716 1739; x_wconf 88' lang='lat' dir='ltr'><strong>refertur</strong></span> <span class='ocrx_word' id='word_1_218' title='bbox 751 1700 797 1737; x_wconf 85' lang='lat' dir='ltr'><strong>ad</strong></span> <span class='ocrx_word' id='word_1_219' title='bbox 830 1699 1003 1737; x_wconf 86' lang='lat' dir='ltr'><strong>senatum</strong></span> <span class='ocrx_word' id='word_1_220' title='bbox 1036 1698 1082 1736; x_wconf 91' lang='lat' dir='ltr'><strong>de</strong></span> <span class='ocrx_word' id='word_1_221' title='bbox 1104 1698 1321 1736; x_wconf 83' lang='lat' dir='ltr'><strong>laudatione</strong></span> <span class='ocrx_word' id='word_1_222' title='bbox 1341 1698 1486 1736; x_wconf 88' lang='lat' dir='ltr'><strong>Verris.</strong></span> <span class='ocrx_word' id='word_1_223' title='bbox 1518 1698 1564 1736; x_wconf 92' lang='lat' dir='ltr'><strong>In</strong></span> <span class='ocrx_word' id='word_1_224' title='bbox 1596 1711 1675 1750; x_wconf 90' lang='lat' dir='ltr'><strong>quo</strong></span> <span class='ocrx_word' id='word_1_225' title='bbox 1705 1697 1880 1750; x_wconf 88' lang='lat' dir='ltr'><strong>primum</strong></span> <span class='ocrx_word' id='word_1_226' title='bbox 1913 1705 1959 1734; x_wconf 89' lang='lat' dir='ltr'><strong>ut</strong></span> 
     </span>
     <span class='ocr_line' id='line_1_25' title="bbox 554 1763 1960 1819; baseline -0.003 -14"><span class='ocrx_word' id='word_1_227' title='bbox 554 1767 703 1819; x_wconf 83' lang='lat' dir='ltr'><strong>aliquid</strong></span> <span class='ocrx_word' id='word_1_228' title='bbox 735 1766 825 1804; x_wconf 87' lang='lat' dir='ltr'><strong>effet</strong></span> <span class='ocrx_word' id='word_1_229' title='bbox 861 1780 991 1810; x_wconf 86' lang='lat' dir='ltr'><strong>morae,</strong></span> <span class='ocrx_word' id='word_1_230' title='bbox 1024 1765 1143 1803; x_wconf 86' lang='lat' dir='ltr'><strong>multi</strong></span> <span class='ocrx_word' id='word_1_231' title='bbox 1163 1765 1439 1818; x_wconf 86' lang='lat' dir='ltr'><strong>interpellant:</strong></span> <span class='ocrx_word' id='word_1_232' title='bbox 1472 1764 1519 1802; x_wconf 93' lang='lat' dir='ltr'><strong>de</strong></span> <span class='ocrx_word' id='word_1_233' title='bbox 1547 1765 1634 1803; x_wconf 87' lang='lat' dir='ltr'><strong>Sex.</strong></span> <span class='ocrx_word' id='word_1_234' title='bbox 1658 1764 1858 1808; x_wconf 85' lang='lat' dir='ltr'><strong>Peducaeo‚</strong></span> <span class='ocrx_word' id='word_1_235' title='bbox 1891 1763 1960 1815; x_wconf 90' lang='lat' dir='ltr'><strong>qui</strong></span> 
     </span>
     <span class='ocr_line' id='line_1_26' title="bbox 554 1829 1958 1884; baseline -0.003 -13"><span class='ocrx_word' id='word_1_236' title='bbox 554 1834 600 1872; x_wconf 88' lang='lat' dir='ltr'><strong>de</strong></span> <span class='ocrx_word' id='word_1_237' title='bbox 620 1834 687 1871; x_wconf 90' lang='lat' dir='ltr'><strong>illa</strong></span> <span class='ocrx_word' id='word_1_238' title='bbox 706 1832 873 1876; x_wconf 83' lang='lat' dir='ltr'><strong>civitate,</strong></span> <span class='ocrx_word' id='word_1_239' title='bbox 906 1841 1062 1884; x_wconf 89' lang='lat' dir='ltr'><strong>totaque</strong></span> <span class='ocrx_word' id='word_1_240' title='bbox 1082 1832 1280 1884; x_wconf 85' lang='lat' dir='ltr'><strong>provincia</strong></span> <span class='ocrx_word' id='word_1_241' title='bbox 1299 1832 1449 1884; x_wconf 87' lang='lat' dir='ltr'><strong>optime</strong></span> <span class='ocrx_word' id='word_1_242' title='bbox 1468 1831 1629 1869; x_wconf 89' lang='lat' dir='ltr'><strong>meritus</strong></span> <span class='ocrx_word' id='word_1_243' title='bbox 1650 1829 1753 1874; x_wconf 83' lang='lat' dir='ltr'><strong>effet,</strong></span> <span class='ocrx_word' id='word_1_244' title='bbox 1785 1829 1859 1867; x_wconf 91' lang='lat' dir='ltr'><strong>sese</strong></span> <span class='ocrx_word' id='word_1_245' title='bbox 1886 1842 1958 1867; x_wconf 88' lang='lat' dir='ltr'><strong>an·</strong></span> 
     </span>
     <span class='ocr_line' id='line_1_27' title="bbox 556 1895 1959 1950; baseline -0.004 -11"><span class='ocrx_word' id='word_1_246' title='bbox 556 1910 629 1945; x_wconf 85' lang='lat' dir='ltr'><strong>tea,</strong></span> <span class='ocrx_word' id='word_1_247' title='bbox 651 1913 744 1937; x_wconf 89' lang='lat' dir='ltr'><strong>cum</strong></span> <span class='ocrx_word' id='word_1_248' title='bbox 764 1898 950 1936; x_wconf 83' lang='lat' dir='ltr'><strong>audiffent</strong></span> <span class='ocrx_word' id='word_1_249' title='bbox 970 1899 1003 1935; x_wconf 92' lang='lat' dir='ltr'><strong>ei</strong></span> <span class='ocrx_word' id='word_1_250' title='bbox 1025 1898 1228 1950; x_wconf 82' lang='lat' dir='ltr'><strong>negotium</strong></span> <span class='ocrx_word' id='word_1_251' title='bbox 1250 1897 1480 1941; x_wconf 85' lang='lat' dir='ltr'><strong>faceffitum,</strong></span> <span class='ocrx_word' id='word_1_252' title='bbox 1499 1910 1670 1948; x_wconf 86' lang='lat' dir='ltr'><strong>cumque</strong></span> <span class='ocrx_word' id='word_1_253' title='bbox 1689 1909 1779 1933; x_wconf 91' lang='lat' dir='ltr'><strong>eum</strong></span> <span class='ocrx_word' id='word_1_254' title='bbox 1799 1895 1959 1948; x_wconf 90' lang='lat' dir='ltr'><strong>publice</strong></span> 
     </span>
     <span class='ocr_line' id='line_1_28' title="bbox 557 1962 1959 2019; baseline -0.004 -15"><span class='ocrx_word' id='word_1_255' title='bbox 557 1980 627 2019; x_wconf 90' lang='lat' dir='ltr'><strong>pro</strong></span> <span class='ocrx_word' id='word_1_256' title='bbox 658 1965 837 2018; x_wconf 87' lang='lat' dir='ltr'><strong>plurimis</strong></span> <span class='ocrx_word' id='word_1_257' title='bbox 869 1964 964 2015; x_wconf 82' lang='lat' dir='ltr'><strong>ejus,</strong></span> <span class='ocrx_word' id='word_1_258' title='bbox 996 1973 1034 2001; x_wconf 89' lang='lat' dir='ltr'><strong>et</strong></span> <span class='ocrx_word' id='word_1_259' title='bbox 1065 1964 1247 2001; x_wconf 82' lang='lat' dir='ltr'><strong>maximis</strong></span> <span class='ocrx_word' id='word_1_260' title='bbox 1267 1964 1414 2001; x_wconf 86' lang='lat' dir='ltr'><strong>meritis</strong></span> <span class='ocrx_word' id='word_1_261' title='bbox 1449 1962 1600 2000; x_wconf 83' lang='lat' dir='ltr'><strong>laudare</strong></span> <span class='ocrx_word' id='word_1_262' title='bbox 1634 1970 1833 2015; x_wconf 89' lang='lat' dir='ltr'><strong>cuperent,</strong></span> <span class='ocrx_word' id='word_1_263' title='bbox 1865 1976 1886 2000; x_wconf 83' lang='lat' dir='ltr'>a</span> <span class='ocrx_word' id='word_1_264' title='bbox 1910 1963 1959 2000; x_wconf 92' lang='lat' dir='ltr'><strong>C.</strong></span> 
     </span>
     <span class='ocr_line' id='line_1_29' title="bbox 557 2029 1962 2084; baseline -0.002 -15"><span class='ocrx_word' id='word_1_265' title='bbox 557 2033 677 2069; x_wconf 87' lang='lat' dir='ltr'><strong>Verre</strong></span> <span class='ocrx_word' id='word_1_266' title='bbox 705 2029 922 2084; x_wconf 87' lang='lat' dir='ltr'><strong>prohibitos</strong></span> <span class='ocrx_word' id='word_1_267' title='bbox 943 2029 1040 2068; x_wconf 84' lang='lat' dir='ltr'><strong>effe:</strong></span> <span class='ocrx_word' id='word_1_268' title='bbox 1075 2030 1256 2082; x_wconf 88' lang='lat' dir='ltr'><strong>iniquum</strong></span> <span class='ocrx_word' id='word_1_269' title='bbox 1288 2029 1372 2075; x_wconf 83' lang='lat' dir='ltr'><strong>effe,</strong></span> <span class='ocrx_word' id='word_1_270' title='bbox 1405 2029 1552 2068; x_wconf 76' lang='lat' dir='ltr'><strong>tametsi</strong></span> <span class='ocrx_word' id='word_1_271' title='bbox 1586 2029 1793 2067; x_wconf 74' lang='lat' dir='ltr'><strong>Peducaeus</strong></span> <span class='ocrx_word' id='word_1_272' title='bbox 1825 2041 1962 2066; x_wconf 90' lang='lat' dir='ltr'><strong>eorum</strong></span> 
     </span>
     <span class='ocr_line' id='line_1_30' title="bbox 556 2094 1960 2149; baseline -0.002 -14"><span class='ocrx_word' id='word_1_273' title='bbox 556 2098 774 2136; x_wconf 75' lang='lat' dir='ltr'><strong>laudatione</strong></span> <span class='ocrx_word' id='word_1_274' title='bbox 791 2097 873 2149; x_wconf 75' lang='lat' dir='ltr'><strong>jam</strong></span> <span class='ocrx_word' id='word_1_275' title='bbox 890 2110 967 2134; x_wconf 91' lang='lat' dir='ltr'><strong>non</strong></span> <span class='ocrx_word' id='word_1_276' title='bbox 987 2105 1170 2142; x_wconf 89' lang='lat' dir='ltr'><strong>uteretur,</strong></span> <span class='ocrx_word' id='word_1_277' title='bbox 1190 2105 1318 2134; x_wconf 84' lang='lat' dir='ltr'><strong>tamen</strong></span> <span class='ocrx_word' id='word_1_278' title='bbox 1340 2110 1416 2134; x_wconf 90' lang='lat' dir='ltr'><strong>non</strong></span> <span class='ocrx_word' id='word_1_279' title='bbox 1438 2095 1478 2134; x_wconf 87' lang='lat' dir='ltr'><strong>id</strong></span> <span class='ocrx_word' id='word_1_280' title='bbox 1494 2095 1599 2148; x_wconf 86' lang='lat' dir='ltr'><strong>prius</strong></span> <span class='ocrx_word' id='word_1_281' title='bbox 1621 2095 1837 2140; x_wconf 86' lang='lat' dir='ltr'><strong>decernere,</strong></span> <span class='ocrx_word' id='word_1_282' title='bbox 1855 2094 1960 2148; x_wconf 93' lang='lat' dir='ltr'><strong>quod</strong></span> 
     </span>
     <span class='ocr_line' id='line_1_31' title="bbox 559 2156 1758 2217; baseline -0.002 -15"><span class='ocrx_word' id='word_1_283' title='bbox 559 2163 766 2217; x_wconf 75' lang='lat' dir='ltr'><strong>aliquando</strong></span> <span class='ocrx_word' id='word_1_284' title='bbox 783 2162 996 2207; x_wconf 71' lang='lat' dir='ltr'><strong>voluiss‘ent,</strong></span> <span class='ocrx_word' id='word_1_285' title='bbox 1020 2176 1138 2215; x_wconf 84' lang='lat' dir='ltr'><strong>quam</strong></span> <span class='ocrx_word' id='word_1_286' title='bbox 1159 2163 1264 2215; x_wconf 92' lang='lat' dir='ltr'><strong>quod</strong></span> <span class='ocrx_word' id='word_1_287' title='bbox 1284 2172 1368 2201; x_wconf 90' lang='lat' dir='ltr'><strong>tum</strong></span> <span class='ocrx_word' id='word_1_288' title='bbox 1390 2171 1633 2215; x_wconf 86' lang='lat' dir='ltr'><strong>cogerentur.</strong></span> <span class='ocrx_word' id='word_1_289' title='bbox 1756 2156 1758 2158; x_wconf 35' lang='lat'>¹</span> 
     </span>
    </p>

    <p class='ocr_par' dir='ltr' id='par_1_5' title="bbox 559 2225 1961 2549">
     <span class='ocr_line' id='line_1_32' title="bbox 614 2225 1960 2282; baseline -0.004 -14"><span class='ocrx_word' id='word_1_290' title='bbox 614 2230 873 2268; x_wconf 78' lang='lat' dir='ltr'><strong>Conclamant</strong></span> <span class='ocrx_word' id='word_1_291' title='bbox 894 2243 1042 2274; x_wconf 83' lang='lat' dir='ltr'><strong>omnes,</strong></span> <span class='ocrx_word' id='word_1_292' title='bbox 1073 2238 1110 2267; x_wconf 91' lang='lat' dir='ltr'><strong>et</strong></span> <span class='ocrx_word' id='word_1_293' title='bbox 1131 2230 1344 2282; x_wconf 78' lang='lat' dir='ltr'><strong>approbant</strong></span> <span class='ocrx_word' id='word_1_294' title='bbox 1364 2229 1417 2268; x_wconf 88' lang='lat' dir='ltr'><strong>ita</strong></span> <span class='ocrx_word' id='word_1_295' title='bbox 1447 2229 1528 2267; x_wconf 91' lang='lat' dir='ltr'><strong>fieri</strong></span> <span class='ocrx_word' id='word_1_296' title='bbox 1558 2237 1744 2281; x_wconf 87' lang='lat' dir='ltr'><strong>oportere.</strong></span> <span class='ocrx_word' id='word_1_297' title='bbox 1778 2225 1960 2265; x_wconf 87' lang='lat' dir='ltr'><strong>Refertur</strong></span> 
     </span>
     <span class='ocr_line' id='line_1_33' title="bbox 560 2291 1959 2347; baseline -0.004 -13"><span class='ocrx_word' id='word_1_298' title='bbox 560 2298 605 2335; x_wconf 90' lang='lat' dir='ltr'><strong>de</strong></span> <span class='ocrx_word' id='word_1_299' title='bbox 629 2296 839 2335; x_wconf 81' lang='lat' dir='ltr'><strong>Peducaeo:</strong></span> <span class='ocrx_word' id='word_1_300' title='bbox 874 2305 915 2333; x_wconf 89' lang='lat' dir='ltr'><strong>ut</strong></span> <span class='ocrx_word' id='word_1_301' title='bbox 937 2295 1098 2347; x_wconf 87' lang='lat' dir='ltr'><strong>quisque</strong></span> <span class='ocrx_word' id='word_1_302' title='bbox 1120 2305 1241 2340; x_wconf 83' lang='lat' dir='ltr'><strong>aetate,</strong></span> <span class='ocrx_word' id='word_1_303' title='bbox 1272 2305 1310 2333; x_wconf 90' lang='lat' dir='ltr'><strong>et</strong></span> <span class='ocrx_word' id='word_1_304' title='bbox 1341 2294 1487 2333; x_wconf 88' lang='lat' dir='ltr'><strong>honore</strong></span> <span class='ocrx_word' id='word_1_305' title='bbox 1509 2294 1768 2338; x_wconf 84' lang='lat' dir='ltr'><strong>antecedebat,</strong></span> <span class='ocrx_word' id='word_1_306' title='bbox 1796 2293 1849 2330; x_wconf 84' lang='lat' dir='ltr'><strong>ita</strong></span> <span class='ocrx_word' id='word_1_307' title='bbox 1875 2291 1959 2330; x_wconf 88' lang='lat' dir='ltr'><strong>sen-</strong></span> 
     </span>
     <span class='ocr_line' id='line_1_34' title="bbox 560 2357 1961 2414; baseline -0.004 -13"><span class='ocrx_word' id='word_1_308' title='bbox 560 2364 721 2402; x_wconf 83' lang='lat' dir='ltr'><strong>tentiam</strong></span> <span class='ocrx_word' id='word_1_309' title='bbox 742 2363 842 2401; x_wconf 83' lang='lat' dir='ltr'><strong>dixit</strong></span> <span class='ocrx_word' id='word_1_310' title='bbox 862 2376 909 2400; x_wconf 86' lang='lat' dir='ltr'><strong>ex</strong></span> <span class='ocrx_word' id='word_1_311' title='bbox 926 2362 1072 2400; x_wconf 84' lang='lat' dir='ltr'><strong>ordine.</strong></span> <span class='ocrx_word' id='word_1_312' title='bbox 1097 2361 1140 2399; x_wconf 92' lang='lat' dir='ltr'><strong>Id</strong></span> <span class='ocrx_word' id='word_1_313' title='bbox 1161 2362 1253 2399; x_wconf 86' lang='lat' dir='ltr'><strong>adeo</strong></span> <span class='ocrx_word' id='word_1_314' title='bbox 1270 2376 1317 2400; x_wconf 87' lang='lat' dir='ltr'><strong>ex</strong></span> <span class='ocrx_word' id='word_1_315' title='bbox 1339 2362 1419 2414; x_wconf 88' lang='lat' dir='ltr'><strong>ipso</strong></span> <span class='ocrx_word' id='word_1_316' title='bbox 1436 2359 1782 2399; x_wconf 82' lang='lat' dir='ltr'><strong>senatus-consulto</strong></span> <span class='ocrx_word' id='word_1_317' title='bbox 1797 2357 1961 2412; x_wconf 89' lang='lat' dir='ltr'><strong>cognos-</strong></span> 
     </span>
     <span class='ocr_line' id='line_1_35' title="bbox 559 2426 1958 2482; baseline -0.003 -15"><span class='ocrx_word' id='word_1_318' title='bbox 559 2431 635 2467; x_wconf 90' lang='lat' dir='ltr'><strong>cite</strong></span> <span class='ocrx_word' id='word_1_319' title='bbox 654 2444 662 2468; x_wconf 88' lang='lat'>:</span> <span class='ocrx_word' id='word_1_320' title='bbox 699 2443 788 2467; x_wconf 79' lang='lat' dir='ltr'><strong>nam</strong></span> <span class='ocrx_word' id='word_1_321' title='bbox 810 2429 1034 2482; x_wconf 88' lang='lat' dir='ltr'><strong>principum</strong></span> <span class='ocrx_word' id='word_1_322' title='bbox 1055 2427 1250 2465; x_wconf 84' lang='lat' dir='ltr'><strong>sententiae</strong></span> <span class='ocrx_word' id='word_1_323' title='bbox 1272 2427 1453 2480; x_wconf 84' lang='lat' dir='ltr'><strong>perscribi</strong></span> <span class='ocrx_word' id='word_1_324' title='bbox 1475 2426 1609 2464; x_wconf 88' lang='lat' dir='ltr'><strong>solent.</strong></span> <span class='ocrx_word' id='word_1_325' title='bbox 1642 2426 1794 2464; x_wconf 88' lang='lat' dir='ltr'><strong>Recita.</strong></span> <span class='ocrx_word' id='word_1_326' title='bbox 1827 2426 1958 2477; x_wconf 85' lang='lat' dir='ltr'><strong>QoD</strong></span> 
     </span>
     <span class='ocr_line' id='line_1_36' title="bbox 559 2492 1959 2549; baseline -0.004 -14"><span class='ocrx_word' id='word_1_327' title='bbox 559 2496 673 2535; x_wconf 73' lang='lat' dir='ltr'><strong>verba</strong></span> <span class='ocrx_word' id='word_1_328' title='bbox 689 2495 803 2549; x_wconf 64' lang='lat' dir='ltr'><strong>fizHa</strong></span> <span class='ocrx_word' id='word_1_329' title='bbox 822 2496 918 2549; x_wconf 78' lang='lat' dir='ltr'><strong>flent</strong></span> <span class='ocrx_word' id='word_1_330' title='bbox 952 2495 992 2534; x_wconf 84' lang='lat' dir='ltr'><strong>de</strong></span> <span class='ocrx_word' id='word_1_331' title='bbox 1023 2495 1105 2534; x_wconf 82' lang='lat' dir='ltr'><strong>Sex.</strong></span> <span class='ocrx_word' id='word_1_332' title='bbox 1142 2494 1329 2534; x_wconf 60' lang='lat' dir='ltr'><strong>Peducaeo.</strong></span> <span class='ocrx_word' id='word_1_333' title='bbox 1362 2493 1488 2540; x_wconf 85' lang='lat' dir='ltr'><strong>Dicit,</strong></span> <span class='ocrx_word' id='word_1_334' title='bbox 1517 2493 1586 2546; x_wconf 88' lang='lat' dir='ltr'><strong>qui</strong></span> <span class='ocrx_word' id='word_1_335' title='bbox 1605 2493 1723 2546; x_wconf 86' lang='lat' dir='ltr'><strong>primi</strong></span> <span class='ocrx_word' id='word_1_336' title='bbox 1754 2492 1959 2531; x_wconf 87' lang='lat' dir='ltr'><strong>suaserint:</strong></span> 
     </span>
    </p>
   </div>
  </div>
 </body>
</html>
