2201 2792
599 157 949 200 ACTIONIS
982 158 1036 197 II.
1107 158 1319 198 LIBER
1361 162 1394 200 Ι.
1626 176 1700 218 173

287 260 394 314 quod
427 268 465 298 et
493 258 535 297 in
569 256 791 296 testimonio
809 256 936 295 Tettii
966 256 1094 310 priore
1124 257 1273 295 adtione
1305 257 1566 311 interpellavit
1594 261 1704 299 Hor-

285 328 424 366 tensius
441 345 451 371 ς
476 339 555 378 quo
574 334 749 378 tempore
765 325 926 378 quidem
947 324 1045 377 signi
1066 324 1152 363 satis
1173 324 1293 370 dedit,
1314 325 1340 363 fi
1361 325 1456 377 quid
1476 325 1579 370 esset,
1597 328 1702 379 quod

287 393 406 446 poffet
427 392 566 438 dicere,
599 392 634 430 se
665 401 789 430 tacere
818 405 897 430 non
933 390 1062 444 poffe3
1095 400 1153 437 ut,
1185 391 1375 444 quamdiu
1402 392 1443 429 in
1476 393 1619 430 caeteris
1642 408 1702 431 re-

285 460 356 498 bus
384 460 560 504 tacuerit,
591 458 685 497 scire
705 473 839 497 omnes
861 459 1069 512 poffemus,
1097 458 1197 497 nihil
1218 458 1390 497 habuisse
1417 459 1522 512 quod
1544 460 1700 500 diceret.

282 527 376 565 Hoc
397 536 483 564 tum
504 526 619 571 dixit,
652 525 945 572 Philodamum,
976 534 1014 564 et
1041 526 1123 578 ejus
1144 525 1288 570 filium,
1321 540 1343 564 a
1367 527 1415 564 C.
1439 527 1598 564 Nerone
1630 527 1702 565 effe

282 592 499 632 damnatos.
546 594 610 632 De
641 607 720 646 quo
751 607 801 632 ne
831 594 955 632 multa
976 592 1165 639 differam,
1197 602 1351 632 tantum
1386 592 1489 639 dico,
1526 593 1702 632 secutum

283 659 325 698 id
344 660 416 698 effe
436 661 652 705 Neronem,
684 669 722 698 et
756 661 838 714 ejus
871 660 1091 706 confilium,
1123 659 1229 712 quod
1261 659 1492 698 Cornelium
1524 660 1701 699 lictorem

281 727 455 765 occisum
475 727 547 765 effe
566 726 753 765 constaret
768 746 781 772 5
814 726 957 780 putaffe
977 740 1057 766 non
1077 736 1251 780 oportere
1271 726 1344 765 effe
1361 727 1563 780 cuiquam,
1592 741 1639 765 ne
1660 728 1702 765 in

281 792 501 832 ulciscenda
535 793 697 846 quidem
728 794 882 846 injuria,
915 793 1089 833 hominis
1120 793 1326 832 occidendi
1346 794 1588 847 potestatem.
1656 795 1703 833 In

282 874 362 912 quo
382 861 506 906 video,
538 861 709 899 Neronis
724 860 877 913 judicio
910 874 988 900 non
1018 870 1056 899 te
1076 860 1297 900 absolutum
1318 861 1389 899 effe
1409 861 1671 914 improbitatis
1686 880 1699 907 3

282 926 344 964 sed
374 927 460 966 illos
482 927 682 965 damnatos
713 927 784 965 effe
805 928 932 966 caedis.
977 928 1127 966 Verum
1158 928 1226 966 ista
1257 928 1454 966 damnatio
1477 938 1605 966 tamen
1627 942 1701 966 cu-

275 992 450 1044 jusmodi
467 993 576 1036 fuit?
607 994 769 1038 Audite,
802 994 942 1045 quaeso,
965 994 1139 1045 Judices,
1167 1002 1205 1032 et
1225 994 1432 1046 aliquando
1463 994 1701 1032 miseremini

282 1059 489 1106 sociorum,
521 1068 559 1098 et
593 1059 794 1105 ostendite,
828 1060 976 1113 aliquid
1010 1059 1071 1098 his
1108 1060 1149 1098 in
1179 1061 1298 1099 vestra
1328 1060 1405 1099 fide
1437 1062 1600 1116 praefidii
1627 1061 1701 1100 effe

284 1137 473 1180 oportere.

337 1194 492 1232 XXIX.
526 1194 644 1245 Qod
664 1194 736 1232 toti
757 1195 854 1233 Afiae
869 1195 957 1246 jure
977 1195 1124 1233 occisus
1146 1196 1347 1234 videbatur
1368 1196 1472 1234 istius
1494 1196 1561 1234 ille
1582 1196 1700 1234 verbo

281 1259 406 1306 Ιίέὶοῑ,
440 1273 478 1298 re
498 1261 585 1298 vera
605 1260 780 1298 minister
809 1261 1101 1313 improbiffimae
1121 1261 1359 1314 cupiditatis,
1391 1262 1596 1313 pertimuit
1617 1261 1699 1307 iste,

280 1340 329 1365 ne
351 1325 604 1365 Philodamus
625 1327 796 1365 Neronis
811 1327 965 1380 judicio
989 1327 1230 1366 liberaretur.
1263 1327 1393 1380 Rogat
1413 1336 1451 1366 et
1471 1336 1552 1366 orat
1574 1327 1701 1366 Dola-

255 1420 259 1423 ·
282 1392 442 1438 bellam,
474 1402 517 1431 ut
537 1393 584 1431 de
604 1393 667 1431 sua
686 1394 885 1446 provincia
905 1393 1063 1432 decedat
1079 1412 1091 1439 3
1123 1394 1170 1432 ad
1190 1393 1389 1432 Neronem
1410 1393 1698 1447 proficiscatur:

282 1459 319 1497 se
339 1459 572 1498 demonstrat
606 1460 850 1498 incolumem
871 1460 942 1499 effe
968 1474 1047 1499 non
1079 1460 1194 1513 poffe,
1230 1460 1257 1498 fi
1291 1459 1526 1499 Philodamo
1557 1461 1698 1506 vivere,

281 1535 397 1579 atque
429 1527 636 1580 aliquando
667 1528 840 1566 Romam
870 1528 1013 1573 venire,
1045 1527 1224 1567 licuiffet.
1258 1529 1494 1566 Commotus
1527 1527 1580 1565 est
1611 1529 1699 1566 Do-

282 1594 433 1634 labella.
480 1595 591 1634 Fecit
624 1595 678 1640 id,
713 1595 820 1648 quod
849 1595 968 1635 multi
1003 1594 1346 1649 reprehenderunt,
1393 1604 1437 1634 ut
1468 1596 1699 1642 exercitum,

281 1661 538 1714 provinciam,
561 1662 712 1700 bellum
733 1662 982 1714 relinqueret,
1013 1672 1051 1700 et
1072 1663 1113 1701 in
1136 1662 1281 1707 Afiam,
1309 1662 1484 1702 hominis
1513 1663 1699 1714 nequissi-

283 1728 339 1766 mi
362 1728 486 1773 causa,
518 1729 559 1766 in
580 1728 746 1766 alienam
766 1729 1007 1781 provinciam
1029 1728 1345 1782 proficisceretur.
1378 1729 1630 1781 Posteaquam
1651 1729 1698 1767 ad

281 1794 486 1833 Neronem
506 1795 613 1832 venit
625 1813 637 1840 ς
670 1795 872 1834 contendit
891 1795 938 1833 ab
959 1809 1018 1840 eo,
1051 1804 1094 1833 ut
1115 1793 1338 1833 Philodami
1359 1794 1509 1833 causam
1531 1795 1698 1847 cognos-

281 1870 397 1900 ceret.
430 1861 596 1899 Venerat
615 1861 709 1914 ipse,
739 1862 808 1914 qui
842 1861 931 1900 effet
951 1863 991 1900 in
1013 1862 1188 1906 consilio,
1220 1871 1257 1898 et
1287 1862 1437 1914 primus
1469 1861 1699 1900 sententiam

282 1928 440 1968 diceret.
473 1928 700 1967 Adduxerat
718 1929 836 1967 etiam
866 1927 1080 1982 praestitos,
1111 1937 1150 1966 et
1181 1928 1360 1966 tribunos
1389 1929 1575 1967 militares
1597 1929 1698 1974 suos,

283 2009 380 2047 quos
409 1996 518 2034 Nero
537 2009 671 2034 omnes
703 1996 743 2034 in
765 1996 971 2034 confilium
1004 1996 1169 2034 vocavit.
1211 1996 1306 2034 Erat
1332 1996 1373 2034 in
1394 1996 1553 2034 confilio
1579 1996 1698 2034 etiam

285 2061 519 2113 aequiflimus
535 2062 657 2113 judex
679 2062 757 2114 ipse
779 2063 928 2101 Verres.
975 2063 1097 2100 Erant
1129 2062 1310 2100 nonnulli
1344 2063 1465 2114 togati
1491 2063 1698 2100 creditores

284 2129 530 2172 Graecorum,
554 2128 697 2180 quibus
718 2128 764 2166 ad
785 2128 989 2181 exigendas
1011 2129 1192 2181 pecunias
1215 2129 1489 2182 improbissimi
1511 2130 1697 2181 cujusque

284 2194 399 2247 legati
420 2195 638 2246 plurimum
669 2195 819 2247 prodest
853 2195 985 2247 gratia.
1020 2195 1090 2233 Ille
1121 2195 1234 2233 miser
1266 2195 1502 2234 defensorem
1535 2196 1697 2247 reperire

284 2261 484 2299 neminem
503 2270 665 2314 poterat.
713 2262 814 2313 Qis
835 2262 941 2299 enim
962 2261 1051 2300 effet
1081 2272 1147 2300 aut
1179 2272 1346 2315 togatus,
1383 2264 1451 2315 qui
1484 2262 1696 2299 Dolabella„¹

284 2328 429 2380 gratia;
462 2337 526 2366 aut
547 2329 721 2373 Graecus,
753 2329 821 2381 qui
853 2329 1023 2381 ejusdem
1045 2329 1083 2366 vi
1103 2338 1141 2367 et
1161 2329 1326 2382 imperio
1348 2343 1424 2367 non
1447 2326 1693 2364 moveretur?

285 2394 494 2432 Accusator
513 2404 643 2433 autem
665 2395 871 2448 apponitur
891 2396 985 2433 civis
1006 2396 1209 2434 Romanus
1231 2396 1276 2433 de
1297 2393 1549 2431 creditoribus
1572 2393 1693 2429 Lam-

286 2458 563 2510 psacenorum5
596 2461 679 2514 qui,
697 2461 723 2499 fi
744 2461 895 2502 dixisset
915 2462 1021 2516 quod
1040 2462 1108 2501 iste
1122 2460 1294 2514 jusiiffct,
1314 2473 1380 2511 per
1400 2457 1569 2510 ejusdem
1589 2457 1693 2496 istius
