2201 2792
548 175 898 216 AcT10N1s
940 174 995 215 11.
1053 173 1351 215 LIBERn.
1579 189 1656 232 255

245 276 416 318 tenuiter
433 275 652 316 Siculorum
671 289 760 329 erga
779 284 817 314 te
837 274 1045 314 voluntatis
1066 284 1294 328 argumenta
1312 274 1494 328 colligere
1512 275 1658 323 videor,

248 353 382 384 utrum
401 344 537 382 statuas
557 343 750 381 voluerint
769 342 844 380 tibi
864 342 1038 387 statuere,
1059 355 1106 380 an
1126 342 1247 380 coaffl
1267 341 1353 380 fint.

302 412 365 449 De
386 424 466 463 quo
495 409 658 448 homine
686 409 762 448 hoc
793 409 971 448 auditum
1002 409 1055 447 est
1074 423 1263 462 unquam,
1286 408 1392 461 quod
1413 409 1486 447 tibi
1506 410 1659 456 accidit,

247 485 292 516 ut
311 478 391 530 ejus
413 478 454 515 in
473 477 673 530 provincia
692 476 835 522 statuae,
856 476 897 514 in
917 476 1013 514 locis
1030 475 1200 529 publicis
1220 475 1364 529 pofitae,
1381 476 1523 529 partim
1543 477 1661 515 etiam

246 544 289 582 in
309 544 455 583 aedibus
475 544 600 589 sacris,
631 558 699 597 per
718 545 815 589 vim,
848 558 916 597 per
936 543 1150 582 universam
1182 543 1481 582 multitudinem
1517 544 1660 596 dejice-

246 611 409 649 rentur?
441 611 524 649 Tot
556 609 737 649 homines
770 610 811 648 in
832 610 921 648 Afia
947 618 1143 654 nocenteS‚
1175 618 1233 648 tot
1267 610 1308 647 in
1342 609 1491 655 Africa,
1529 619 1586 648 tot
1620 611 1662 649 in

246 677 450 729 Hispania,
473 677 615 722 Gallia,
647 677 828 722 Sardinia,
864 685 924 715 tot
944 677 984 714 in
1004 675 1083 729 ipsa
1103 676 1231 714 Sicilia
1251 675 1410 714 fuerunt
1427 691 1437 714 2
1469 690 1594 729 ecquo
1614 677 1662 715 de

247 741 409 782 homine
423 742 500 782 hoc
517 757 691 796 unquam
712 743 931 781 audivimus
950 743 963 780 ?
987 743 1151 781 Novum
1171 742 1238 787 est,
1252 742 1409 794 Judices
1427 758 1435 781 ε
1459 743 1500 780 in
1522 743 1662 782 Siculis

247 809 423 862 quidem,
454 810 552 848 etin
573 810 757 848 omnibus
790 810 952 854 Graecis,
989 809 1151 847 monstri
1171 809 1307 847 fimile.
1351 809 1445 847 Non
1466 810 1662 849 crederem

246 875 324 915 hoc
344 876 392 915 de
411 877 555 922 statuis,
578 877 646 915 nifi
662 877 832 929 jacentes
853 875 1091 928 revulsasque
1111 875 1285 914 vidiffem
1302 894 1313 920 ;
1336 885 1536 929 propterea
1556 877 1662 929 quod

248 944 350 996 apud
370 957 504 982 omnes
527 945 684 982 Graecos
715 943 782 982 hic
803 957 887 981 mos
908 943 974 988 est,
1011 952 1054 981 ut
1084 942 1275 981 honorem
1296 941 1524 981 hominibus
1545 942 1660 981 habi-

250 1018 337 1048 tum
358 1010 399 1048 in
420 1007 684 1048 monumentis
702 1009 927 1063 hujusmodi
954 1009 1140 1047 nonnulla
1160 1009 1345 1062 religione
1364 1011 1542 1048 Deorum
1562 1024 1660 1048 con-

249 1074 383 1114 secrari
403 1076 651 1114 arbitrentur.

323 1143 460 1195 Itaque
493 1156 587 1180 cum
618 1141 767 1180 Rhodii
800 1141 948 1180 bellum
981 1142 1079 1180 illud
1108 1156 1227 1195 prope
1261 1142 1329 1180 soli
1363 1142 1532 1195 superius
1567 1157 1662 1182 cum

250 1207 486 1247 Mithridate
511 1222 598 1261 rege
627 1208 829 1261 gesserint,
871 1208 1081 1260 omnesque
1115 1210 1196 1260 ejus
1229 1210 1373 1262 copias,
1406 1210 1662 1248 acerrimum-

250 1289 326 1328 que
346 1276 554 1330 impetum,
576 1275 787 1320 moenibus,
810 1275 1020 1320 littoribus,
1043 1275 1294 1327 classibusque
1314 1275 1388 1313 suis
1415 1277 1660 1328 exceperint;

251 1355 345 1381 cum
364 1352 402 1381 et
432 1343 529 1395 regis
557 1342 710 1380 inimici
729 1351 865 1395 praeter
895 1350 1050 1380 caeteros
1083 1341 1199 1379 efl'ent
1214 1360 1226 1387 ς
1260 1341 1422 1380 statuam
1448 1343 1544 1394 ejus,
1577 1357 1663 1396 quae

251 1414 331 1447 e‘rat
361 1410 464 1463 apud
493 1408 592 1462 ipsos
623 1409 664 1447 in
685 1408 936 1446 celeberrimo
968 1408 1074 1446 urbis
1105 1407 1206 1454 loco,
1239 1422 1286 1446 ne
1321 1418 1407 1447 tum
1439 1409 1599 1461 quidem
1621 1411 1663 1448 in

251 1475 340 1529 ipfis
361 1476 467 1514 urbis
497 1475 680 1529 periculis
710 1475 931 1527 attigerunt.
978 1474 1152 1513 Forfitan
1181 1475 1246 1513 vix
1280 1475 1484 1514 convenire
1513 1475 1662 1514 videre-

250 1552 328 1589 tur,
373 1558 492 1597 quem
536 1543 663 1596 ipsum
696 1542 902 1582 hominem
933 1552 1117 1596 cuperent
1151 1552 1331 1589 evertere,
1377 1545 1457 1596 ejus
1492 1544 1663 1596 effigiem

249 1609 578 1662 simulacrumque
598 1610 757 1648 servare:
780 1609 843 1647 sed
860 1618 988 1648 tamen
1006 1610 1198 1654 videbam,
1218 1610 1319 1661 apud
1334 1624 1396 1648 eos
1417 1623 1510 1647 cum
1531 1610 1661 1655 effern,

252 1685 290 1714 et
310 1676 536 1728 religionem
557 1675 627 1713 effe
647 1675 842 1727 quandam
874 1675 915 1713 in
940 1674 1002 1712 his
1024 1675 1152 1720 rebus,
1183 1689 1204 1712 a
1234 1676 1444 1727 majoribus
1466 1676 1662 1720 traditam,

252 1752 291 1781 et
310 1741 386 1780 hoc
407 1743 619 1795 disputare;
649 1755 741 1779 cum
763 1742 881 1780 statua
903 1741 938 1779 se
958 1742 1038 1794 ejus
1059 1740 1230 1780 habuiffe
1251 1743 1434 1795 temporis
1455 1743 1663 1787 rationem,

252 1823 332 1862 quo
350 1809 469 1862 posita
500 1808 614 1855 effet5
645 1822 738 1847 cum
758 1807 920 1848 homine
940 1821 1042 1855 vero,
1075 1822 1154 1862 quo
1178 1818 1325 1862 gereret
1354 1809 1515 1855 bellurn,
1546 1818 1662 1861 atque

251 1874 370 1915 hostis
391 1875 493 1914 effet.

307 1942 457 1980 LXVI.
489 1941 640 1979 Videtis
661 1941 780 1994 igitur
800 1941 1133 1986 consuetudinem,
1168 1940 1473 1993 religionemque
1501 1941 1661 1979 Graeco-

254 2021 356 2052 rum,
372 2022 457 2060 quae
474 2017 729 2046 monumenta
747 2007 918 2046 hostium
935 2008 974 2045 in
996 2007 1100 2046 bello
1116 2007 1196 2060 ipso
1212 2007 1327 2045 soleat
1343 2006 1561 2052 defendere,
1579 2021 1664 2045 eam

254 2074 407 2112 summa
421 2075 461 2111 in
477 2087 569 2127 pace
586 2075 761 2112 Praetoris
778 2075 913 2127 populi
928 2075 1097 2112 Romani
1113 2074 1242 2112 statuis
1255 2074 1426 2126 praefidio
1443 2087 1520 2111 non
1537 2073 1660 2112 fuiffc.

255 2140 584 2184 Taurominitani‚
599 2154 767 2192 quorum
789 2141 841 2178 est
861 2141 993 2178 civitas
1007 2139 1202 2184 foederata,
1220 2139 1397 2178 homines
1419 2140 1660 2192 quietissimi,

254 2207 321 2259 qui
343 2206 512 2244 maxime
531 2206 578 2243 ab
598 2206 747 2257 injuriis
781 2205 995 2243 nostrorum
1019 2205 1310 2258 magistratuum
1333 2206 1472 2243 remoti
1499 2206 1660 2243 consue-

255 2282 338 2310 rant
373 2271 443 2309 effe
459 2302 469 2317 ,
501 2271 673 2324 praesidio
707 2270 861 2309 foederis
880 2290 891 2316 3
930 2271 971 2309 hi
1002 2281 1130 2309 tamen
1162 2272 1268 2310 istius
1303 2283 1467 2309 evertere
1502 2272 1662 2308 statuam

255 2352 333 2376 non
355 2339 638 2376 dubitaverunt.
673 2339 761 2390 Qa
781 2338 918 2383 ablata,
950 2338 1051 2376 basln
1075 2334 1202 2376 tamen
1234 2340 1274 2376 in
1295 2337 1379 2376 foro
1410 2350 1563 2374 manere
1591 2351 1660 2373 vo-

256 2404 440 2449 luerunt;
484 2405 589 2457 qubd
619 2405 770 2457 gravius
804 2405 843 2442 in
875 2405 990 2443 istum
1020 2404 1102 2443 fore
1131 2405 1331 2457 putabant,
1364 2403 1388 2440 fi
1419 2402 1555 2439 scirent
1586 2401 1660 2439 ho-

258 2470 397 2514 mines,
427 2470 589 2508 statuam
618 2472 699 2522 ejus
730 2485 750 2508 a
781 2471 1114 2509 Taurominitanis
1148 2469 1219 2507 effe
1254 2469 1452 2520 dejcc‘lam,
1483 2482 1601 2520 quam
1634 2469 1660 2506 fi

258 2534 406 2572 nullam
436 2549 607 2588 unquam
642 2536 803 2588 politam
840 2538 1124 2575 arbitrarentur.
1158 2534 1411 2585 Tyndaritani
1443 2534 1663 2585 dejecerunt
