<?xml version="1.0" encoding="UTF-8"?>
<!DOCTYPE html PUBLIC "-//W3C//DTD XHTML 1.0 Transitional//EN"
    "http://www.w3.org/TR/xhtml1/DTD/xhtml1-transitional.dtd">
<html xmlns="http://www.w3.org/1999/xhtml" xml:lang="en" lang="en">
 <head>
  <title>
</title>
<meta http-equiv="Content-Type" content="text/html;charset=utf-8" />
  <meta name='ocr-system' content='tesseract 3.04.00' />
  <meta name='ocr-capabilities' content='ocr_page ocr_carea ocr_par ocr_line ocrx_word'/>
</head>
<body>
  <div class='ocr_page' id='page_1' title='image "./operacumindicibu04ciceuoft_0440.png"; bbox 0 0 2201 2792; ppageno 0'>
   <div class='ocr_carea' id='block_1_1' title="bbox 523 173 1501 237">
    <p class='ocr_par' dir='ltr' id='par_1_1' title="bbox 523 173 1501 237">
     <span class='ocr_line' id='line_1_1' title="bbox 523 173 1501 237; baseline 0 -24"><span class='ocrx_word' id='word_1_1' title='bbox 523 188 602 225; x_wconf 77' lang='lat'><strong>420</strong></span> <span class='ocrx_word' id='word_1_2' title='bbox 951 174 1042 213; x_wconf 90' lang='lat' dir='ltr'><strong>IN</strong></span> <span class='ocrx_word' id='word_1_3' title='bbox 1118 173 1501 237; x_wconf 78' lang='lat' dir='ltr'>VERREM</span> 
     </span>
    </p>
   </div>
   <div class='ocr_carea' id='block_1_2' title="bbox 515 274 1923 2589">
    <p class='ocr_par' dir='ltr' id='par_1_2' title="bbox 516 274 1923 1860">
     <span class='ocr_line' id='line_1_2' title="bbox 522 274 1922 328; baseline -0.001 -14"><span class='ocrx_word' id='word_1_4' title='bbox 522 276 647 314; x_wconf 87' lang='lat' dir='ltr'><strong>Simul</strong></span> <span class='ocrx_word' id='word_1_5' title='bbox 680 289 722 314; x_wconf 90' lang='lat' dir='ltr'><strong>ac</strong></span> <span class='ocrx_word' id='word_1_6' title='bbox 754 284 836 314; x_wconf 87' lang='lat' dir='ltr'><strong>tute</strong></span> <span class='ocrx_word' id='word_1_7' title='bbox 866 277 1028 328; x_wconf 85' lang='lat' dir='ltr'><strong>coeperis</strong></span> <span class='ocrx_word' id='word_1_8' title='bbox 1059 285 1125 314; x_wconf 85' lang='lat' dir='ltr'><strong>tua</strong></span> <span class='ocrx_word' id='word_1_9' title='bbox 1148 276 1297 328; x_wconf 83' lang='lat' dir='ltr'><strong>judicia</strong></span> <span class='ocrx_word' id='word_1_10' title='bbox 1327 276 1550 322; x_wconf 84' lang='lat' dir='ltr'>rescindere,</span> <span class='ocrx_word' id='word_1_11' title='bbox 1583 274 1684 314; x_wconf 87' lang='lat' dir='ltr'><strong>mihi</strong></span> <span class='ocrx_word' id='word_1_12' title='bbox 1704 274 1922 314; x_wconf 87' lang='lat' dir='ltr'><strong>succensere</strong></span> 
     </span>
     <span class='ocr_line' id='line_1_3' title="bbox 522 342 1920 396; baseline 0 -16"><span class='ocrx_word' id='word_1_13' title='bbox 522 343 682 381; x_wconf 88' lang='lat' dir='ltr'><strong>definito</strong></span> <span class='ocrx_word' id='word_1_14' title='bbox 700 358 708 381; x_wconf 91' lang='lat'><strong>:</strong></span> <span class='ocrx_word' id='word_1_15' title='bbox 742 356 830 380; x_wconf 89' lang='lat' dir='ltr'><strong>meo</strong></span> <span class='ocrx_word' id='word_1_16' title='bbox 851 343 955 380; x_wconf 87' lang='lat' dir='ltr'><strong>enim</strong></span> <span class='ocrx_word' id='word_1_17' title='bbox 971 343 1058 395; x_wconf 88' lang='lat' dir='ltr'><strong>jure</strong></span> <span class='ocrx_word' id='word_1_18' title='bbox 1077 342 1325 388; x_wconf 82' lang='lat' dir='ltr'>contendam,</span> <span class='ocrx_word' id='word_1_19' title='bbox 1346 357 1452 388; x_wconf 89' lang='lat' dir='ltr'><strong>eum,</strong></span> <span class='ocrx_word' id='word_1_20' title='bbox 1486 343 1555 396; x_wconf 88' lang='lat' dir='ltr'><strong>qui</strong></span> <span class='ocrx_word' id='word_1_21' title='bbox 1573 342 1641 381; x_wconf 92' lang='lat' dir='ltr'><strong>suo</strong></span> <span class='ocrx_word' id='word_1_22' title='bbox 1655 342 1805 395; x_wconf 90' lang='lat' dir='ltr'><strong>judicio</strong></span> <span class='ocrx_word' id='word_1_23' title='bbox 1825 356 1920 380; x_wconf 91' lang='lat' dir='ltr'><strong>con-</strong></span> 
     </span>
     <span class='ocr_line' id='line_1_4' title="bbox 521 408 1920 462; baseline -0.001 -14"><span class='ocrx_word' id='word_1_24' title='bbox 521 409 723 448; x_wconf 85' lang='lat' dir='ltr'><strong>demnatus</strong></span> <span class='ocrx_word' id='word_1_25' title='bbox 761 408 820 453; x_wconf 80' lang='lat' dir='ltr'><strong>sit,</strong></span> <span class='ocrx_word' id='word_1_26' title='bbox 848 409 1066 460; x_wconf 82' lang='lat' dir='ltr'><strong>juratorum</strong></span> <span class='ocrx_word' id='word_1_27' title='bbox 1092 408 1274 460; x_wconf 87' lang='lat' dir='ltr'><strong>judicum</strong></span> <span class='ocrx_word' id='word_1_28' title='bbox 1301 409 1496 448; x_wconf 80' lang='lat' dir='ltr'><strong>sententiis</strong></span> <span class='ocrx_word' id='word_1_29' title='bbox 1528 409 1700 448; x_wconf 85' lang='lat' dir='ltr'><strong>damnari</strong></span> <span class='ocrx_word' id='word_1_30' title='bbox 1730 417 1920 462; x_wconf 86' lang='lat' dir='ltr'><strong>oportere.</strong></span> 
     </span>
     <span class='ocr_line' id='line_1_5' title="bbox 522 474 1923 529; baseline -0.002 -14"><span class='ocrx_word' id='word_1_31' title='bbox 522 475 615 515; x_wconf 90' lang='lat' dir='ltr'><strong>Non</strong></span> <span class='ocrx_word' id='word_1_32' title='bbox 637 475 840 514; x_wconf 85' lang='lat' dir='ltr'>defendam</span> <span class='ocrx_word' id='word_1_33' title='bbox 862 474 1066 528; x_wconf 86' lang='lat' dir='ltr'><strong>Apollonii</strong></span> <span class='ocrx_word' id='word_1_34' title='bbox 1085 475 1252 520; x_wconf 86' lang='lat' dir='ltr'><strong>causam,</strong></span> <span class='ocrx_word' id='word_1_35' title='bbox 1274 476 1405 521; x_wconf 85' lang='lat' dir='ltr'><strong>amici,</strong></span> <span class='ocrx_word' id='word_1_36' title='bbox 1427 485 1541 529; x_wconf 89' lang='lat' dir='ltr'><strong>atque</strong></span> <span class='ocrx_word' id='word_1_37' title='bbox 1560 475 1721 529; x_wconf 87' lang='lat' dir='ltr'><strong>hospitis</strong></span> <span class='ocrx_word' id='word_1_38' title='bbox 1749 475 1842 521; x_wconf 87' lang='lat' dir='ltr'><strong>mei,</strong></span> <span class='ocrx_word' id='word_1_39' title='bbox 1875 489 1923 513; x_wconf 89' lang='lat' dir='ltr'><strong>ne</strong></span> 
     </span>
     <span class='ocr_line' id='line_1_6' title="bbox 522 541 1920 595; baseline 0 -16"><span class='ocrx_word' id='word_1_40' title='bbox 522 551 634 580; x_wconf 84' lang='lat' dir='ltr'><strong>tuum</strong></span> <span class='ocrx_word' id='word_1_41' title='bbox 649 541 847 595; x_wconf 87' lang='lat' dir='ltr'><strong>judicium</strong></span> <span class='ocrx_word' id='word_1_42' title='bbox 869 541 996 579; x_wconf 88' lang='lat' dir='ltr'><strong>videar</strong></span> <span class='ocrx_word' id='word_1_43' title='bbox 1026 541 1235 580; x_wconf 75' lang='lat' dir='ltr'><strong>rescindere</strong></span> <span class='ocrx_word' id='word_1_44' title='bbox 1253 557 1262 580; x_wconf 80' lang='lat' dir='ltr'><em>z</em></span> <span class='ocrx_word' id='word_1_45' title='bbox 1295 541 1395 580; x_wconf 87' lang='lat' dir='ltr'><strong>nihil</strong></span> <span class='ocrx_word' id='word_1_46' title='bbox 1415 542 1463 580; x_wconf 93' lang='lat' dir='ltr'><strong>de</strong></span> <span class='ocrx_word' id='word_1_47' title='bbox 1493 541 1667 581; x_wconf 86' lang='lat' dir='ltr'><strong>hominis</strong></span> <span class='ocrx_word' id='word_1_48' title='bbox 1686 541 1920 594; x_wconf 86' lang='lat' dir='ltr'><strong>frugalitate,</strong></span> 
     </span>
     <span class='ocr_line' id='line_1_7' title="bbox 521 608 1923 661; baseline -0.001 -15"><span class='ocrx_word' id='word_1_49' title='bbox 521 609 677 654; x_wconf 87' lang='lat' dir='ltr'><strong>virtute,</strong></span> <span class='ocrx_word' id='word_1_50' title='bbox 711 608 911 661; x_wconf 85' lang='lat' dir='ltr'><strong>diligentia</strong></span> <span class='ocrx_word' id='word_1_51' title='bbox 946 608 1100 647; x_wconf 84' lang='lat' dir='ltr'><strong>dicam:</strong></span> <span class='ocrx_word' id='word_1_52' title='bbox 1139 609 1431 661; x_wconf 88' lang='lat' dir='ltr'><strong>praetermittam</strong></span> <span class='ocrx_word' id='word_1_53' title='bbox 1466 609 1565 647; x_wconf 85' lang='lat' dir='ltr'><strong>illud</strong></span> <span class='ocrx_word' id='word_1_54' title='bbox 1598 609 1732 653; x_wconf 87' lang='lat' dir='ltr'><strong>etiam,</strong></span> <span class='ocrx_word' id='word_1_55' title='bbox 1766 608 1813 645; x_wconf 84' lang='lat' dir='ltr'><strong>de</strong></span> <span class='ocrx_word' id='word_1_56' title='bbox 1842 621 1923 660; x_wconf 89' lang='lat' dir='ltr'><strong>quo</strong></span> 
     </span>
     <span class='ocr_line' id='line_1_8' title="bbox 521 674 1922 728; baseline -0.001 -15"><span class='ocrx_word' id='word_1_57' title='bbox 521 685 628 713; x_wconf 77' lang='lat' dir='ltr'><strong>antea</strong></span> <span class='ocrx_word' id='word_1_58' title='bbox 648 675 744 721; x_wconf 84' lang='lat' dir='ltr'><strong>dixi,</strong></span> <span class='ocrx_word' id='word_1_59' title='bbox 775 674 948 713; x_wconf 82' lang='lat' dir='ltr'><strong>fortunas</strong></span> <span class='ocrx_word' id='word_1_60' title='bbox 980 676 1061 728; x_wconf 85' lang='lat' dir='ltr'><strong>ejus</strong></span> <span class='ocrx_word' id='word_1_61' title='bbox 1088 675 1141 714; x_wconf 87' lang='lat' dir='ltr'><strong>ita</strong></span> <span class='ocrx_word' id='word_1_62' title='bbox 1164 675 1388 714; x_wconf 88' lang='lat' dir='ltr'><strong>constitutas</strong></span> <span class='ocrx_word' id='word_1_63' title='bbox 1419 674 1543 720; x_wconf 85' lang='lat' dir='ltr'><strong>fuiffe,</strong></span> <span class='ocrx_word' id='word_1_64' title='bbox 1574 675 1738 720; x_wconf 87' lang='lat' dir='ltr'><strong>familia,</strong></span> <span class='ocrx_word' id='word_1_65' title='bbox 1769 687 1922 727; x_wconf 89' lang='lat' dir='ltr'><strong>pecore,</strong></span> 
     </span>
     <span class='ocr_line' id='line_1_9' title="bbox 520 740 1922 795; baseline -0.001 -16"><span class='ocrx_word' id='word_1_66' title='bbox 520 742 638 788; x_wconf 89' lang='lat' dir='ltr'><strong>villis,</strong></span> <span class='ocrx_word' id='word_1_67' title='bbox 669 742 845 795; x_wconf 81' lang='lat' dir='ltr'><strong>pecuniis</strong></span> <span class='ocrx_word' id='word_1_68' title='bbox 866 741 1033 787; x_wconf 85' lang='lat' dir='ltr'><strong>creditis,</strong></span> <span class='ocrx_word' id='word_1_69' title='bbox 1070 751 1113 780; x_wconf 91' lang='lat' dir='ltr'><strong>ut</strong></span> <span class='ocrx_word' id='word_1_70' title='bbox 1140 743 1289 780; x_wconf 88' lang='lat' dir='ltr'><strong>nemini</strong></span> <span class='ocrx_word' id='word_1_71' title='bbox 1321 742 1451 780; x_wconf 85' lang='lat' dir='ltr'><strong>minus</strong></span> <span class='ocrx_word' id='word_1_72' title='bbox 1472 742 1681 795; x_wconf 84' lang='lat' dir='ltr'><strong>expediret,</strong></span> <span class='ocrx_word' id='word_1_73' title='bbox 1718 741 1847 779; x_wconf 85' lang='lat' dir='ltr'><strong>ullum&#39;</strong></span> <span class='ocrx_word' id='word_1_74' title='bbox 1880 740 1922 778; x_wconf 84' lang='lat' dir='ltr'><strong>in</strong></span> 
     </span>
     <span class='ocr_line' id='line_1_10' title="bbox 521 807 1923 853; baseline -0.001 -7"><span class='ocrx_word' id='word_1_75' title='bbox 521 809 651 846; x_wconf 86' lang='lat' dir='ltr'><strong>Sicilia</strong></span> <span class='ocrx_word' id='word_1_76' title='bbox 672 808 904 853; x_wconf 87' lang='lat' dir='ltr'><strong>tumultum,</strong></span> <span class='ocrx_word' id='word_1_77' title='bbox 925 818 991 846; x_wconf 85' lang='lat' dir='ltr'><strong>aut</strong></span> <span class='ocrx_word' id='word_1_78' title='bbox 1022 808 1171 847; x_wconf 89' lang='lat' dir='ltr'><strong>bellum</strong></span> <span class='ocrx_word' id='word_1_79' title='bbox 1192 809 1432 847; x_wconf 90' lang='lat' dir='ltr'><strong>commoveri</strong></span> <span class='ocrx_word' id='word_1_80' title='bbox 1453 823 1462 847; x_wconf 92' lang='lat'>:</span> <span class='ocrx_word' id='word_1_81' title='bbox 1494 823 1572 846; x_wconf 93' lang='lat' dir='ltr'><strong>non</strong></span> <span class='ocrx_word' id='word_1_82' title='bbox 1593 808 1720 846; x_wconf 89' lang='lat' dir='ltr'><strong>dicam</strong></span> <span class='ocrx_word' id='word_1_83' title='bbox 1756 821 1803 845; x_wconf 92' lang='lat' dir='ltr'><strong>ne</strong></span> <span class='ocrx_word' id='word_1_84' title='bbox 1822 807 1923 845; x_wconf 88' lang='lat' dir='ltr'><strong>illud</strong></span> 
     </span>
     <span class='ocr_line' id='line_1_11' title="bbox 520 873 1921 928; baseline -0.001 -15"><span class='ocrx_word' id='word_1_85' title='bbox 520 875 695 927; x_wconf 90' lang='lat' dir='ltr'><strong>quidem,</strong></span> <span class='ocrx_word' id='word_1_86' title='bbox 718 875 744 913; x_wconf 87' lang='lat' dir='ltr'>fi</span> <span class='ocrx_word' id='word_1_87' title='bbox 763 875 934 913; x_wconf 83' lang='lat' dir='ltr'><strong>maxime</strong></span> <span class='ocrx_word' id='word_1_88' title='bbox 955 876 994 916; x_wconf 88' lang='lat' dir='ltr'><strong>in</strong></span> <span class='ocrx_word' id='word_1_89' title='bbox 1015 875 1131 928; x_wconf 86' lang='lat' dir='ltr'><strong>culpa</strong></span> <span class='ocrx_word' id='word_1_90' title='bbox 1151 874 1268 913; x_wconf 88' lang='lat' dir='ltr'><strong>fuerit</strong></span> <span class='ocrx_word' id='word_1_91' title='bbox 1289 875 1540 928; x_wconf 83' lang='lat' dir='ltr'><strong>Apollonius,</strong></span> <span class='ocrx_word' id='word_1_92' title='bbox 1574 885 1703 914; x_wconf 86' lang='lat' dir='ltr'><strong>tamen</strong></span> <span class='ocrx_word' id='word_1_93' title='bbox 1725 875 1767 912; x_wconf 91' lang='lat' dir='ltr'><strong>in</strong></span> <span class='ocrx_word' id='word_1_94' title='bbox 1787 873 1921 912; x_wconf 87' lang='lat' dir='ltr'><strong>homi-</strong></span> 
     </span>
     <span class='ocr_line' id='line_1_12' title="bbox 521 940 1920 994; baseline -0.001 -14"><span class='ocrx_word' id='word_1_95' title='bbox 521 955 610 980; x_wconf 89' lang='lat' dir='ltr'><strong>nem</strong></span> <span class='ocrx_word' id='word_1_96' title='bbox 631 941 954 987; x_wconf 86' lang='lat' dir='ltr'><strong>honestiffimum,</strong></span> <span class='ocrx_word' id='word_1_97' title='bbox 976 943 1141 981; x_wconf 87' lang='lat' dir='ltr'><strong>civitatis</strong></span> <span class='ocrx_word' id='word_1_98' title='bbox 1163 941 1447 987; x_wconf 79' lang='lat' dir='ltr'><strong>honestiffimae,</strong></span> <span class='ocrx_word' id='word_1_99' title='bbox 1465 951 1542 980; x_wconf 82' lang='lat' dir='ltr'><strong>tam</strong></span> <span class='ocrx_word' id='word_1_100' title='bbox 1563 942 1729 994; x_wconf 85' lang='lat' dir='ltr'><strong>graviter</strong></span> <span class='ocrx_word' id='word_1_101' title='bbox 1745 940 1920 978; x_wconf 85' lang='lat' dir='ltr'><strong>animad—</strong></span> 
     </span>
     <span class='ocr_line' id='line_1_13' title="bbox 519 1008 1921 1061; baseline -0.001 -16"><span class='ocrx_word' id='word_1_102' title='bbox 519 1009 630 1054; x_wconf 82' lang='lat' dir='ltr'><strong>verti,</strong></span> <span class='ocrx_word' id='word_1_103' title='bbox 663 1008 772 1047; x_wconf 86' lang='lat' dir='ltr'><strong>causa</strong></span> <span class='ocrx_word' id='word_1_104' title='bbox 791 1008 948 1053; x_wconf 63' lang='lat' dir='ltr'><strong>indicta,</strong></span> <span class='ocrx_word' id='word_1_105' title='bbox 970 1022 1049 1046; x_wconf 89' lang='lat' dir='ltr'><strong>non</strong></span> <span class='ocrx_word' id='word_1_106' title='bbox 1080 1008 1302 1061; x_wconf 83' lang='lat' dir='ltr'><strong>oportuiffe.</strong></span> <span class='ocrx_word' id='word_1_107' title='bbox 1335 1008 1500 1047; x_wconf 89' lang='lat' dir='ltr'><strong>Nullam</strong></span> <span class='ocrx_word' id='word_1_108' title='bbox 1522 1008 1707 1046; x_wconf 86' lang='lat' dir='ltr'><strong>invidiam</strong></span> <span class='ocrx_word' id='word_1_109' title='bbox 1729 1008 1769 1045; x_wconf 88' lang='lat' dir='ltr'><strong>in</strong></span> <span class='ocrx_word' id='word_1_110' title='bbox 1791 1016 1841 1052; x_wconf 91' lang='lat' dir='ltr'><strong>te,</strong></span> <span class='ocrx_word' id='word_1_111' title='bbox 1873 1020 1921 1044; x_wconf 91' lang='lat' dir='ltr'><strong>ne</strong></span> 
     </span>
     <span class='ocr_line' id='line_1_14' title="bbox 518 1074 1920 1127; baseline -0.001 -14"><span class='ocrx_word' id='word_1_112' title='bbox 518 1088 564 1113; x_wconf 82' lang='lat' dir='ltr'><strong>ex</strong></span> <span class='ocrx_word' id='word_1_113' title='bbox 586 1076 663 1113; x_wconf 80' lang='lat' dir='ltr'><strong>illis</strong></span> <span class='ocrx_word' id='word_1_114' title='bbox 695 1075 855 1127; x_wconf 88' lang='lat' dir='ltr'><strong>quidem</strong></span> <span class='ocrx_word' id='word_1_115' title='bbox 878 1076 990 1113; x_wconf 82' lang='lat' dir='ltr'><strong>rebus</strong></span> <span class='ocrx_word' id='word_1_116' title='bbox 1011 1075 1229 1120; x_wconf 84' lang='lat' dir='ltr'><strong>concitabo,</strong></span> <span class='ocrx_word' id='word_1_117' title='bbox 1265 1089 1357 1113; x_wconf 90' lang='lat' dir='ltr'><strong>cum</strong></span> <span class='ocrx_word' id='word_1_118' title='bbox 1379 1074 1468 1113; x_wconf 84' lang='lat' dir='ltr'><strong>effet</strong></span> <span class='ocrx_word' id='word_1_119' title='bbox 1499 1075 1583 1112; x_wconf 85' lang='lat' dir='ltr'><strong>talis</strong></span> <span class='ocrx_word' id='word_1_120' title='bbox 1605 1075 1662 1112; x_wconf 83' lang='lat' dir='ltr'><strong>vir</strong></span> <span class='ocrx_word' id='word_1_121' title='bbox 1696 1075 1735 1112; x_wconf 87' lang='lat' dir='ltr'><strong>in</strong></span> <span class='ocrx_word' id='word_1_122' title='bbox 1757 1087 1920 1119; x_wconf 89' lang='lat' dir='ltr'><strong>carcere,</strong></span> 
     </span>
     <span class='ocr_line' id='line_1_15' title="bbox 517 1140 1919 1194; baseline -0.001 -15"><span class='ocrx_word' id='word_1_123' title='bbox 517 1141 558 1179; x_wconf 84' lang='lat' dir='ltr'><strong>in</strong></span> <span class='ocrx_word' id='word_1_124' title='bbox 581 1142 761 1186; x_wconf 87' lang='lat' dir='ltr'><strong>tenebris,</strong></span> <span class='ocrx_word' id='word_1_125' title='bbox 798 1142 836 1179; x_wconf 90' lang='lat' dir='ltr'><strong>in</strong></span> <span class='ocrx_word' id='word_1_126' title='bbox 859 1141 1045 1194; x_wconf 80' lang='lat' dir='ltr'><strong>squalore,</strong></span> <span class='ocrx_word' id='word_1_127' title='bbox 1068 1141 1108 1178; x_wconf 92' lang='lat' dir='ltr'><strong>in</strong></span> <span class='ocrx_word' id='word_1_128' title='bbox 1129 1141 1316 1187; x_wconf 85' lang='lat' dir='ltr'><strong>sordibus,</strong></span> <span class='ocrx_word' id='word_1_129' title='bbox 1350 1142 1557 1194; x_wconf 85' lang='lat' dir='ltr'><strong>tyrannicis</strong></span> <span class='ocrx_word' id='word_1_130' title='bbox 1585 1141 1797 1179; x_wconf 67' lang='lat' dir='ltr'><strong>interdictis</strong></span> <span class='ocrx_word' id='word_1_131' title='bbox 1827 1140 1919 1185; x_wconf 90' lang='lat' dir='ltr'><strong>tuis,</strong></span> 
     </span>
     <span class='ocr_line' id='line_1_16' title="bbox 518 1206 1919 1261; baseline -0.001 -15"><span class='ocrx_word' id='word_1_132' title='bbox 518 1209 616 1261; x_wconf 83' lang='lat' dir='ltr'><strong>patri</strong></span> <span class='ocrx_word' id='word_1_133' title='bbox 636 1211 766 1247; x_wconf 58' lang='lat' dir='ltr'><strong>exacta</strong></span> <span class='ocrx_word' id='word_1_134' title='bbox 784 1218 908 1254; x_wconf 56' lang='lat' dir='ltr'><strong>astate,</strong></span> <span class='ocrx_word' id='word_1_135' title='bbox 938 1217 975 1246; x_wconf 86' lang='lat' dir='ltr'><strong>et</strong></span> <span class='ocrx_word' id='word_1_136' title='bbox 1009 1207 1238 1246; x_wconf 84' lang='lat' dir='ltr'><strong>adolescenti</strong></span> <span class='ocrx_word' id='word_1_137' title='bbox 1271 1208 1368 1253; x_wconf 87' lang='lat' dir='ltr'><strong>filio,</strong></span> <span class='ocrx_word' id='word_1_138' title='bbox 1399 1208 1566 1246; x_wconf 85' lang='lat' dir='ltr'><strong>adeundi</strong></span> <span class='ocrx_word' id='word_1_139' title='bbox 1586 1208 1632 1245; x_wconf 88' lang='lat' dir='ltr'><strong>ad</strong></span> <span class='ocrx_word' id='word_1_140' title='bbox 1654 1207 1768 1245; x_wconf 86' lang='lat' dir='ltr'><strong>illum</strong></span> <span class='ocrx_word' id='word_1_141' title='bbox 1803 1206 1919 1244; x_wconf 88' lang='lat' dir='ltr'><strong>mise-</strong></span> 
     </span>
     <span class='ocr_line' id='line_1_17' title="bbox 519 1271 1918 1327; baseline -0.002 -15"><span class='ocrx_word' id='word_1_142' title='bbox 519 1288 606 1312; x_wconf 85' lang='lat' dir='ltr'><strong>rum</strong></span> <span class='ocrx_word' id='word_1_143' title='bbox 633 1274 858 1327; x_wconf 83' lang='lat' dir='ltr'><strong>potestatem</strong></span> <span class='ocrx_word' id='word_1_144' title='bbox 891 1287 1092 1326; x_wconf 88' lang='lat' dir='ltr'><strong>nunquam</strong></span> <span class='ocrx_word' id='word_1_145' title='bbox 1127 1273 1199 1311; x_wconf 85' lang='lat' dir='ltr'><strong>effe</strong></span> <span class='ocrx_word' id='word_1_146' title='bbox 1218 1272 1373 1311; x_wconf 62' lang='lat' dir='ltr'><strong>saetam.</strong></span> <span class='ocrx_word' id='word_1_147' title='bbox 1406 1273 1538 1311; x_wconf 88' lang='lat' dir='ltr'><strong>Etiam</strong></span> <span class='ocrx_word' id='word_1_148' title='bbox 1571 1273 1669 1310; x_wconf 86' lang='lat' dir='ltr'><strong>illud</strong></span> <span class='ocrx_word' id='word_1_149' title='bbox 1700 1271 1918 1325; x_wconf 69' lang='lat' dir='ltr'><strong>praeteribo,</strong></span> 
     </span>
     <span class='ocr_line' id='line_1_18' title="bbox 518 1338 1918 1392; baseline -0.001 -14"><span class='ocrx_word' id='word_1_150' title='bbox 518 1340 824 1392; x_wconf 83' lang='lat' dir='ltr'><strong>quotiescunque</strong></span> <span class='ocrx_word' id='word_1_151' title='bbox 858 1341 1096 1378; x_wconf 77' lang='lat' dir='ltr'><strong>panormum</strong></span> <span class='ocrx_word' id='word_1_152' title='bbox 1128 1339 1273 1377; x_wconf 87' lang='lat' dir='ltr'><strong>veneris</strong></span> <span class='ocrx_word' id='word_1_153' title='bbox 1308 1340 1377 1377; x_wconf 93' lang='lat' dir='ltr'><strong>illo</strong></span> <span class='ocrx_word' id='word_1_154' title='bbox 1407 1353 1521 1385; x_wconf 85' lang='lat' dir='ltr'><strong>anno,</strong></span> <span class='ocrx_word' id='word_1_155' title='bbox 1556 1348 1594 1377; x_wconf 91' lang='lat' dir='ltr'><strong>et</strong></span> <span class='ocrx_word' id='word_1_156' title='bbox 1625 1339 1687 1376; x_wconf 86' lang='lat' dir='ltr'><strong>sex</strong></span> <span class='ocrx_word' id='word_1_157' title='bbox 1708 1338 1918 1383; x_wconf 81' lang='lat' dir='ltr'><strong>mensibus,</strong></span> 
     </span>
     <span class='ocr_line' id='line_1_19' title="bbox 520 1405 1919 1459; baseline -0.001 -15"><span class='ocrx_word' id='word_1_158' title='bbox 520 1409 629 1458; x_wconf 85' lang='lat' dir='ltr'><strong>(nam</strong></span> <span class='ocrx_word' id='word_1_159' title='bbox 652 1407 801 1445; x_wconf 86' lang='lat' dir='ltr'><strong>tamdiu</strong></span> <span class='ocrx_word' id='word_1_160' title='bbox 831 1405 908 1444; x_wconf 84' lang='lat' dir='ltr'><strong>fuit</strong></span> <span class='ocrx_word' id='word_1_161' title='bbox 929 1407 969 1444; x_wconf 89' lang='lat' dir='ltr'><strong>in</strong></span> <span class='ocrx_word' id='word_1_162' title='bbox 998 1419 1146 1444; x_wconf 85' lang='lat' dir='ltr'><strong>carcere</strong></span> <span class='ocrx_word' id='word_1_163' title='bbox 1168 1406 1421 1459; x_wconf 79' lang='lat' dir='ltr'><strong>Apollonius)</strong></span> <span class='ocrx_word' id='word_1_164' title='bbox 1459 1407 1572 1444; x_wconf 86' lang='lat' dir='ltr'><strong>toties</strong></span> <span class='ocrx_word' id='word_1_165' title='bbox 1604 1405 1650 1443; x_wconf 92' lang='lat' dir='ltr'><strong>ad</strong></span> <span class='ocrx_word' id='word_1_166' title='bbox 1682 1415 1719 1443; x_wconf 94' lang='lat' dir='ltr'><strong>te</strong></span> <span class='ocrx_word' id='word_1_167' title='bbox 1744 1405 1919 1443; x_wconf 87' lang='lat' dir='ltr'><strong>senatum</strong></span> 
     </span>
     <span class='ocr_line' id='line_1_20' title="bbox 519 1472 1917 1526; baseline -0.001 -14"><span class='ocrx_word' id='word_1_168' title='bbox 519 1475 840 1512; x_wconf 85' lang='lat' dir='ltr'><strong>I&#39;anormitanum</strong></span> <span class='ocrx_word' id='word_1_169' title='bbox 871 1473 983 1511; x_wconf 85' lang='lat' dir='ltr'><strong>adiffe</strong></span> <span class='ocrx_word' id='word_1_170' title='bbox 1014 1473 1229 1526; x_wconf 87' lang='lat' dir='ltr'><strong>supplicem</strong></span> <span class='ocrx_word' id='word_1_171' title='bbox 1255 1487 1347 1511; x_wconf 91' lang='lat' dir='ltr'><strong>cum</strong></span> <span class='ocrx_word' id='word_1_172' title='bbox 1380 1473 1678 1526; x_wconf 85' lang='lat' dir='ltr'><strong>magistratibus,</strong></span> <span class='ocrx_word' id='word_1_173' title='bbox 1711 1472 1917 1510; x_wconf 89' lang='lat' dir='ltr'><strong>sacerdoti-</strong></span> 
     </span>
     <span class='ocr_line' id='line_1_21' title="bbox 519 1539 1921 1594; baseline -0.001 -15"><span class='ocrx_word' id='word_1_174' title='bbox 519 1541 665 1594; x_wconf 86' lang='lat' dir='ltr'><strong>busque</strong></span> <span class='ocrx_word' id='word_1_175' title='bbox 700 1540 898 1594; x_wconf 87' lang='lat' dir='ltr'><strong>publicis,</strong></span> <span class='ocrx_word' id='word_1_176' title='bbox 930 1549 1132 1584; x_wconf 81' lang='lat' dir='ltr'><strong>orantem,</strong></span> <span class='ocrx_word' id='word_1_177' title='bbox 1174 1549 1289 1592; x_wconf 85' lang='lat' dir='ltr'><strong>atque</strong></span> <span class='ocrx_word' id='word_1_178' title='bbox 1324 1539 1601 1584; x_wconf 88' lang='lat' dir='ltr'><strong>obsecrantem,</strong></span> <span class='ocrx_word' id='word_1_179' title='bbox 1638 1551 1682 1578; x_wconf 84' lang='lat' dir='ltr'><strong>ut</strong></span> <span class='ocrx_word' id='word_1_180' title='bbox 1711 1539 1921 1592; x_wconf 85' lang='lat' dir='ltr'><strong>aliquando</strong></span> 
     </span>
     <span class='ocr_line' id='line_1_22' title="bbox 516 1606 1918 1659; baseline -0.001 -13"><span class='ocrx_word' id='word_1_181' title='bbox 516 1608 584 1645; x_wconf 87' lang='lat' dir='ltr'><strong>ille</strong></span> <span class='ocrx_word' id='word_1_182' title='bbox 605 1608 731 1653; x_wconf 89' lang='lat' dir='ltr'><strong>miser,</strong></span> <span class='ocrx_word' id='word_1_183' title='bbox 751 1617 866 1659; x_wconf 88' lang='lat' dir='ltr'><strong>atque</strong></span> <span class='ocrx_word' id='word_1_184' title='bbox 885 1607 1070 1646; x_wconf 83' lang='lat' dir='ltr'><strong>innocens</strong></span> <span class='ocrx_word' id='word_1_185' title='bbox 1091 1606 1310 1644; x_wconf 82' lang='lat' dir='ltr'><strong>calamitate</strong></span> <span class='ocrx_word' id='word_1_186' title='bbox 1329 1607 1396 1645; x_wconf 91' lang='lat' dir='ltr'><strong>illa</strong></span> <span class='ocrx_word' id='word_1_187' title='bbox 1414 1606 1650 1645; x_wconf 85' lang='lat' dir='ltr'><strong>liberaretur.</strong></span> <span class='ocrx_word' id='word_1_188' title='bbox 1679 1606 1918 1658; x_wconf 88' lang='lat' dir='ltr'><strong>Relinquam</strong></span> 
     </span>
     <span class='ocr_line' id='line_1_23' title="bbox 517 1673 1916 1727; baseline -0.002 -14"><span class='ocrx_word' id='word_1_189' title='bbox 517 1674 598 1713; x_wconf 73' lang='lat' dir='ltr'><strong>haec</strong></span> <span class='ocrx_word' id='word_1_190' title='bbox 619 1676 765 1720; x_wconf 87' lang='lat' dir='ltr'><strong>omnia,</strong></span> <span class='ocrx_word' id='word_1_191' title='bbox 787 1688 873 1727; x_wconf 79' lang='lat' dir='ltr'><strong>quae</strong></span> <span class='ocrx_word' id='word_1_192' title='bbox 893 1674 917 1711; x_wconf 89' lang='lat' dir='ltr'><strong>s1</strong></span> <span class='ocrx_word' id='word_1_193' title='bbox 940 1674 1058 1712; x_wconf 88' lang='lat' dir='ltr'><strong>velim</strong></span> <span class='ocrx_word' id='word_1_194' title='bbox 1081 1673 1268 1727; x_wconf 87' lang='lat' dir='ltr'><strong>persequi,</strong></span> <span class='ocrx_word' id='word_1_195' title='bbox 1290 1673 1405 1712; x_wconf 88' lang='lat' dir='ltr'><strong>facile</strong></span> <span class='ocrx_word' id='word_1_196' title='bbox 1424 1673 1635 1718; x_wconf 90' lang='lat' dir='ltr'><strong>ostendam,</strong></span> <span class='ocrx_word' id='word_1_197' title='bbox 1663 1682 1728 1711; x_wconf 90' lang='lat' dir='ltr'><strong>tua</strong></span> <span class='ocrx_word' id='word_1_198' title='bbox 1747 1673 1916 1711; x_wconf 89' lang='lat' dir='ltr'><strong>crudeli-</strong></span> 
     </span>
     <span class='ocr_line' id='line_1_24' title="bbox 518 1739 1919 1792; baseline -0.001 -14"><span class='ocrx_word' id='word_1_199' title='bbox 518 1751 593 1778; x_wconf 74' lang='lat' dir='ltr'><strong>tate</strong></span> <span class='ocrx_word' id='word_1_200' title='bbox 613 1742 652 1779; x_wconf 89' lang='lat' dir='ltr'><strong>in</strong></span> <span class='ocrx_word' id='word_1_201' title='bbox 674 1741 782 1785; x_wconf 86' lang='lat' dir='ltr'><strong>alios,</strong></span> <span class='ocrx_word' id='word_1_202' title='bbox 805 1753 940 1778; x_wconf 78' lang='lat' dir='ltr'><strong>omnes</strong></span> <span class='ocrx_word' id='word_1_203' title='bbox 962 1740 1035 1778; x_wconf 91' lang='lat' dir='ltr'><strong>tibi</strong></span> <span class='ocrx_word' id='word_1_204' title='bbox 1055 1740 1180 1778; x_wconf 85' lang='lat' dir='ltr'><strong>aditus</strong></span> <span class='ocrx_word' id='word_1_205' title='bbox 1201 1739 1469 1778; x_wconf 80' lang='lat' dir='ltr'><strong>misericordiae</strong></span> <span class='ocrx_word' id='word_1_206' title='bbox 1484 1739 1665 1792; x_wconf 89' lang='lat' dir='ltr'><strong>judicum</strong></span> <span class='ocrx_word' id='word_1_207' title='bbox 1681 1739 1919 1792; x_wconf 86' lang='lat' dir='ltr'><strong>jampridem</strong></span> 
     </span>
     <span class='ocr_line' id='line_1_25' title="bbox 516 1807 822 1860; baseline 0 -15"><span class='ocrx_word' id='word_1_208' title='bbox 516 1807 822 1860; x_wconf 82' lang='lat' dir='ltr'><strong>effepraeclusOS.</strong></span> 
     </span>
    </p>

    <p class='ocr_par' dir='ltr' id='par_1_3' title="bbox 515 1871 1920 2589">
     <span class='ocr_line' id='line_1_26' title="bbox 572 1871 1920 1924; baseline -0.001 -13"><span class='ocrx_word' id='word_1_209' title='bbox 572 1875 645 1911; x_wconf 92' lang='lat' dir='ltr'><strong>lX.</strong></span> <span class='ocrx_word' id='word_1_210' title='bbox 680 1874 827 1911; x_wconf 89' lang='lat' dir='ltr'><strong>Omnia</strong></span> <span class='ocrx_word' id='word_1_211' title='bbox 857 1873 976 1924; x_wconf 84' lang='lat' dir='ltr'><strong>igitur</strong></span> <span class='ocrx_word' id='word_1_212' title='bbox 1009 1872 1077 1910; x_wconf 85' lang='lat' dir='ltr'><strong>ista</strong></span> <span class='ocrx_word' id='word_1_213' title='bbox 1110 1873 1350 1917; x_wconf 84' lang='lat' dir='ltr'><strong>concedam,</strong></span> <span class='ocrx_word' id='word_1_214' title='bbox 1386 1881 1424 1910; x_wconf 88' lang='lat' dir='ltr'><strong>et</strong></span> <span class='ocrx_word' id='word_1_215' title='bbox 1458 1872 1681 1910; x_wconf 85' lang='lat' dir='ltr'><strong>remittam:</strong></span> <span class='ocrx_word' id='word_1_216' title='bbox 1727 1871 1920 1924; x_wconf 79' lang='lat' dir='ltr'><strong>praevideo</strong></span> 
     </span>
     <span class='ocr_line' id='line_1_27' title="bbox 516 1938 1916 1991; baseline -0.001 -14"><span class='ocrx_word' id='word_1_217' title='bbox 516 1940 636 1984; x_wconf 80' lang='lat' dir='ltr'><strong>enim,</strong></span> <span class='ocrx_word' id='word_1_218' title='bbox 659 1939 754 1991; x_wconf 86' lang='lat' dir='ltr'><strong>quid</strong></span> <span class='ocrx_word' id='word_1_219' title='bbox 776 1938 819 1977; x_wconf 87' lang='lat' dir='ltr'><strong>fit</strong></span> <span class='ocrx_word' id='word_1_220' title='bbox 840 1938 1060 1976; x_wconf 83' lang='lat' dir='ltr'><strong>defensurus</strong></span> <span class='ocrx_word' id='word_1_221' title='bbox 1083 1939 1326 1976; x_wconf 85' lang='lat' dir='ltr'><strong>Hortenfius.</strong></span> <span class='ocrx_word' id='word_1_222' title='bbox 1351 1939 1566 1982; x_wconf 87' lang='lat' dir='ltr'><strong>Fatebitur,</strong></span> <span class='ocrx_word' id='word_1_223' title='bbox 1588 1938 1690 1990; x_wconf 89' lang='lat' dir='ltr'><strong>apud</strong></span> <span class='ocrx_word' id='word_1_224' title='bbox 1710 1938 1824 1975; x_wconf 90' lang='lat' dir='ltr'><strong>istum</strong></span> <span class='ocrx_word' id='word_1_225' title='bbox 1848 1951 1916 1975; x_wconf 89' lang='lat' dir='ltr'><strong>ne-</strong></span> 
     </span>
     <span class='ocr_line' id='line_1_28' title="bbox 517 2003 1916 2058; baseline -0.001 -15"><span class='ocrx_word' id='word_1_226' title='bbox 517 2020 593 2058; x_wconf 89' lang='lat' dir='ltr'><strong>que</strong></span> <span class='ocrx_word' id='word_1_227' title='bbox 615 2005 847 2043; x_wconf 58' lang='lat' dir='ltr'><strong>senestutem</strong></span> <span class='ocrx_word' id='word_1_228' title='bbox 876 2004 1006 2057; x_wconf 82' lang='lat' dir='ltr'><strong>patris,</strong></span> <span class='ocrx_word' id='word_1_229' title='bbox 1040 2018 1165 2057; x_wconf 89' lang='lat' dir='ltr'><strong>neque</strong></span> <span class='ocrx_word' id='word_1_230' title='bbox 1187 2004 1480 2042; x_wconf 86' lang='lat' dir='ltr'><strong>adolescentiam</strong></span> <span class='ocrx_word' id='word_1_231' title='bbox 1512 2003 1598 2049; x_wconf 89' lang='lat' dir='ltr'><strong>filii,</strong></span> <span class='ocrx_word' id='word_1_232' title='bbox 1634 2018 1759 2056; x_wconf 87' lang='lat' dir='ltr'><strong>neque</strong></span> <span class='ocrx_word' id='word_1_233' title='bbox 1790 2004 1916 2056; x_wconf 84' lang='lat' dir='ltr'><strong>lacry-</strong></span> 
     </span>
     <span class='ocr_line' id='line_1_29' title="bbox 517 2070 1916 2124; baseline -0.001 -14"><span class='ocrx_word' id='word_1_234' title='bbox 517 2085 597 2110; x_wconf 81' lang='lat' dir='ltr'><strong>mas</strong></span> <span class='ocrx_word' id='word_1_235' title='bbox 620 2071 816 2123; x_wconf 88' lang='lat' dir='ltr'><strong>utriusque</strong></span> <span class='ocrx_word' id='word_1_236' title='bbox 838 2070 923 2123; x_wconf 80' lang='lat' dir='ltr'><strong>plus</strong></span> <span class='ocrx_word' id='word_1_237' title='bbox 941 2070 1106 2115; x_wconf 86' lang='lat' dir='ltr'><strong>valuiffe,</strong></span> <span class='ocrx_word' id='word_1_238' title='bbox 1122 2085 1239 2123; x_wconf 86' lang='lat' dir='ltr'><strong>quam</strong></span> <span class='ocrx_word' id='word_1_239' title='bbox 1258 2071 1484 2115; x_wconf 85' lang='lat' dir='ltr'><strong>utilitatem,</strong></span> <span class='ocrx_word' id='word_1_240' title='bbox 1503 2070 1741 2123; x_wconf 88' lang='lat' dir='ltr'><strong>salutemque</strong></span> <span class='ocrx_word' id='word_1_241' title='bbox 1756 2072 1916 2124; x_wconf 89' lang='lat' dir='ltr'><strong>provin-</strong></span> 
     </span>
     <span class='ocr_line' id='line_1_30' title="bbox 516 2137 1919 2189; baseline -0.001 -12"><span class='ocrx_word' id='word_1_242' title='bbox 516 2139 612 2177; x_wconf 81' lang='lat' dir='ltr'><strong>ciae:</strong></span> <span class='ocrx_word' id='word_1_243' title='bbox 645 2138 761 2182; x_wconf 89' lang='lat' dir='ltr'><strong>dicet,</strong></span> <span class='ocrx_word' id='word_1_244' title='bbox 797 2137 1082 2189; x_wconf 87' lang='lat' dir='ltr'><strong>rempublicam</strong></span> <span class='ocrx_word' id='word_1_245' title='bbox 1101 2137 1356 2176; x_wconf 86' lang='lat' dir='ltr'><strong>administrari</strong></span> <span class='ocrx_word' id='word_1_246' title='bbox 1391 2138 1467 2176; x_wconf 87' lang='lat' dir='ltr'><strong>fine</strong></span> <span class='ocrx_word' id='word_1_247' title='bbox 1496 2147 1619 2182; x_wconf 88' lang='lat' dir='ltr'><strong>metu,</strong></span> <span class='ocrx_word' id='word_1_248' title='bbox 1650 2151 1692 2175; x_wconf 87' lang='lat' dir='ltr'><strong>ac</strong></span> <span class='ocrx_word' id='word_1_249' title='bbox 1724 2137 1919 2175; x_wconf 81' lang='lat' dir='ltr'><strong>severitate</strong></span> 
     </span>
     <span class='ocr_line' id='line_1_31' title="bbox 517 2203 1916 2258; baseline -0.002 -14"><span class='ocrx_word' id='word_1_250' title='bbox 517 2219 593 2244; x_wconf 88' lang='lat' dir='ltr'><strong>non</strong></span> <span class='ocrx_word' id='word_1_251' title='bbox 614 2204 744 2258; x_wconf 79' lang='lat' dir='ltr'><strong>posse:</strong></span> <span class='ocrx_word' id='word_1_252' title='bbox 777 2214 935 2257; x_wconf 61' lang='lat' dir='ltr'><strong>quintet,</strong></span> <span class='ocrx_word' id='word_1_253' title='bbox 966 2205 1220 2255; x_wconf 83' lang='lat' dir='ltr'><strong>quamobrem</strong></span> <span class='ocrx_word' id='word_1_254' title='bbox 1251 2204 1368 2243; x_wconf 77' lang='lat' dir='ltr'><strong>fasces</strong></span> <span class='ocrx_word' id='word_1_255' title='bbox 1391 2205 1623 2243; x_wconf 82' lang='lat' dir='ltr'><strong>Praetoribus</strong></span> <span class='ocrx_word' id='word_1_256' title='bbox 1653 2203 1916 2257; x_wconf 82' lang='lat' dir='ltr'><strong>praeferantur,</strong></span> 
     </span>
     <span class='ocr_line' id='line_1_32' title="bbox 515 2270 1917 2323; baseline -0.002 -13"><span class='ocrx_word' id='word_1_257' title='bbox 515 2287 582 2310; x_wconf 84' lang='lat' dir='ltr'><strong>cur</strong></span> <span class='ocrx_word' id='word_1_258' title='bbox 604 2272 749 2310; x_wconf 82' lang='lat' dir='ltr'><strong>secu-res</strong></span> <span class='ocrx_word' id='word_1_259' title='bbox 770 2271 878 2315; x_wconf 74' lang='lat' dir='ltr'><strong>datae,</strong></span> <span class='ocrx_word' id='word_1_260' title='bbox 915 2284 984 2308; x_wconf 90' lang='lat' dir='ltr'><strong>cur</strong></span> <span class='ocrx_word' id='word_1_261' title='bbox 1010 2284 1138 2308; x_wconf 83' lang='lat' dir='ltr'><strong>carcer</strong></span> <span class='ocrx_word' id='word_1_262' title='bbox 1172 2271 1396 2316; x_wconf 65' lang='lat' dir='ltr'><strong>(edificatus,</strong></span> <span class='ocrx_word' id='word_1_263' title='bbox 1431 2285 1499 2309; x_wconf 93' lang='lat' dir='ltr'><strong>cur</strong></span> <span class='ocrx_word' id='word_1_264' title='bbox 1534 2281 1592 2309; x_wconf 90' lang='lat' dir='ltr'><strong>tot</strong></span> <span class='ocrx_word' id='word_1_265' title='bbox 1627 2271 1813 2323; x_wconf 82' lang='lat' dir='ltr'><strong>supplicia</strong></span> <span class='ocrx_word' id='word_1_266' title='bbox 1842 2270 1917 2308; x_wconf 77' lang='lat' dir='ltr'><strong>sint</strong></span> 
     </span>
     <span class='ocr_line' id='line_1_33' title="bbox 515 2337 1913 2392; baseline -0.002 -16"><span class='ocrx_word' id='word_1_267' title='bbox 515 2340 554 2376; x_wconf 90' lang='lat' dir='ltr'><strong>in</strong></span> <span class='ocrx_word' id='word_1_268' title='bbox 575 2339 775 2392; x_wconf 85' lang='lat' dir='ltr'><strong>improbos</strong></span> <span class='ocrx_word' id='word_1_269' title='bbox 796 2350 904 2375; x_wconf 86' lang='lat' dir='ltr'><strong>more</strong></span> <span class='ocrx_word' id='word_1_270' title='bbox 924 2337 1118 2388; x_wconf 86' lang='lat' dir='ltr'><strong>majorum</strong></span> <span class='ocrx_word' id='word_1_271' title='bbox 1150 2337 1386 2375; x_wconf 82' lang='lat' dir='ltr'><strong>constituta?</strong></span> <span class='ocrx_word' id='word_1_272' title='bbox 1462 2351 1516 2374; x_wconf 79' lang='lat' dir='ltr'><strong>11ae</strong></span> <span class='ocrx_word' id='word_1_273' title='bbox 1542 2350 1634 2374; x_wconf 90' lang='lat' dir='ltr'><strong>cum</strong></span> <span class='ocrx_word' id='word_1_274' title='bbox 1666 2337 1798 2374; x_wconf 87' lang='lat' dir='ltr'><strong>omnia</strong></span> <span class='ocrx_word' id='word_1_275' title='bbox 1826 2350 1913 2388; x_wconf 81' lang='lat' dir='ltr'><strong>gra—</strong></span> 
     </span>
     <span class='ocr_line' id='line_1_34' title="bbox 515 2401 1913 2456; baseline -0.001 -14"><span class='ocrx_word' id='word_1_276' title='bbox 515 2405 624 2449; x_wconf 85' lang='lat' dir='ltr'><strong>viter,</strong></span> <span class='ocrx_word' id='word_1_277' title='bbox 659 2404 860 2456; x_wconf 85' lang='lat' dir='ltr'><strong>severeque</strong></span> <span class='ocrx_word' id='word_1_278' title='bbox 890 2402 1058 2448; x_wconf 80' lang='lat' dir='ltr'><strong>dixerit3</strong></span> <span class='ocrx_word' id='word_1_279' title='bbox 1091 2416 1274 2454; x_wconf 76' lang='lat' dir='ltr'><strong>quaeram,</strong></span> <span class='ocrx_word' id='word_1_280' title='bbox 1317 2416 1386 2440; x_wconf 87' lang='lat' dir='ltr'><strong>cur</strong></span> <span class='ocrx_word' id='word_1_281' title='bbox 1415 2401 1521 2440; x_wconf 90' lang='lat' dir='ltr'><strong>hunc</strong></span> <span class='ocrx_word' id='word_1_282' title='bbox 1548 2402 1715 2441; x_wconf 89' lang='lat' dir='ltr'><strong>eundem</strong></span> <span class='ocrx_word' id='word_1_283' title='bbox 1745 2402 1913 2455; x_wconf 90' lang='lat' dir='ltr'><strong>Apollo-</strong></span> 
     </span>
     <span class='ocr_line' id='line_1_35' title="bbox 516 2467 1913 2522; baseline -0.001 -14"><span class='ocrx_word' id='word_1_284' title='bbox 516 2471 627 2508; x_wconf 88' lang='lat' dir='ltr'><strong>nium</strong></span> <span class='ocrx_word' id='word_1_285' title='bbox 650 2471 784 2508; x_wconf 88' lang='lat' dir='ltr'><strong>Verres</strong></span> <span class='ocrx_word' id='word_1_286' title='bbox 815 2469 936 2514; x_wconf 87' lang='lat' dir='ltr'><strong>idem,</strong></span> <span class='ocrx_word' id='word_1_287' title='bbox 967 2478 1135 2522; x_wconf 89' lang='lat' dir='ltr'><strong>repente,</strong></span> <span class='ocrx_word' id='word_1_288' title='bbox 1169 2468 1276 2508; x_wconf 88' lang='lat' dir='ltr'><strong>nulla</strong></span> <span class='ocrx_word' id='word_1_289' title='bbox 1297 2482 1394 2506; x_wconf 79' lang='lat' dir='ltr'><strong>nova</strong></span> <span class='ocrx_word' id='word_1_290' title='bbox 1425 2482 1463 2506; x_wconf 91' lang='lat' dir='ltr'><strong>re</strong></span> <span class='ocrx_word' id='word_1_291' title='bbox 1483 2468 1609 2513; x_wconf 86' lang='lat' dir='ltr'><strong>allata,</strong></span> <span class='ocrx_word' id='word_1_292' title='bbox 1642 2469 1748 2507; x_wconf 86' lang='lat' dir='ltr'><strong>nulla</strong></span> <span class='ocrx_word' id='word_1_293' title='bbox 1779 2467 1913 2506; x_wconf 83' lang='lat' dir='ltr'><strong>defen-</strong></span> 
     </span>
     <span class='ocr_line' id='line_1_36' title="bbox 516 2534 1913 2589; baseline -0.001 -14"><span class='ocrx_word' id='word_1_294' title='bbox 516 2537 631 2582; x_wconf 71' lang='lat' dir='ltr'><strong>sione,</strong></span> <span class='ocrx_word' id='word_1_295' title='bbox 660 2536 737 2575; x_wconf 77' lang='lat' dir='ltr'><strong>sine</strong></span> <span class='ocrx_word' id='word_1_296' title='bbox 756 2536 864 2577; x_wconf 84' lang='lat' dir='ltr'><strong>causa</strong></span> <span class='ocrx_word' id='word_1_297' title='bbox 885 2536 931 2575; x_wconf 88' lang='lat' dir='ltr'><strong>de</strong></span> <span class='ocrx_word' id='word_1_298' title='bbox 961 2549 1111 2574; x_wconf 90' lang='lat' dir='ltr'><strong>carcere</strong></span> <span class='ocrx_word' id='word_1_299' title='bbox 1142 2535 1270 2575; x_wconf 87' lang='lat' dir='ltr'><strong>emitti</strong></span> <span class='ocrx_word' id='word_1_300' title='bbox 1299 2535 1478 2587; x_wconf 83' lang='lat' dir='ltr'><strong>jufferit?</strong></span> <span class='ocrx_word' id='word_1_301' title='bbox 1511 2544 1743 2589; x_wconf 81' lang='lat' dir='ltr'><strong>tantumque</strong></span> <span class='ocrx_word' id='word_1_302' title='bbox 1770 2536 1811 2573; x_wconf 90' lang='lat' dir='ltr'><strong>in</strong></span> <span class='ocrx_word' id='word_1_303' title='bbox 1838 2534 1913 2573; x_wconf 90' lang='lat' dir='ltr'><strong>hoc</strong></span> 
     </span>
    </p>
   </div>
  </div>
 </body>
</html>
