2201 2792
571 223 651 273 460
1004 221 1093 261 IN
1165 222 1548 261 VERREM

625 321 716 359 LII.
741 320 821 360 Hic
843 329 885 358 tu
905 321 1022 359 etiam
1042 321 1166 359 dicere
1186 322 1354 366 audebis,
1377 321 1440 375 Est
1457 322 1493 359 in
1500 320 1682 373 judicibus
1700 320 1756 359 ille
1759 320 1965 373 filmiliaris

569 402 676 432 meus,
698 388 742 440 cst
754 397 934 440 paternus
953 388 1085 426 mm'cus
1104 388 1159 425 ille
1173 387 1192 425 ἲ
1225 387 1333 431 Non,
1352 397 1395 425 ut
1411 388 1575 439 quisque
1595 388 1764 426 maxime
1783 387 1849 433 est,
1871 388 1962 440 qui-

569 469 661 492 cum
685 455 756 492 tibi
777 455 922 506 aliquid
944 455 1001 499 fit,
1038 455 1091 492 ita
1111 455 1168 492 tui
1188 453 1458 506 hujuscemodi
1478 455 1653 493 criminis
1680 455 1851 493 maxime
1869 468 1962 492 eum

567 521 718 573 pudet?
750 522 933 559 Paternus
965 521 1112 559 amicus
1144 520 1212 559 est.
1248 520 1330 573 Ipse
1363 530 1470 573 pater
1490 521 1737 573 fijudicaret,
1770 535 1838 574 per
1857 523 1962 560 Deos

566 586 833 625 immortales!
867 587 962 639 quid
992 586 1116 625 facere
1147 587 1288 640 poffis?
1320 601 1412 625 cum
1440 587 1513 625 tibi
1533 586 1615 625 haec
1636 587 1801 626 diceret:
1834 589 1901 625 Tu
1921 587 1962 625 in

565 653 763 707 provincia
782 653 919 706 populi
940 653 1110 691 Romani
1131 653 1288 698 Praetor,
1323 667 1416 691 cum
1448 653 1521 691 tibi
1540 653 1782 691 maritimum
1811 652 1962 691 bellum

566 719 656 757 esset
687 719 1046 764 administrandum,
1083 720 1347 764 Mamertinis,
1382 733 1429 757 ex
1460 718 1604 757 foedere
1634 733 1754 771 quam
1779 720 1963 758 deberent

563 798 716 829 navem,
739 798 805 837 per
827 785 1038 822 triennium
1060 785 1258 823 remifisti:
1292 785 1365 823 tibi
1386 785 1486 837 apud
1514 785 1668 822 eosdem
1689 786 1869 838 privatim
1887 799 1960 824 ‘na-

562 853 619 891 vis
640 852 808 890 oneraria
827 852 998 890 maxima
1017 853 1174 905 publice
1193 853 1245 890 est
1275 852 1485 890 aedificata:
1518 861 1561 890 tu
1592 865 1613 889 a
1642 852 1863 891 civitatibus
1889 867 1959 906 pe-

562 919 693 956 cunias
714 917 835 956 claflis
857 918 1015 956 nomine
1035 919 1192 971 coegisti
1211 933 1220 957 z
1257 928 1299 957 tu
1320 919 1444 971 pretio
1475 918 1638 970 remiges
1665 917 1867 957 dimifisti:
1900 927 1957 964 tu,

561 999 654 1023 curn
675 985 780 1023 navis
801 983 890 1022 effet
910 998 929 1022 a
951 985 1147 1036 Qaestore
1173 993 1211 1023 et
1243 985 1289 1023 ab
1321 986 1469 1038 Legato
1494 994 1604 1038 capta
1622 984 1865 1037 praedonum,
1897 998 1957 1023 ar-

560 1050 791 1105 chipiratam
811 1051 859 1089 ab
880 1051 1060 1089 omnium
1081 1051 1204 1090 oculis
1236 1051 1431 1090 removisti
1449 1067 1457 1090 :
1489 1060 1548 1096 tu,
1576 1051 1645 1103 qui
1666 1051 1766 1090 cives
1787 1051 1959 1090 Roman-i

559 1117 629 1156 effe
650 1118 881 1163 dicerentur,
900 1119 968 1170 qui
989 1132 1010 1156 a
1029 1118 1164 1157 multis
1185 1118 1520 1171 cognoscerentur,
1542 1117 1662 1156 securi
1681 1117 1794 1156 ferire
1808 1118 1957 1171 potuis—

559 1184 589 1221 ti
608 1199 616 1221 ε
652 1193 694 1222 tu
716 1193 821 1222 tuam
844 1184 1006 1222 domum
1028 1184 1166 1237 piratas
1187 1185 1387 1231 adducere,
1411 1185 1450 1223 in
1465 1184 1665 1237 judicium
1685 1183 1958 1237 archipiratam

559 1250 676 1287 domo
697 1249 922 1302 producere,
945 1249 1052 1287 ausus
1074 1264 1126 1288 es.

603 1317 684 1360 Tu,
707 1315 747 1352 in
770 1315 966 1368 provincia
987 1324 1064 1353 tam
1087 1315 1296 1368 splendida,
1319 1316 1419 1368 apud
1440 1316 1560 1354 socios
1582 1315 1832 1359 fideliffimos,
1854 1316 1957 1355 cives

557 1383 756 1420 Romanos
791 1380 1086 1427 honestiffimos‚
1123 1383 1164 1420 in
1199 1393 1307 1420 metu
1339 1383 1588 1435 periculoque
1618 1383 1839 1435 provinciae,
1876 1382 1956 1420 dies

557 1449 761 1486 continuos
783 1448 1000 1500 complures
1022 1448 1062 1486 in
1082 1448 1209 1493 litore,
1231 1449 1506 1501 conviviisque,
1534 1448 1687 1500 jacuisti
1705 1463 1713 1487 :
1747 1458 1784 1486 te
1804 1462 1872 1501 per
1890 1462 1954 1486 eos

556 1515 636 1552 dies
657 1528 773 1552 nemo
793 1514 900 1552 domi
923 1523 995 1552 tuae
1016 1515 1234 1560 convenire,
1257 1529 1374 1553 nemo
1395 1516 1435 1553 in
1455 1514 1540 1553 foro
1560 1515 1701 1560 videre,
1723 1515 1852 1568 potuit
1871 1530 1880 1553 :
1912 1523 1956 1553 tu

556 1581 747 1619 sociorum
778 1589 892 1633 atque
925 1581 1140 1619 amicorum
1163 1581 1209 1618 ad
1239 1595 1282 1619 ea
1301 1581 1478 1620 convivia
1511 1580 1820 1619 matresfamilias
1841 1580 1953 1619 adhi-

556 1648 698 1686 buisti:
736 1657 777 1685 tu
799 1647 898 1684 inter
927 1647 1115 1698 ejusmodi
1146 1648 1326 1686 mulieres
1359 1657 1631 1701 praetextatum
1659 1656 1774 1686 tuum
1809 1647 1953 1693 filium,

554 1723 736 1766 nepotem
758 1726 907 1757 meum,
930 1712 1179 1758 collocavisti,
1194 1719 1244 1751 'ut
1262 1715 1362 1752 aetati
1382 1714 1554 1752 maxime
1575 1713 1732 1751 lubricae
1753 1722 1869 1765 atque
1888 1714 1952 1751 in-

553 1790 665 1834 certa:
685 1780 862 1832 exempla
878 1780 1058 1831 nequitiae
1074 1781 1240 1832 parentis
1257 1781 1333 1819 vita
1349 1781 1533 1833 praeberet
1549 1796 1556 1818 :
1581 1788 1624 1818 tu
1641 1781 1784 1819 Praetor
1798 1780 1839 1818 in
1859 1793 1952 1832 pro-

553 1847 680 1884 vincia
712 1859 804 1884 cum
837 1845 981 1890 tunica,
1009 1846 1206 1897 pallioque
1236 1860 1442 1899 purpureo,
1474 1846 1572 1883 visus
1603 1858 1666 1883 es:
1702 1854 1768 1889 tu,
1796 1854 1955 1897 propter

553 1925 724 1949 amorem
757 1911 1040 1962 libidinemque
1073 1920 1193 1955 tuam,
1229 1912 1439 1964 imperium
1462 1912 1619 1949 navium
1640 1911 1787 1963 Legato
1814 1911 1952 1963 populi

554 1977 723 2014 Romani
744 1975 930 2019 ademisti,
954 1976 1184 2026 Syracusano
1205 1976 1388 2014 tradidisti
1407 1991 1415 2014 :
1448 1976 1506 2014 tui
1527 1976 1670 2014 milites
1692 1977 1732 2014 in
1753 1977 1951 2029 provincia

554 2042 682 2080 Sicilia
702 2041 878 2093 frugibus
896 2039 1172 2094 frumentoque
1191 2056 1341 2080 caruere
1357 2057 1364 2081 :
1401 2052 1465 2081 tua
1478 2043 1632 2080 luxuria
1647 2051 1762 2095 atque
1779 2043 1948 2087 avaritia,

552 2109 672 2151 classis
694 2109 829 2162 populi
850 2109 1019 2147 Romani
1041 2123 1060 2146 a
1080 2109 1322 2161 praedonibus
1344 2119 1465 2163 capta,
1488 2119 1525 2148 et
1546 2110 1697 2148 incensa
1716 2110 1782 2148 est.

608 2175 696 2214 Post
717 2175 912 2227 Syracusas
933 2176 1122 2220 conditas,
1145 2190 1262 2228 quern
1284 2177 1322 2214 in
1344 2186 1502 2230 portum
1523 2190 1724 2229 nunquam
1745 2175 1862 2214 hostis
1881 2189 1946 2213 ac-

552 2241 718 2287 cesserat,
741 2242 780 2279 in
801 2254 860 2286 eo,
897 2250 933 2278 te
954 2242 1132 2287 Praetore,
1165 2243 1339 2295 primum
1376 2243 1504 2295 piratae
1539 2243 1791 2295 navigarunt:
1823 2255 1950 2293 neque

552 2309 633 2347 haec
666 2317 724 2347 tot
756 2317 937 2360 tantaque
957 2308 1139 2346 dedecora
1161 2309 1459 2347 dissimulatione
1480 2319 1567 2353 tua,
1605 2321 1731 2360 neque
1750 2308 1946 2345 oblivione

552 2376 777 2421 hominum,
805 2390 847 2413 ac
870 2375 1142 2420 taciturnitate,
1175 2385 1300 2428 tegere
1332 2375 1512 2420 voluisti3
1545 2375 1607 2413 sed
1638 2376 1754 2413 etiam
1785 2375 1946 2413 navium

550 2441 762 2494 praefedtos,
785 2442 860 2479 fine
882 2441 959 2479 ulla
979 2440 1098 2486 causa,
1132 2441 1177 2479 de
1198 2441 1407 2494 complexu
1434 2450 1637 2494 parentum
1661 2440 1830 2485 suorum,
1853 2438 1943 2478 hos-
1973 2460 1976 2462 v

549 2507 676 2559 pitum
712 2517 883 2553 tuorum,
919 2507 965 2545 ad
999 2515 1167 2546 mortem
1201 2508 1493 2561 cruciatumque
1526 2506 1680 2560 rapuisti
1698 2521 1707 2546 ς
1745 2518 1869 2558 neque
1902 2505 1944 2543 in
