2201 2792
699 174 867 215 PRO
927 174 972 213 P.
1035 173 1470 226 QUINTIO.
1740 197 1794 236 47

378 282 483 319 Cum
513 275 694 330 cupidius
731 276 899 322 instaret,
930 274 1086 314 homini
1120 290 1191 329 pro
1226 275 1401 313 amicitia
1430 275 1660 318 familiarius
1694 282 1791 328 dixi,

376 343 477 384 mihi
497 343 617 382 videri
637 357 702 381 ore
721 343 921 381 durissimo
941 343 1025 388 effe,
1043 343 1126 395 qui,
1148 342 1331 396 praesente
1347 356 1406 388 eo,
1424 344 1574 397 gestum
1596 359 1704 398 agere
1724 362 1794 386 co-

376 421 555 450 naretur:
589 411 659 464 qui
688 424 778 449 vero
809 424 903 449 cum
936 411 1019 463 ipso
1054 411 1346 456 contenderent,
1378 424 1455 457 eos,
1488 412 1605 450 etiam
1640 413 1667 452 fi
1699 416 1795 467 quid

377 488 487 516 antea
507 478 613 523 redfi,
644 487 711 516 aut
741 478 890 516 venusti
921 476 1062 516 habere
1093 478 1159 515 visi
1181 477 1282 522 sunt,
1315 478 1355 515 id
1383 479 1585 518 amittere:
1619 495 1667 519 ne
1700 483 1796 534 quid

377 545 479 583 mihi
510 545 700 598 ejusmodi
720 546 923 591 accideret,
958 559 1053 584 cum
1084 555 1219 583 contra
1254 545 1372 583 talem
1402 546 1591 585 artificem
1624 549 1798 589 dicturus

379 612 509 658 effem,
532 625 596 650 me
615 612 752 651 vereri.

434 679 569 717 XXV.
601 680 714 717 Tum
745 677 847 718 mihi
874 679 1053 725 Roscius,
1091 688 1128 717 et
1163 679 1236 718 alia
1267 680 1392 718 multa
1425 681 1683 720 confirmandi
1719 684 1798 722 mei

379 745 487 783 causa
507 746 607 784 dixit
625 761 634 784 z
667 755 705 784 et
726 744 963 792 mehercule,
986 747 1020 793 fi*
1035 745 1136 785 nihil
1157 747 1315 792 diceret,
1348 747 1465 785 tacito
1485 748 1567 800 ipso
1587 749 1732 794 officio,
1761 762 1800 789 et

380 811 520 858 studio,
543 812 648 865 quod
669 811 837 851 habebat
856 826 944 866 erga
963 813 1234 866 propinquum
1257 813 1384 859 suum,
1414 816 1590 866 quemvis
1614 829 1798 855 commo-

379 889 498 918 veret.
529 880 708 925 Etenim,
733 893 826 918 cum
847 879 985 918 artifex
1016 879 1206 933 ejusmodi
1227 881 1286 926 sit,
1318 890 1361 919 ut
1382 880 1482 919 solus
1504 882 1645 935 dignus
1666 884 1798 922 videa-

381 954 445 983 tur
463 944 548 990 effe,
579 947 648 998 qui
669 946 710 983 in
741 945 851 984 scena
871 945 1058 999 spectetur
1073 965 1086 992 ς
1119 955 1206 984 tum
1233 947 1292 984 vir
1311 947 1502 999 ejusmodi
1533 949 1600 994 est,
1635 959 1677 987 ut
1698 950 1799 988 solus

383 1011 522 1064 dignus
561 1012 749 1056 videatur,
786 1013 855 1064 qui
895 1013 940 1051 eo
977 1026 1056 1052 non
1085 1013 1252 1052 accedat.
1300 1015 1582 1062 Veruntamen,
1619 1017 1715 1069 quid
1755 1018 1799 1062 fi,

382 1077 525 1130 inquit,
556 1076 673 1115 habes
705 1077 896 1129 ejusmodi
925 1078 1092 1124 causam,
1123 1088 1167 1116 ut
1200 1078 1275 1117 hoc
1297 1080 1370 1117 tibi
1402 1081 1563 1132 planum
1585 1082 1630 1121 fit
1649 1082 1799 1121 facien-

382 1144 493 1188 dum,
523 1144 726 1181 *neminem
747 1143 831 1187 effe,
853 1144 922 1195 qui
941 1144 1056 1196 poffit
1076 1145 1210 1189 biduo,
1233 1155 1298 1183 aut
1326 1145 1528 1185 summum
1550 1148 1691 1194 triduo,
1715 1150 1800 1203 sep-

383 1210 558 1262 tingenta
591 1209 718 1247 millia
747 1208 924 1261 passuum
954 1210 1185 1248 ambulare?
1217 1219 1399 1249 tamenne
1425 1215 1579 1259 vereris,
1611 1225 1654 1253 ut
1687 1218 1800 1269 poffis

382 1276 619 1315 haec'contra
639 1275 894 1314 Hortensium
912 1277 1172 1315 contendere?
1196 1278 1383 1323 Minime,
1404 1279 1579 1331 inquam.
1614 1282 1685 1319 Sed
1707 1284 1802 1335 quid

385 1343 425 1381 id
445 1343 491 1381 ad
512 1343 624 1381 rem?
659 1342 881 1387 Nimirum,
905 1343 1049 1396 inquit,
1082 1344 1122 1381 in
1139 1357 1183 1382 eo
1204 1344 1313 1382 causa
1333 1345 1517 1384 consistit.
1557 1347 1772 1397 Qomodo
1790 1351 1801 1387 ?

387 1410 517 1448 Docet
537 1423 602 1448 me
631 1408 823 1461 ejusmodi
854 1423 951 1455 rem,
984 1419 1021 1448 et
1055 1409 1202 1449 factum
1224 1410 1339 1449 simul
1361 1413 1431 1450 Sex
1453 1412 1596 1458 Naevii,
1620 1406 1739 1466 quod,
1776 1416 1803 1454 fi

387 1477 513 1515 solum
548 1476 794 1530 proferretur,
826 1476 913 1516 satis
945 1477 1016 1515 effe
1036 1477 1202 1516 deberet.
1250 1479 1369 1529 Qod
1389 1479 1455 1518 abs
1487 1489 1537 1525 te,
1576 1482 1623 1519 C.
1647 1483 1802 1534 Aquili,

385 1554 422 1582 et
456 1558 476 1582 a
496 1545 619 1589 vobis,
653 1544 721 1596 qui
756 1543 889 1582 adestis
920 1544 961 1582 in
995 1545 1169 1590 consilio,
1202 1545 1344 1598 quaeso‚
1378 1545 1421 1584 ut
1441 1547 1648 1600 diligenter
1677 1558 1804 1588 atten-

387 1611 498 1649 datis.
532 1611 711 1649 Profefto
731 1610 975 1664 intelligetiS,
997 1611 1108 1650 illinc
1129 1612 1179 1650 ab·
1196 1612 1310 1650 initio
1331 1613 1588 1666 cupiditatem
1608 1616 1804 1668 pugnaffe,

389 1686 427 1714 et
462 1677 692 1723 audaciam,
736 1676 831 1714 hinc
865 1678 1081 1722 veritatem,
1123 1687 1161 1716 et
1197 1679 1411 1730 pudorem,
1457 1681 1584 1731 quoad
1618 1684 1803 1733 potuerit,

390 1743 573 1782 restitisse.
607 1745 714 1782 Bona
734 1743 917 1796 postulas,
948 1753 990 1781 ut
1010 1757 1057 1782 ex
1078 1745 1203 1782 edieto
1224 1744 1407 1797 poffidere
1427 1746 1553 1784 liceat.
1599 1747 1691 1798 Qo
1713 1749 1802 1786 die?

391 1812 452 1849 Te
471 1810 613 1863 ipsum,
650 1810 778 1855 Naevi,
812 1810 900 1848 volo
934 1811 1090 1851 audire:
1122 1810 1213 1850 volo
1232 1811 1454 1851 inauditum
1475 1811 1640 1859 facinus,
1673 1815 1803 1867 ipsius,

389 1878 458 1930 qui
481 1877 520 1915 id
539 1878 748 1923 commisit,
771 1891 864 1916 voce
885 1878 1081 1917 convinci.
1113 1878 1206 1923 Dic,
1228 1878 1356 1924 Naevi,
1379 1880 1498 1918 diem.
1536 1882 1642 1919 Ante
1663 1896 1697 1919 v.
1723 1883 1804 1919 Ka-

389 1945 519 1983 lendas
554 1945 807 1984 intercalares.
853 1946 956 1983 Bene
977 1946 1070 1997 agis.
1122 1945 1255 1996 Qam
1276 1945 1392 1998 longe
1412 1947 1464 1984 est
1485 1945 1579 1985 hinc
1604 1948 1644 1985 in
1666 1948 1806 1986 saltum

391 2012 559 2050 vestrum
582 2011 833 2050 Gallicanum
854 2011 866 2048 ?
890 2011 1018 2057 Naevi,
1041 2021 1078 2049 te
1099 2025 1206 2064 rogo.
1240 2025 1325 2050 Dcc
1350 2012 1475 2050 millia
1495 2013 1685 2065 paffuum.
1718 2015 1804 2067 Op-

394 2078 503 2116 time.
537 2080 598 2116 De
620 2079 716 2116 saltu
737 2078 915 2130 dejicitur
932 2079 1147 2130 Qinfius,
1170 2092 1249 2130 quo
1269 2079 1358 2116 die?
1383 2080 1586 2118 Poffumus
1608 2080 1684 2119 hoc
1705 2095 1805 2133 quo-

395 2158 470 2197 que
490 2158 536 2182 ex
557 2153 593 2182 te
613 2145 743 2181 audire
763 2145 774 2180 ?
809 2145 917 2196 Qid
939 2145 1071 2182 taces?
1115 2146 1207 2189 Dic,
1230 2145 1406 2197 inquam,
1430 2147 1550 2184 dieni.
1597 2148 1724 2185 Pudet
1744 2148 1805 2185 di-

394 2223 491 2248 cere.
526 2210 708 2262 Intelligo
728 2224 735 2247 :
769 2223 903 2247 verum
925 2220 963 2247 et
983 2210 1075 2255 sero,
1098 2219 1137 2248 et
1157 2211 1421 2263 nequidquam
1443 2213 1576 2264 pudet.
1611 2214 1807 2263 Dejicitur

394 2277 440 2314 de
470 2277 579 2322 saltu,
612 2278 660 2314 C.
684 2276 837 2328 Aquili,
869 2277 992 2328 pridie
1027 2277 1218 2314 Kalendas
1250 2278 1505 2316 intercalares.
1554 2279 1678 2316 Biduo
1707 2280 1804 2330 post,

395 2353 472 2387 aut,
506 2353 548 2380 ut
583 2343 710 2380 statim
742 2343 787 2380 de
813 2344 899 2393 jure
919 2342 1058 2394 aliquis
1078 2344 1304 2388 cucurrerit,
1338 2358 1414 2381 non
1443 2354 1526 2380 toto
1558 2344 1682 2381 triduo
1719 2357 1805 2382 Dcc

396 2409 521 2446 millia
542 2409 716 2461 paffuum
738 2409 1014 2447 conficiuntur.
1039 2410 1076 2446 O
1100 2424 1178 2447 rem
1201 2408 1490 2447 incredibilem!
1515 2410 1537 2445 ὢ
1552 2410 1807 2461 cupiditatem

398 2474 737 2512 inconsideratam!
771 2475 794 2512 ὀ
815 2476 1001 2513 nuntium
1031 2475 1256 2513 volucrem!
1290 2474 1522 2511 Administri
1556 2484 1594 2512 et
1629 2475 1806 2515 satellites

398 2540 484 2578 Sex.
509 2541 638 2579 Naevii
659 2541 788 2580 Roma
809 2550 910 2580 trans
931 2542 1051 2594 Alpes
1084 2543 1126 2581 in
1148 2541 1370 2580 Sebusianos
1404 2541 1525 2580 biduo
1545 2542 1718 2581 veniunt.
1768 2544 1805 2580 Ο
