2201 2792
532 170 608 223 332
954 169 1055 208 IN
1128 169 1509 209 VERREM

528 270 700 308 reddita:
752 278 837 308 tum
872 269 942 307 alia
977 270 1220 315 Gelensibus,
1257 271 1329 308 alia
1362 270 1628 324 Agrigentinis
1648 284 1656 308 :
1703 270 1744 308 in
1780 270 1921 322 quibus

527 337 644 374 etiam
666 336 731 374 ille
765 336 906 374 nobilis
928 345 1071 381 taurus,
1100 350 1218 388 quem
1239 336 1518 374 crudelissimus
1539 337 1718 375 omnium
1740 345 1922 388 tyranno-

527 417 616 441 rum
639 403 808 441 Phalaris
829 401 998 439 habuiffe
1017 402 1172 446 dicitur,
1195 416 1273 454 quo
1293 403 1414 447 vivos,
1436 402 1615 455 supplicii
1637 403 1757 447 causa,
1779 402 1922 440 demit-

529 478 607 506 tere
642 469 849 512 homines,
886 478 923 505 et
954 468 1137 520 subjicere
1168 468 1366 507 flammam
1401 468 1555 507 solebat.
1606 470 1738 520 Qem
1770 478 1924 507 taurum

529 537 658 589 Scipio
680 551 771 574 cum
806 536 979 573 redderet
1005 535 1288 588 Agrigentinis,
1324 535 1457 573 dixisse
1477 535 1646 581 dicitur;
1678 549 1833 588 aequum
1854 535 1924 572 efi'e

529 604 616 641 illos
638 604 818 656 cogitare,
841 611 972 640 utrum
995 601 1085 639 effet
1105 602 1243 640 Siculis
1275 602 1425 646 utilius,
1462 602 1583 640 suisne
1603 601 1751 646 servire,
1779 615 1826 639 an
1852 615 1924 653 po-

529 670 623 722 pulo
645 670 824 708 Romano
845 669 1136 721 obtemperare;
1168 682 1261 706 cum
1295 669 1398 706 idem
1433 677 1750 713 monumentum,
1786 676 1825 706 et
1853 667 1925 706 do-

529 737 694 774 mesticae
715 735 966 779 crudelitatis,
997 744 1035 773 et
1055 735 1188 773 nostrae
1209 734 1526 780 mansuetudinis,
1548 735 1746 773 haberent.

584 803 776 841 XXXIV.
810 802 884 840 lllo
904 811 1078 854 tempore
1099 801 1306 853 Segestanis
1328 801 1498 839 maxima
1524 816 1616 840 cum
1638 815 1728 839 cura
1746 800 1827 839 haec
1850 800 1926 852 ipsa

530 870 669 913 Diana,
692 869 738 906 de
759 881 835 920 qua
854 867 1037 911 dicimu8‚
1073 867 1245 905 redditur
1263 882 1271 905 ι
1304 876 1517 919 reportatur
1537 868 1725 920 Segestam
1743 881 1752 905 ε
1784 867 1823 904 in
1850 866 1924 904 suis

529 937 697 988 antiquis
718 935 867 973 sedibus
889 934 1039 972 summa
1059 948 1151 971 cum
1172 934 1426 986 gratulatione
1456 935 1619 978 civium,
1651 943 1689 972 et
1714 933 1846 971 laetitia
1865 946 1925 970 re-

530 1003 701 1056 ponitur.
746 1003 844 1040 Haec
876 1009 954 1038 erat
974 1001 1093 1053 pofita
1113 1000 1282 1052 Segestae,
1316 1000 1399 1038 sane
1419 1000 1566 1038 excelsa
1584 1001 1625 1038 in
1645 1000 1748 1045 bafi3
1780 1000 1820 1037 in
1851 1012 1928 1051 qua

529 1070 737 1122 grandibus
771 1068 890 1105 literis
912 1068 957 1105 P.
981 1069 1216 1105 AFRICANI
1252 1081 1396 1105 nomen
1429 1076 1507 1105 erat
1540 1066 1723 1111 incisum,
1758 1078 1927 1117 eumque

530 1138 854 1174 CARTHAGINE
879 1146 1037 1171 CAPTA
1062 1145 1380 1177 RESTITUISSE,
1408 1133 1678 1186 perscriptum.
1709 1129 1927 1186 geolebatur

530 1217 550 1240 a
570 1203 720 1240 civibus
740 1217 748 1240 z
781 1200 827 1238 ab
849 1200 1033 1238 omnibus
1054 1200 1208 1238 advenis
1230 1199 1431 1238 visebatur.
1476 1201 1580 1238 Cum
1603 1199 1777 1251 Qaestor
1796 1198 1924 1242 effem,

530 1268 630 1307 nihil
652 1268 751 1306 mihi
772 1268 818 1304 ab
840 1267 915 1304 illis
937 1266 989 1304 est
1009 1266 1311 1304 demonstratum
1339 1266 1457 1318 prius.
1491 1267 1583 1304 Erat
1609 1265 1822 1303 admodum
1841 1278 1926 1302 am-

529 1336 657 1388 plum,
679 1344 717 1372 et
736 1332 928 1371 excelsum
950 1332 1100 1384 signum
1121 1345 1212 1369 cum
1233 1331 1325 1370 stola
1345 1347 1353 1370 ε
1386 1341 1635 1370 veruntamen
1655 1332 1774 1369 inerat
1800 1331 1839 1368 in
1861 1331 1927 1370 illa

531 1401 800 1454 magnitudine
832 1408 932 1443 aetas,
964 1409 1077 1450 atque
1097 1396 1252 1436 habitus
1284 1398 1493 1451 virginalis.
1528 1399 1679 1450 Sagittae
1710 1397 1926 1450 pendebant

530 1469 577 1506 ab
612 1467 803 1506 humero:
838 1465 979 1504 sinistra
1012 1478 1130 1504 manu
1159 1465 1346 1504 retinebat
1379 1478 1539 1504 arcum:
1572 1465 1703 1504 dextra
1728 1465 1925 1503 ardentem

530 1534 656 1574 facem
678 1533 913 1587 praeferebat.

587 1602 701 1639 Hanc
726 1614 818 1639 cum
839 1599 906 1638 iste
927 1599 1119 1638 sacrorum
1138 1599 1320 1638 omnium
1340 1598 1472 1645 hostis,
1497 1599 1808 1653 religionumque
1828 1612 1925 1652 prae-

531 1668 581 1706 do
601 1667 748 1705 vidiffet
764 1685 775 1711 ;
808 1666 911 1718 quasi
932 1666 998 1704 illa
1025 1666 1103 1719 ipsa
1122 1665 1209 1721 face¹
1224 1667 1416 1719 percuffus
1436 1665 1539 1712 esset,
1568 1667 1620 1704 ita
1640 1666 1793 1719 flagrare
1814 1665 1926 1718 cupi-

530 1735 662 1779 ditate,
694 1743 807 1786 atque
829 1733 995 1771 amentia
1015 1733 1148 1786 coepit.
1181 1733 1351 1786 Imperat
1371 1732 1654 1787 magistratibus
1674 1732 1755 1777 iste,
1780 1741 1823 1770 ut
1843 1745 1928 1770 eam

530 1800 803 1844 demoliantur,
835 1808 873 1837 et
907 1799 975 1837 fibi
1007 1799 1125 1837 dent:
1158 1798 1259 1837 nihil
1279 1799 1348 1837 fibi
1379 1799 1522 1850 gratius
1549 1799 1713 1837 ostendit
1732 1797 1926 1836 futurum.

531 1867 596 1905 Illi
617 1880 705 1904 vero
726 1866 865 1909 dicere,
898 1865 937 1902 id
967 1865 1036 1902 fibi
1056 1864 1161 1903 nefas
1181 1864 1280 1910 effe3
1312 1864 1425 1916 seque
1445 1878 1537 1903 cum
1558 1865 1708 1903 summa
1729 1863 1927 1916 religione,

529 1943 617 1971 tum
638 1933 791 1970 summo
813 1940 919 1969 metu
940 1931 1073 1982 legum
1094 1940 1131 1968 et
1146 1931 1402 1982 judiciorum,
1424 1931 1558 1969 teneri.
1602 1930 1674 1968 Iste
1695 1939 1780 1968 tum
1802 1938 1929 1982 petere

530 1999 578 2037 ab
600 1999 691 2043 illis,
724 2007 810 2035 tum
833 1997 985 2041 minari,
1002 2006 1087 2034 tum
1109 1996 1227 2049 spem,
1258 2005 1343 2034 tum
1365 2006 1518 2035 metum
1547 1996 1754 2035 ostendere.
1788 1998 1928 2048 Oppo-

531 2066 673 2104 nebant
694 2065 751 2102 illi
783 2064 979 2102 interdum
1009 2077 1153 2101 nomen
1189 2062 1389 2101 Africani:
1423 2064 1570 2102 donum
1602 2064 1738 2116 populi
1760 2063 1930 2101 Romani

531 2132 631 2170 illud
651 2131 721 2169 effe
742 2130 920 2168 dicebant
938 2145 946 2167 :
980 2129 1079 2167 nihil
1099 2129 1133 2167 se
1154 2130 1193 2167 in
1213 2143 1258 2167 eo
1278 2130 1471 2182 potestatis
1491 2129 1643 2175 habere,
1667 2131 1772 2182 quod
1801 2130 1929 2182 impe-

532 2208 631 2236 rator
662 2197 902 2241 clarissimus,
938 2196 1031 2234 urbe
1065 2195 1235 2234 hostium
1272 2206 1394 2249 capta,
1427 2206 1730 2235 monumentum
1764 2195 1929 2233 viCtoriae

532 2263 668 2318 populi
694 2262 863 2301 Romani
884 2261 954 2299 effe
985 2262 1171 2299 voluiffet.
1219 2263 1324 2300 Cum
1346 2262 1412 2300 iste
1440 2261 1566 2300 nihilo
1586 2261 1787 2305 remiffius,
1816 2269 1930 2312 atque

529 2331 650 2369 etiam
672 2329 797 2368 multo
818 2327 1097 2372 vehementius,
1130 2328 1280 2365 instaret
1309 2329 1507 2380 quotidie;
1540 2341 1596 2365 res
1617 2328 1742 2380 agitur
1762 2327 1802 2364 in
1822 2327 1928 2365 sena-

533 2407 603 2436 tu:
637 2395 882 2435 vehementer
913 2395 959 2433 ab
986 2395 1168 2433 omnibus
1202 2394 1443 2432 reclamatur.
1487 2395 1622 2446 Itaque
1652 2394 1720 2431 illo
1740 2402 1927 2446 tempore,

533 2477 574 2501 ac
596 2464 722 2515 primo
758 2463 862 2500 istius
890 2462 1055 2499 adventu
1075 2470 1316 2514 pernegatur.
1361 2460 1504 2505 Postea,
1527 2460 1719 2512 quidquid
1739 2469 1816 2498 erat
1836 2473 1930 2498 one-

532 2530 582 2568 ris
604 2530 644 2568 in
665 2529 804 2574 nautis,
837 2528 1125 2582 remigibusque
1156 2527 1368 2581 exigendis,
1401 2527 1442 2565 in
1463 2526 1662 2566 frumento
1688 2527 1928 2580 imperando,
