2201 2792
574 174 919 215 ACTIONIS
951 175 1004 212 11.
1064 174 1273 212 LIBER
1315 175 1386 212 IV.
1597 190 1670 230 355

277 308 279 311 .
304 277 378 315 111.
412 275 574 320 Verum,
606 284 650 313 ut
681 274 739 312 adr
757 274 854 313 illud
885 273 1088 311 sacrarium
1109 272 1274 316 redeam,
1308 271 1457 324 signum
1485 280 1562 308 erat
1582 270 1671 314 hoc,

275 342 382 393 quod
415 342 517 386 dico,
554 341 761 394 Cupidinis
792 354 814 378 e
844 353 1035 378 marmore
1053 354 1062 377 ε
1104 352 1152 377 ex
1185 338 1299 376 altera
1331 346 1438 390 parte
1470 336 1673 380 Hercules,

276 409 428 461 egregie
447 408 568 446 faetus
589 422 637 447 ex
657 423 739 447 aere.
786 409 822 446 Is
847 408 1053 455 dicebatur
1073 406 1143 445 effe
1165 406 1358 458 Myronis,
1381 413 1424 442 ut
1443 405 1580 456 opinor
1598 419 1606 441 :
1639 413 1675 440 et

276 484 391 513 certe.
425 476 524 514 Item
544 485 630 513 ante
650 474 763 513 hosce
780 477 884 513 Deos
899 483 1006 512 erant
1022 473 1149 518 arulae,
1171 487 1255 525 quae
1275 472 1397 510 cuivis
1418 470 1565 509 sacrarii
1586 470 1675 507 reli·

276 541 433 592 gionem
454 541 664 594 significare
684 541 843 594 pofi‘ent.
886 541 1008 578 Erant
1028 553 1127 577 aenea
1157 548 1334 591 praeterea
1353 537 1430 575 duo
1449 537 1566 590 figna,
1598 548 1677 573 non

276 607 462 652 maxima,
484 621 618 646 verum
638 607 782 645 eximia
800 605 1007 651 venustate,
1032 604 1209 657 virginali
1225 603 1376 649 habitu,
1393 612 1507 656 atque
1526 602 1676 646 vestitu,

275 686 362 725 quae
383 673 563 711 manibus
583 673 740 710 sublatis
773 672 871 710 sacra
903 671 1080 724 quaedam
1102 679 1218 709 'more
1238 668 1537 709 Atheniensium
1557 668 1677 720 virgi-

275 752 373 776 num
394 738 554 791 reposita
572 739 612 776 in
632 738 824 792 capitibus
841 737 1087 776 sustinebant.
1100 755 1102 769 =
1115 736 1360 790 'Canephorae
1379 735 1467 789 ipsae
1487 734 1676 773 vocaban-

275 812 367 842 tur:
399 803 462 842 sed
491 817 622 842 earum
653 803 840 842 artificem
873 802 1027 856 quem?
1055 800 1298 855 quemnam?
1330 803 1430 840 reete
1463 801 1676 838 admones:

278 870 524 922 Polycletum
539 870 613 908 effe
633 871 826 909 dicebant.
849 869 1063 908 Messanam
1080 879 1123 907 ut
1142 868 1303 923 quisque
1321 866 1492 906 nostrum
1512 875 1677 910 venerat,

278 935 360 975 haec
377 937 491 975 visere
507 937 672 976 solebat:
696 937 879 975 omnibus
899 936 981 975 haec
997 937 1043 974 ad
1061 936 1261 974 visendum
1279 935 1460 988 patebant
1475 933 1650 986 quotidie
1666 947 1675 970 :

279 1002 418 1042 domus
440 1014 518 1042 erat
538 1017 615 1042 non
636 1004 797 1042 domino
819 1004 941 1056 magi-s
962 1011 1202 1047 ornamento,
1217 1012 1340 1054 'quam
1360 998 1520 1039 civitati.

335 1071 384 1108 C.
422 1067 606 1108 Claudius
622 1100 632 1115 ‚
649 1100 651 1102 v
666 1072 788 1122 :cujus
822 1070 1045 1108 aedilitatem
1080 1065 1498 1122 magnificentissimam
1537 1064 1679 1104 seimus

279 1133 403 1181 fuiffe,
435 1136 521 1174 usus
541 1134 594 1174 est
624 1134 699 1174 hoc
722 1136 924 1189 Cupidine·
937 1135 1100 1180 tamdiu,
1128 1132 1233 1172 'dum
1253 1133 1385 1172 forum
1404 1133 1491 1171 Diis
1513 1132 1679 1170 immor-

280 1201 436 1246 talibus,
457 1202 681 1255 populoque
701 1203 882 1240 Romano
901 1201 1038 1239 habuit
1057 1198 1261 1245 ornatum;
1293 1209 1345 1244 et,
1367 1212 1460 1237 cum
1481 1198 1569 1236 effet
1587 1196 1679 1235 hos-

279 1281 345 1320 pes
367 1268 576 1313 Heiorum,
605 1268 835 1306 Mamertini
864 1278 993 1306 autern
1028 1266 1163 1320 populi
1194 1275 1391 1318 patronus,
1427 1273 1471 1303 ut
1500 1264 1579 1302 illis
1610 1263 1679 1301 be-

279 1334 410 1386 nignis
432 1333 518 1372 usus
539 1334 592 1373 est
611 1332 1022 1378 ad.'comm0dandum,
1055 1333 1105 1371 fic
1136 1331 1216 1385 ipse
1245 1332 1410 1384 diligens
1442 1329 1519 1368 fuit
1544 1329 1590 1367 ad
1621 1342 1680 1366 re-

280 1400 528 1452 portandum.
561 1399 601 1437 N
606 1399 701 1453 uper.
711 1399 896 1438 ,homines
918 1399 1066 1438 nobiles
1088 1397 1290 1451 ejusmodi,
1308 1397 1492 1449 Judices3
1518 1394 1684 1447 'etquid

281 1467 369 1505 dico
392 1466 528 1519 ‹huper
545 1465 848 1514 iimmovvero·
866 1467 998 1511 modo,
1028 1479 1071 1504 ac
1106 1465 1219 1519 plane
1246 1464 1360 1517 paulo
1391 1472 1477 1502 ante
1497 1462 1681 1506 vidimus,

282 1533 352 1585 qui
371 1532 503 1571 forum
522 1546 565 1571 ac
586 1533 768 1578 basilicas,
793 1547 870 1571 non
888 1532 1015 1585 spoliis
1036 1531 1337 1584 provinciarum,
1360 1530 1423 1568 sed
1449 1528 1682 1567 ornamentis

282 1600 512 1645 amicorum,
527 1600 745 1638 commodis
765 1598 976 1652 hospitum,
992 1612 1068 1636 non
1085 1597 1197 1636 furtis
1219 1597 1460 1640 nocentium,
1479 1604 1656 1634 ornarent
1671 1608 1681 1632 2

284 1666 353 1717 qui
374 1667 504 1703 tamen
525 1665 640 1718 signa,
672 1675 787 1718 atque
817 1674 1040 1703 ornamenta
1072 1664 1134 1702 sua
1164 1664 1306 1716 cuique
1336 1662 1575 1700 reddebant:
1606 1673 1683 1698 non

284 1731 406 1769 ablata
441 1744 488 1769 ex
519 1732 678 1769 urbibus
714 1731 918 1776 sociorum,
941 1730 1133 1783 quatridui
1155 1729 1276 1773 causa,
1313 1742 1380 1781 per
1400 1727 1682 1765 simulationem

284 1797 500 1842 aedilitatis,
534 1798 695 1836 domurn
719 1798 868 1842 deinde,
891 1807 1004 1849 atque
1024 1796 1070 1834 acl
1090 1796 1172 1833 suas
1192 1795 1300 1833 villas
1321 1793 1556 1832 auferebant.
1586 1793 1684 1831 Haec

284 1863 429 1908 omnia,
452 1877 537 1915 quae
557 1863 652 1907 dixi,
675 1862 791 1915 signa,
809 1863 979 1914 Judice3‚
1013 1862 1059 1899 ab
1081 1862 1186 1900 Heio
1217 1860 1263 1897 de
1284 1860 1439 1897 sacrario
1460 1859 1594 1896 Verres
1615 1858 1684 1895 ab·

284 1929 413 1968 stulit:
446 1930 615 1974 nullum,
638 1931 811 1982 inquam,
846 1929 988 1968 horum
1008 1928 1177 1981 reliquit,
1211 1939 1336 1979 neque
1355 1925 1459 1963 aliud
1481 1925 1606 1963 ullum
1626 1933 1683 1962 ta-

284 2009 389 2040 men,
412 2006 546 2048 praeter.
562 2010 686 2034 unum
706 2006 882 2048 pervetus
903 1996 1092 2048 ligneum,
1111 1995 1258 2033 Bonam
1280 1994 1512 2032 Fortunam:
1536 2001 1578 2029 ut
1598 1991 1684 2044 opi-

286 2075 369 2106 nor,
401 2075 485 2099 eam
507 2061 575 2099 iste
592 2061 640 2099 ha
644 2063 729 2099 bere
750 2063 857 2099 domi
879 2062 964 2099 1uae
970 2061 1108 2099 noluit.
1139 2087 1143 2091 -
1200 2082 1217 2087 ·=
1344 2070 1346 2072 ’

334 2129 410 2166 IV.
429 2128 503 2166 Pro
524 2128 669 2172 Deum,
691 2127 978 2179 hominumque
998 2127 1142 2165 fidem!
1175 2101 1268 2179 quid
1286 2125 1365 2164 hoc
1385 2125 1438 2163 est
1457 2126 1468 2162 ?
1501 2138 1585 2176 quae
1605 2124 1686 2162 haec

286 2194 422 2232 causa?
456 2208 540 2245 qua?
561 2194 642 2231 haec
665 2192 907 2246 impudentia
924 2194 978 2232 est
997 2194 1008 2229 ?
1041 2207 1124 2246 quae
1127 2190 1232 2230 dico
1253 2188 1367 2245 signa,
1396 2202 1599 2242 antequam
1621 2191 1686 2226 {bs

287 2270 324 2298 te
345 2261 487 2298 sublata
508 2261 606 2304 sunt,
623 2260 836 2298 Messanam
856 2274 948 2298 curn
971 2261 1136 2312 imperio
1157 2273 1270 2296 nemo
1288 2258 1403 2301 venit,
1424 2258 1518 2307 quin
1536 2256 1683 2292 viderit.

288 2327 370 2363 Tot
393 2327 587 2371 Praetores,
611 2334 667 2362 tot
685 2325 868 2363 Consules
891 2326 929 2363 in
949 2322 1090 2370 Sicilia,
1108 2335 1198 2362 -tum
1221 2325 1259 2361 in
1282 2336 1384 2375 pace,
1404 2332 1489 2358 tum
1511 2321 1624 2356 etiam
1647 2320 1686 2357 in

289 2391 391 2428 bello
411 2390 596 2436 fuerunt3
629 2400 687 2428 tot
707 2390 884 2429 homines
916 2388 1100 2443 cujusque
1122 2390 1226 2428 modi
1245 2404 1253 2426 :
1288 2401 1363 2425 non
1392 2387 1529 2438 loquor
1549 2385 1595 2422 de
1626 2385 1685 2421 in-

291 2458 419 2507 tegris,
457 2457 727 2496 innocentibus
742 2487 753 2502 ,
787 2458 968 2510 religiosis
989 2472 996 2495 :
1044 2466 1101 2494 tot
1134 2455 1281 2508 cupidi,
1318 2462 1373 2490 tot
1409 2451 1600 2505 improbi,
1632 2460 1688 2489 tot

1262 2520 1295 2556 Y
1317 2533 1339 2569 y
1366 2532 1385 2556 2
