<?xml version="1.0" encoding="UTF-8"?>
<!DOCTYPE html PUBLIC "-//W3C//DTD XHTML 1.0 Transitional//EN"
    "http://www.w3.org/TR/xhtml1/DTD/xhtml1-transitional.dtd">
<html xmlns="http://www.w3.org/1999/xhtml" xml:lang="en" lang="en">
 <head>
  <title>
</title>
<meta http-equiv="Content-Type" content="text/html;charset=utf-8" />
  <meta name='ocr-system' content='tesseract 3.04.00' />
  <meta name='ocr-capabilities' content='ocr_page ocr_carea ocr_par ocr_line ocrx_word'/>
</head>
<body>
  <div class='ocr_page' id='page_1' title='image "./operacumindicibu04ciceuoft_0110.png"; bbox 0 0 2201 2792; ppageno 0'>
   <div class='ocr_carea' id='block_1_1' title="bbox 444 149 1324 201">
    <p class='ocr_par' dir='ltr' id='par_1_1' title="bbox 444 149 1324 201">
     <span class='ocr_line' id='line_1_1' title="bbox 444 149 1324 201; baseline 0 -13"><span class='ocrx_word' id='word_1_1' title='bbox 444 162 498 201; x_wconf 71' lang='lat'>94</span> <span class='ocrx_word' id='word_1_2' title='bbox 968 149 1324 188; x_wconf 82' lang='lat' dir='ltr'>ORATIO</span> 
     </span>
    </p>
   </div>
   <div class='ocr_carea' id='block_1_2' title="bbox 443 246 1865 2530">
    <p class='ocr_par' dir='ltr' id='par_1_2' title="bbox 443 246 1856 1356">
     <span class='ocr_line' id='line_1_2' title="bbox 488 246 1846 300; baseline 0 -14"><span class='ocrx_word' id='word_1_3' title='bbox 488 249 538 286; x_wconf 88' lang='lat' dir='ltr'>L.</span> <span class='ocrx_word' id='word_1_4' title='bbox 562 246 706 286; x_wconf 87' lang='lat' dir='ltr'>Praedia</span> <span class='ocrx_word' id='word_1_5' title='bbox 725 259 809 285; x_wconf 85' lang='lat' dir='ltr'>mea</span> <span class='ocrx_word' id='word_1_6' title='bbox 830 254 872 285; x_wconf 87' lang='lat' dir='ltr'>tu</span> <span class='ocrx_word' id='word_1_7' title='bbox 892 246 1076 300; x_wconf 84' lang='lat' dir='ltr'>poffides:</span> <span class='ocrx_word' id='word_1_8' title='bbox 1109 261 1180 300; x_wconf 84' lang='lat' dir='ltr'>ego</span> <span class='ocrx_word' id='word_1_9' title='bbox 1201 247 1322 286; x_wconf 68' lang='lat' dir='ltr'>aliena</span> <span class='ocrx_word' id='word_1_10' title='bbox 1343 246 1602 286; x_wconf 70' lang='lat' dir='ltr'>misericordia</span> <span class='ocrx_word' id='word_1_11' title='bbox 1620 248 1726 286; x_wconf 87' lang='lat' dir='ltr'>vivo:</span> <span class='ocrx_word' id='word_1_12' title='bbox 1748 259 1846 286; x_wconf 70' lang='lat' dir='ltr'>con-2</span> 
     </span>
     <span class='ocr_line' id='line_1_3' title="bbox 443 312 1845 366; baseline 0.001 -16"><span class='ocrx_word' id='word_1_13' title='bbox 443 313 536 351; x_wconf 86' lang='lat' dir='ltr'>cedo</span> <span class='ocrx_word' id='word_1_14' title='bbox 553 331 564 358; x_wconf 89' lang='lat'>;</span> <span class='ocrx_word' id='word_1_15' title='bbox 597 321 635 350; x_wconf 88' lang='lat' dir='ltr'>et</span> <span class='ocrx_word' id='word_1_16' title='bbox 656 312 760 365; x_wconf 88' lang='lat' dir='ltr'>quod</span> <span class='ocrx_word' id='word_1_17' title='bbox 790 312 941 351; x_wconf 86' lang='lat' dir='ltr'>animus</span> <span class='ocrx_word' id='word_1_18' title='bbox 976 326 1107 366; x_wconf 85' lang='lat' dir='ltr'>aequus</span> <span class='ocrx_word' id='word_1_19' title='bbox 1129 313 1194 359; x_wconf 89' lang='lat' dir='ltr'>est,</span> <span class='ocrx_word' id='word_1_20' title='bbox 1225 322 1263 351; x_wconf 91' lang='lat' dir='ltr'>et</span> <span class='ocrx_word' id='word_1_21' title='bbox 1283 313 1373 365; x_wconf 91' lang='lat' dir='ltr'>quia</span> <span class='ocrx_word' id='word_1_22' title='bbox 1399 313 1542 351; x_wconf 81' lang='lat' dir='ltr'>neceffe</span> <span class='ocrx_word' id='word_1_23' title='bbox 1561 313 1627 352; x_wconf 86' lang='lat' dir='ltr'>est.</span> <span class='ocrx_word' id='word_1_24' title='bbox 1660 314 1754 352; x_wconf 88' lang='lat' dir='ltr'>Mea</span> <span class='ocrx_word' id='word_1_25' title='bbox 1774 314 1845 352; x_wconf 91' lang='lat' dir='ltr'>do-</span> 
     </span>
     <span class='ocr_line' id='line_1_4' title="bbox 444 377 1847 431; baseline 0.001 -14"><span class='ocrx_word' id='word_1_26' title='bbox 444 393 531 417; x_wconf 87' lang='lat' dir='ltr'>mus</span> <span class='ocrx_word' id='word_1_27' title='bbox 553 379 625 418; x_wconf 89' lang='lat' dir='ltr'>tibi</span> <span class='ocrx_word' id='word_1_28' title='bbox 645 387 761 431; x_wconf 85' lang='lat' dir='ltr'>patet,</span> <span class='ocrx_word' id='word_1_29' title='bbox 784 377 883 416; x_wconf 89' lang='lat' dir='ltr'>mihi</span> <span class='ocrx_word' id='word_1_30' title='bbox 900 379 1024 417; x_wconf 90' lang='lat' dir='ltr'>clausa</span> <span class='ocrx_word' id='word_1_31' title='bbox 1040 379 1093 417; x_wconf 87' lang='lat' dir='ltr'>est</span> <span class='ocrx_word' id='word_1_32' title='bbox 1110 394 1119 418; x_wconf 74' lang='grc' dir='ltr'>ι</span> <span class='ocrx_word' id='word_1_33' title='bbox 1151 378 1246 418; x_wconf 92' lang='lat' dir='ltr'>fero.</span> <span class='ocrx_word' id='word_1_34' title='bbox 1279 379 1444 417; x_wconf 68' lang='lat' dir='ltr'>Familia</span> <span class='ocrx_word' id='word_1_35' title='bbox 1463 379 1548 416; x_wconf 65' lang='lat' dir='ltr'>mea</span> <span class='ocrx_word' id='word_1_36' title='bbox 1568 380 1740 418; x_wconf 65' lang='lat' dir='ltr'>maxima</span> <span class='ocrx_word' id='word_1_37' title='bbox 1759 389 1847 418; x_wconf 87' lang='lat' dir='ltr'>ute-</span> 
     </span>
     <span class='ocr_line' id='line_1_5' title="bbox 444 443 1848 498; baseline 0 -14"><span class='ocrx_word' id='word_1_38' title='bbox 444 446 508 491; x_wconf 85' lang='lat' dir='ltr'>ris,</span> <span class='ocrx_word' id='word_1_39' title='bbox 530 459 602 498; x_wconf 81' lang='lat' dir='ltr'>ego</span> <span class='ocrx_word' id='word_1_40' title='bbox 622 445 771 483; x_wconf 88' lang='lat' dir='ltr'>servum</span> <span class='ocrx_word' id='word_1_41' title='bbox 791 443 916 483; x_wconf 88' lang='lat' dir='ltr'>habeo</span> <span class='ocrx_word' id='word_1_42' title='bbox 934 445 1112 484; x_wconf 88' lang='lat' dir='ltr'>nullum:</span> <span class='ocrx_word' id='word_1_43' title='bbox 1144 446 1282 498; x_wconf 86' lang='lat' dir='ltr'>patior,</span> <span class='ocrx_word' id='word_1_44' title='bbox 1304 454 1341 482; x_wconf 87' lang='lat' dir='ltr'>ct</span> <span class='ocrx_word' id='word_1_45' title='bbox 1361 444 1564 483; x_wconf 88' lang='lat' dir='ltr'>ferendum</span> <span class='ocrx_word' id='word_1_46' title='bbox 1585 454 1694 498; x_wconf 86' lang='lat' dir='ltr'>puto.</span> <span class='ocrx_word' id='word_1_47' title='bbox 1737 446 1848 497; x_wconf 84' lang='lat' dir='ltr'>Qid</span> 
     </span>
     <span class='ocr_line' id='line_1_6' title="bbox 443 511 1848 564; baseline 0.001 -15"><span class='ocrx_word' id='word_1_48' title='bbox 443 512 499 549; x_wconf 77' lang='lat' dir='ltr'>vis</span> <span class='ocrx_word' id='word_1_49' title='bbox 522 512 716 564; x_wconf 85' lang='lat' dir='ltr'>amplius?</span> <span class='ocrx_word' id='word_1_50' title='bbox 751 511 845 563; x_wconf 88' lang='lat' dir='ltr'>quid</span> <span class='ocrx_word' id='word_1_51' title='bbox 866 511 1102 564; x_wconf 87' lang='lat' dir='ltr'>insequeris?</span> <span class='ocrx_word' id='word_1_52' title='bbox 1134 512 1229 563; x_wconf 85' lang='lat' dir='ltr'>quid</span> <span class='ocrx_word' id='word_1_53' title='bbox 1249 524 1448 564; x_wconf 81' lang='lat' dir='ltr'>oppugnas</span> <span class='ocrx_word' id='word_1_54' title='bbox 1468 511 1481 547; x_wconf 88' lang='lat'>?</span> <span class='ocrx_word' id='word_1_55' title='bbox 1515 525 1590 563; x_wconf 90' lang='lat' dir='ltr'>qua</span> <span class='ocrx_word' id='word_1_56' title='bbox 1609 513 1649 549; x_wconf 90' lang='lat' dir='ltr'>in</span> <span class='ocrx_word' id='word_1_57' title='bbox 1681 525 1721 550; x_wconf 87' lang='lat' dir='ltr'>re</span> <span class='ocrx_word' id='word_1_58' title='bbox 1740 522 1848 550; x_wconf 88' lang='lat' dir='ltr'>tuam</span> 
     </span>
     <span class='ocr_line' id='line_1_7' title="bbox 444 577 1849 630; baseline 0 -15"><span class='ocrx_word' id='word_1_59' title='bbox 444 578 684 615; x_wconf 82' lang='lat' dir='ltr'>voluntatem</span> <span class='ocrx_word' id='word_1_60' title='bbox 707 577 794 615; x_wconf 81' lang='lat' dir='ltr'>laedi</span> <span class='ocrx_word' id='word_1_61' title='bbox 814 591 833 614; x_wconf 84' lang='lat' dir='ltr'>a</span> <span class='ocrx_word' id='word_1_62' title='bbox 864 591 927 615; x_wconf 85' lang='lat' dir='ltr'>me</span> <span class='ocrx_word' id='word_1_63' title='bbox 955 578 1094 630; x_wconf 88' lang='lat' dir='ltr'>putas?</span> <span class='ocrx_word' id='word_1_64' title='bbox 1126 577 1193 615; x_wconf 88' lang='lat' dir='ltr'>ubi</span> <span class='ocrx_word' id='word_1_65' title='bbox 1225 578 1300 616; x_wconf 87' lang='lat' dir='ltr'>tuis</span> <span class='ocrx_word' id='word_1_66' title='bbox 1326 578 1543 616; x_wconf 87' lang='lat' dir='ltr'>commodis</span> <span class='ocrx_word' id='word_1_67' title='bbox 1564 578 1719 615; x_wconf 80' lang='lat' dir='ltr'>officio?</span> <span class='ocrx_word' id='word_1_68' title='bbox 1752 577 1849 630; x_wconf 90' lang='lat' dir='ltr'>quid</span> 
     </span>
     <span class='ocr_line' id='line_1_8' title="bbox 445 642 1849 696; baseline 0.001 -15"><span class='ocrx_word' id='word_1_69' title='bbox 445 645 517 681; x_wconf 83' lang='lat' dir='ltr'>tihi</span> <span class='ocrx_word' id='word_1_70' title='bbox 537 644 645 681; x_wconf 86' lang='lat' dir='ltr'>obsto</span> <span class='ocrx_word' id='word_1_71' title='bbox 664 645 676 680; x_wconf 91' lang='lat'>?</span> <span class='ocrx_word' id='word_1_72' title='bbox 709 644 747 682; x_wconf 82' lang='lat' dir='ltr'>Si</span> <span class='ocrx_word' id='word_1_73' title='bbox 778 643 988 696; x_wconf 86' lang='lat' dir='ltr'>spoliorum</span> <span class='ocrx_word' id='word_1_74' title='bbox 1008 643 1118 682; x_wconf 73' lang='lat' dir='ltr'>causa</span> <span class='ocrx_word' id='word_1_75' title='bbox 1139 644 1194 682; x_wconf 89' lang='lat' dir='ltr'>vis</span> <span class='ocrx_word' id='word_1_76' title='bbox 1215 642 1419 682; x_wconf 85' lang='lat' dir='ltr'>hominem</span> <span class='ocrx_word' id='word_1_77' title='bbox 1439 643 1627 689; x_wconf 84' lang='lat' dir='ltr'>occidere,</span> <span class='ocrx_word' id='word_1_78' title='bbox 1654 643 1819 696; x_wconf 90' lang='lat' dir='ltr'>spoliasti</span> <span class='ocrx_word' id='word_1_79' title='bbox 1837 657 1849 682; x_wconf 88' lang='lat'>:</span> 
     </span>
     <span class='ocr_line' id='line_1_9' title="bbox 445 709 1850 763; baseline 0 -16"><span class='ocrx_word' id='word_1_80' title='bbox 445 711 539 762; x_wconf 87' lang='lat' dir='ltr'>quid</span> <span class='ocrx_word' id='word_1_81' title='bbox 561 709 696 762; x_wconf 87' lang='lat' dir='ltr'>quaeris</span> <span class='ocrx_word' id='word_1_82' title='bbox 717 710 882 762; x_wconf 86' lang='lat' dir='ltr'>amplius</span> <span class='ocrx_word' id='word_1_83' title='bbox 902 710 914 746; x_wconf 90' lang='lat'>?</span> <span class='ocrx_word' id='word_1_84' title='bbox 947 710 987 748; x_wconf 83' lang='lat' dir='ltr'>Si</span> <span class='ocrx_word' id='word_1_85' title='bbox 1006 710 1302 748; x_wconf 84' lang='lat' dir='ltr'>inimicitiarum</span> <span class='ocrx_word' id='word_1_86' title='bbox 1319 729 1330 756; x_wconf 70' lang='grc' dir='ltr'><strong><em>ς</em></strong></span> <span class='ocrx_word' id='word_1_87' title='bbox 1363 724 1448 763; x_wconf 86' lang='lat' dir='ltr'>quae</span> <span class='ocrx_word' id='word_1_88' title='bbox 1476 710 1561 748; x_wconf 90' lang='lat' dir='ltr'>sunt</span> <span class='ocrx_word' id='word_1_89' title='bbox 1581 710 1655 748; x_wconf 88' lang='lat' dir='ltr'>tibi</span> <span class='ocrx_word' id='word_1_90' title='bbox 1675 709 1850 748; x_wconf 84' lang='lat' dir='ltr'>inimici-</span> 
     </span>
     <span class='ocr_line' id='line_1_10' title="bbox 446 775 1849 830; baseline -0.001 -16"><span class='ocrx_word' id='word_1_91' title='bbox 446 778 507 814; x_wconf 80' lang='lat' dir='ltr'>tiae</span> <span class='ocrx_word' id='word_1_92' title='bbox 527 791 621 814; x_wconf 88' lang='lat' dir='ltr'>cum</span> <span class='ocrx_word' id='word_1_93' title='bbox 641 790 699 821; x_wconf 84' lang='lat' dir='ltr'>eo,</span> <span class='ocrx_word' id='word_1_94' title='bbox 722 777 831 828; x_wconf 86' lang='lat' dir='ltr'>cujus</span> <span class='ocrx_word' id='word_1_95' title='bbox 852 785 938 814; x_wconf 89' lang='lat' dir='ltr'>ante</span> <span class='ocrx_word' id='word_1_96' title='bbox 958 777 1098 829; x_wconf 85' lang='lat' dir='ltr'>praedia</span> <span class='ocrx_word' id='word_1_97' title='bbox 1117 776 1320 830; x_wconf 73' lang='lat' dir='ltr'>possedisti,</span> <span class='ocrx_word' id='word_1_98' title='bbox 1349 790 1466 830; x_wconf 88' lang='lat' dir='ltr'>quam</span> <span class='ocrx_word' id='word_1_99' title='bbox 1487 776 1613 830; x_wconf 89' lang='lat' dir='ltr'>ipsum</span> <span class='ocrx_word' id='word_1_100' title='bbox 1645 775 1817 829; x_wconf 86' lang='lat' dir='ltr'>cognosti</span> <span class='ocrx_word' id='word_1_101' title='bbox 1834 776 1849 813; x_wconf 87' lang='lat'>?</span> 
     </span>
     <span class='ocr_line' id='line_1_11' title="bbox 447 841 1852 895; baseline 0 -15"><span class='ocrx_word' id='word_1_102' title='bbox 447 844 513 880; x_wconf 83' lang='lat' dir='ltr'>Sin</span> <span class='ocrx_word' id='word_1_103' title='bbox 535 843 676 880; x_wconf 88' lang='lat' dir='ltr'>metuis</span> <span class='ocrx_word' id='word_1_104' title='bbox 694 860 705 886; x_wconf 69' lang='grc' dir='ltr'><strong><em>ς</em></strong></span> <span class='ocrx_word' id='word_1_105' title='bbox 737 842 785 880; x_wconf 88' lang='lat' dir='ltr'>ab</span> <span class='ocrx_word' id='word_1_106' title='bbox 804 855 898 880; x_wconf 89' lang='lat' dir='ltr'>eone</span> <span class='ocrx_word' id='word_1_107' title='bbox 918 843 1065 894; x_wconf 86' lang='lat' dir='ltr'>aliquid</span> <span class='ocrx_word' id='word_1_108' title='bbox 1085 844 1242 888; x_wconf 89' lang='lat' dir='ltr'>metuis,</span> <span class='ocrx_word' id='word_1_109' title='bbox 1273 857 1392 895; x_wconf 88' lang='lat' dir='ltr'>quem</span> <span class='ocrx_word' id='word_1_110' title='bbox 1423 843 1527 881; x_wconf 83' lang='lat' dir='ltr'>vides</span> <span class='ocrx_word' id='word_1_111' title='bbox 1554 841 1682 895; x_wconf 88' lang='lat' dir='ltr'>ipsum</span> <span class='ocrx_word' id='word_1_112' title='bbox 1712 842 1760 881; x_wconf 88' lang='lat' dir='ltr'>ab</span> <span class='ocrx_word' id='word_1_113' title='bbox 1779 841 1852 880; x_wconf 83' lang='lat' dir='ltr'>sese</span> 
     </span>
     <span class='ocr_line' id='line_1_12' title="bbox 446 909 1851 963; baseline -0.001 -17"><span class='ocrx_word' id='word_1_114' title='bbox 446 919 527 947; x_wconf 81' lang='lat' dir='ltr'>tam</span> <span class='ocrx_word' id='word_1_115' title='bbox 558 919 728 947; x_wconf 87' lang='lat' dir='ltr'>atrocem</span> <span class='ocrx_word' id='word_1_116' title='bbox 759 909 942 960; x_wconf 88' lang='lat' dir='ltr'>injuriam</span> <span class='ocrx_word' id='word_1_117' title='bbox 973 909 1193 962; x_wconf 87' lang='lat' dir='ltr'>propulsare</span> <span class='ocrx_word' id='word_1_118' title='bbox 1212 923 1290 948; x_wconf 91' lang='lat' dir='ltr'>non</span> <span class='ocrx_word' id='word_1_119' title='bbox 1320 909 1421 963; x_wconf 67' lang='lat' dir='ltr'>poss‘e</span> <span class='ocrx_word' id='word_1_120' title='bbox 1439 911 1452 947; x_wconf 89' lang='lat'><strong>?</strong></span> <span class='ocrx_word' id='word_1_121' title='bbox 1485 910 1564 955; x_wconf 87' lang='lat' dir='ltr'>Sin,</span> <span class='ocrx_word' id='word_1_122' title='bbox 1599 909 1704 961; x_wconf 90' lang='lat' dir='ltr'>quod</span> <span class='ocrx_word' id='word_1_123' title='bbox 1736 909 1851 953; x_wconf 85' lang='lat' dir='ltr'>bona,</span> 
     </span>
     <span class='ocr_line' id='line_1_13' title="bbox 447 973 1852 1027; baseline -0.001 -15"><span class='ocrx_word' id='word_1_124' title='bbox 447 989 531 1027; x_wconf 78' lang='lat' dir='ltr'>quae</span> <span class='ocrx_word' id='word_1_125' title='bbox 552 975 683 1013; x_wconf 88' lang='lat' dir='ltr'>Roscii</span> <span class='ocrx_word' id='word_1_126' title='bbox 703 973 873 1019; x_wconf 85' lang='lat' dir='ltr'>fuerunt,</span> <span class='ocrx_word' id='word_1_127' title='bbox 895 984 959 1012; x_wconf 91' lang='lat' dir='ltr'>tua</span> <span class='ocrx_word' id='word_1_128' title='bbox 978 974 1075 1013; x_wconf 68' lang='lat' dir='ltr'>facta</span> <span class='ocrx_word' id='word_1_129' title='bbox 1095 976 1196 1020; x_wconf 90' lang='lat' dir='ltr'>sunt,</span> <span class='ocrx_word' id='word_1_130' title='bbox 1215 975 1360 1013; x_wconf 90' lang='lat' dir='ltr'>idcirco</span> <span class='ocrx_word' id='word_1_131' title='bbox 1375 974 1481 1012; x_wconf 88' lang='lat' dir='ltr'>hunc</span> <span class='ocrx_word' id='word_1_132' title='bbox 1502 975 1606 1012; x_wconf 89' lang='lat' dir='ltr'>illius</span> <span class='ocrx_word' id='word_1_133' title='bbox 1623 974 1752 1013; x_wconf 89' lang='lat' dir='ltr'>filium</span> <span class='ocrx_word' id='word_1_134' title='bbox 1773 973 1852 1012; x_wconf 87' lang='lat' dir='ltr'>stu-</span> 
     </span>
     <span class='ocr_line' id='line_1_14' title="bbox 447 1040 1854 1093; baseline 0 -15"><span class='ocrx_word' id='word_1_135' title='bbox 447 1043 511 1079; x_wconf 84' lang='lat' dir='ltr'>des</span> <span class='ocrx_word' id='word_1_136' title='bbox 533 1041 686 1093; x_wconf 79' lang='lat' dir='ltr'>perdere</span> <span class='ocrx_word' id='word_1_137' title='bbox 702 1059 713 1085; x_wconf 81' lang='lat'>;</span> <span class='ocrx_word' id='word_1_138' title='bbox 746 1054 874 1078; x_wconf 90' lang='lat' dir='ltr'>nonne</span> <span class='ocrx_word' id='word_1_139' title='bbox 905 1040 1084 1085; x_wconf 88' lang='lat' dir='ltr'>ostendis,</span> <span class='ocrx_word' id='word_1_140' title='bbox 1118 1041 1158 1078; x_wconf 91' lang='lat' dir='ltr'>id</span> <span class='ocrx_word' id='word_1_141' title='bbox 1179 1049 1216 1078; x_wconf 91' lang='lat' dir='ltr'>te</span> <span class='ocrx_word' id='word_1_142' title='bbox 1247 1040 1380 1084; x_wconf 83' lang='lat' dir='ltr'>vereri,</span> <span class='ocrx_word' id='word_1_143' title='bbox 1409 1041 1515 1092; x_wconf 89' lang='lat' dir='ltr'>quod</span> <span class='ocrx_word' id='word_1_144' title='bbox 1546 1049 1681 1093; x_wconf 82' lang='lat' dir='ltr'>praeter</span> <span class='ocrx_word' id='word_1_145' title='bbox 1699 1048 1854 1078; x_wconf 86' lang='lat' dir='ltr'>caeteros</span> 
     </span>
     <span class='ocr_line' id='line_1_15' title="bbox 447 1106 1855 1160; baseline -0.001 -14"><span class='ocrx_word' id='word_1_146' title='bbox 447 1118 490 1146; x_wconf 84' lang='lat' dir='ltr'>tu</span> <span class='ocrx_word' id='word_1_147' title='bbox 512 1116 682 1145; x_wconf 86' lang='lat' dir='ltr'>metuere</span> <span class='ocrx_word' id='word_1_148' title='bbox 714 1120 791 1144; x_wconf 87' lang='lat' dir='ltr'>non</span> <span class='ocrx_word' id='word_1_149' title='bbox 813 1106 964 1152; x_wconf 82' lang='lat' dir='ltr'>debeas,</span> <span class='ocrx_word' id='word_1_150' title='bbox 999 1120 1046 1144; x_wconf 91' lang='lat' dir='ltr'>ne</span> <span class='ocrx_word' id='word_1_151' title='bbox 1077 1107 1231 1159; x_wconf 89' lang='lat' dir='ltr'>quando</span> <span class='ocrx_word' id='word_1_152' title='bbox 1261 1107 1391 1145; x_wconf 86' lang='lat' dir='ltr'>liberis</span> <span class='ocrx_word' id='word_1_153' title='bbox 1423 1107 1724 1160; x_wconf 85' lang='lat' dir='ltr'>proscriptorum</span> <span class='ocrx_word' id='word_1_154' title='bbox 1754 1107 1855 1145; x_wconf 89' lang='lat' dir='ltr'>bona</span> 
     </span>
     <span class='ocr_line' id='line_1_16' title="bbox 448 1171 1856 1227; baseline 0 -16"><span class='ocrx_word' id='word_1_155' title='bbox 448 1174 568 1227; x_wconf 81' lang='lat' dir='ltr'>patria</span> <span class='ocrx_word' id='word_1_156' title='bbox 589 1173 822 1211; x_wconf 87' lang='lat' dir='ltr'>reddantur?</span> <span class='ocrx_word' id='word_1_157' title='bbox 854 1174 964 1210; x_wconf 85' lang='lat' dir='ltr'>Facis</span> <span class='ocrx_word' id='word_1_158' title='bbox 985 1173 1181 1224; x_wconf 87' lang='lat' dir='ltr'>injuriam,</span> <span class='ocrx_word' id='word_1_159' title='bbox 1203 1171 1467 1224; x_wconf 86' lang='lat' dir='ltr'>Chrysogone,</span> <span class='ocrx_word' id='word_1_160' title='bbox 1490 1173 1515 1210; x_wconf 88' lang='lat' dir='ltr'>fi</span> <span class='ocrx_word' id='word_1_161' title='bbox 1542 1174 1728 1224; x_wconf 88' lang='lat' dir='ltr'>majorem</span> <span class='ocrx_word' id='word_1_162' title='bbox 1749 1172 1856 1225; x_wconf 88' lang='lat' dir='ltr'>spem</span> 
     </span>
     <span class='ocr_line' id='line_1_17' title="bbox 448 1236 1854 1291; baseline 0 -14"><span class='ocrx_word' id='word_1_163' title='bbox 448 1239 657 1291; x_wconf 81' lang='lat' dir='ltr'>emptionis</span> <span class='ocrx_word' id='word_1_164' title='bbox 680 1248 753 1275; x_wconf 80' lang='lat' dir='ltr'>tuae</span> <span class='ocrx_word' id='word_1_165' title='bbox 773 1238 814 1274; x_wconf 86' lang='lat' dir='ltr'>in</span> <span class='ocrx_word' id='word_1_166' title='bbox 834 1237 950 1290; x_wconf 86' lang='lat' dir='ltr'>hujus</span> <span class='ocrx_word' id='word_1_167' title='bbox 971 1238 1090 1275; x_wconf 85' lang='lat' dir='ltr'>exitio</span> <span class='ocrx_word' id='word_1_168' title='bbox 1109 1238 1235 1290; x_wconf 86' lang='lat' dir='ltr'>ponis,</span> <span class='ocrx_word' id='word_1_169' title='bbox 1257 1251 1376 1290; x_wconf 89' lang='lat' dir='ltr'>quam</span> <span class='ocrx_word' id='word_1_170' title='bbox 1396 1238 1438 1275; x_wconf 87' lang='lat' dir='ltr'>in</span> <span class='ocrx_word' id='word_1_171' title='bbox 1461 1236 1521 1276; x_wconf 80' lang='lat' dir='ltr'>his</span> <span class='ocrx_word' id='word_1_172' title='bbox 1543 1238 1669 1283; x_wconf 86' lang='lat' dir='ltr'>rebus,</span> <span class='ocrx_word' id='word_1_173' title='bbox 1691 1251 1784 1291; x_wconf 88' lang='lat' dir='ltr'>quas</span> <span class='ocrx_word' id='word_1_174' title='bbox 1803 1239 1854 1277; x_wconf 87' lang='lat' dir='ltr'>L.</span> 
     </span>
     <span class='ocr_line' id='line_1_18' title="bbox 450 1304 694 1356; baseline -0.008 -13"><span class='ocrx_word' id='word_1_175' title='bbox 450 1305 552 1355; x_wconf 72' lang='lat' dir='ltr'>Sylla</span> <span class='ocrx_word' id='word_1_176' title='bbox 572 1304 694 1356; x_wconf 75' lang='lat' dir='ltr'>gestit.</span> 
     </span>
    </p>

    <p class='ocr_par' dir='ltr' id='par_1_3' title="bbox 449 1367 1865 2530">
     <span class='ocr_line' id='line_1_19' title="bbox 505 1367 1856 1421; baseline -0.001 -14"><span class='ocrx_word' id='word_1_177' title='bbox 505 1369 625 1421; x_wconf 83' lang='lat' dir='ltr'>Qod</span> <span class='ocrx_word' id='word_1_178' title='bbox 646 1371 671 1407; x_wconf 88' lang='lat' dir='ltr'>fi</span> <span class='ocrx_word' id='word_1_179' title='bbox 694 1368 765 1406; x_wconf 89' lang='lat' dir='ltr'>tibi</span> <span class='ocrx_word' id='word_1_180' title='bbox 786 1368 894 1406; x_wconf 85' lang='lat' dir='ltr'>causa</span> <span class='ocrx_word' id='word_1_181' title='bbox 914 1368 1020 1406; x_wconf 89' lang='lat' dir='ltr'>nulla</span> <span class='ocrx_word' id='word_1_182' title='bbox 1039 1369 1104 1414; x_wconf 89' lang='lat' dir='ltr'>est,</span> <span class='ocrx_word' id='word_1_183' title='bbox 1133 1382 1202 1407; x_wconf 84' lang='lat' dir='ltr'>cur</span> <span class='ocrx_word' id='word_1_184' title='bbox 1220 1367 1326 1407; x_wconf 89' lang='lat' dir='ltr'>hunc</span> <span class='ocrx_word' id='word_1_185' title='bbox 1358 1369 1541 1408; x_wconf 86' lang='lat' dir='ltr'>miserum</span> <span class='ocrx_word' id='word_1_186' title='bbox 1572 1377 1676 1407; x_wconf 88' lang='lat' dir='ltr'>tanta</span> <span class='ocrx_word' id='word_1_187' title='bbox 1695 1369 1856 1407; x_wconf 87' lang='lat' dir='ltr'>calami-</span> 
     </span>
     <span class='ocr_line' id='line_1_20' title="bbox 450 1434 1858 1487; baseline -0.001 -12"><span class='ocrx_word' id='word_1_188' title='bbox 450 1447 525 1475; x_wconf 79' lang='lat' dir='ltr'>tate</span> <span class='ocrx_word' id='word_1_189' title='bbox 545 1437 645 1474; x_wconf 84' lang='lat' dir='ltr'>affici</span> <span class='ocrx_word' id='word_1_190' title='bbox 666 1435 758 1473; x_wconf 86' lang='lat' dir='ltr'>velis</span> <span class='ocrx_word' id='word_1_191' title='bbox 776 1454 787 1479; x_wconf 88' lang='lat'>;</span> <span class='ocrx_word' id='word_1_192' title='bbox 820 1435 845 1472; x_wconf 89' lang='lat' dir='ltr'><strong>fi</strong></span> <span class='ocrx_word' id='word_1_193' title='bbox 867 1435 939 1473; x_wconf 90' lang='lat' dir='ltr'>tibi</span> <span class='ocrx_word' id='word_1_194' title='bbox 959 1436 1089 1473; x_wconf 89' lang='lat' dir='ltr'>omnia</span> <span class='ocrx_word' id='word_1_195' title='bbox 1109 1434 1185 1479; x_wconf 80' lang='lat' dir='ltr'>sua,</span> <span class='ocrx_word' id='word_1_196' title='bbox 1219 1445 1354 1487; x_wconf 81' lang='lat' dir='ltr'>praeter</span> <span class='ocrx_word' id='word_1_197' title='bbox 1373 1436 1559 1481; x_wconf 84' lang='lat' dir='ltr'>animam,</span> <span class='ocrx_word' id='word_1_198' title='bbox 1593 1435 1764 1481; x_wconf 85' lang='lat' dir='ltr'>tradidit,</span> <span class='ocrx_word' id='word_1_199' title='bbox 1786 1449 1858 1474; x_wconf 88' lang='lat' dir='ltr'>nec</span> 
     </span>
     <span class='ocr_line' id='line_1_21' title="bbox 451 1500 1856 1554; baseline -0.001 -14"><span class='ocrx_word' id='word_1_200' title='bbox 451 1503 519 1540; x_wconf 88' lang='lat' dir='ltr'>fibi</span> <span class='ocrx_word' id='word_1_201' title='bbox 536 1502 749 1554; x_wconf 80' lang='lat' dir='ltr'>quidquam</span> <span class='ocrx_word' id='word_1_202' title='bbox 764 1510 980 1553; x_wconf 81' lang='lat' dir='ltr'>paternum,</span> <span class='ocrx_word' id='word_1_203' title='bbox 999 1515 1046 1538; x_wconf 89' lang='lat' dir='ltr'>ne</span> <span class='ocrx_word' id='word_1_204' title='bbox 1058 1502 1305 1539; x_wconf 87' lang='lat' dir='ltr'>monumenti</span> <span class='ocrx_word' id='word_1_205' title='bbox 1321 1501 1481 1553; x_wconf 88' lang='lat' dir='ltr'>quidem</span> <span class='ocrx_word' id='word_1_206' title='bbox 1498 1500 1621 1546; x_wconf 71' lang='lat' dir='ltr'>causa,</span> <span class='ocrx_word' id='word_1_207' title='bbox 1637 1501 1856 1546; x_wconf 79' lang='lat' dir='ltr'>reservavit3</span> 
     </span>
     <span class='ocr_line' id='line_1_22' title="bbox 449 1566 1860 1622; baseline -0.001 -16"><span class='ocrx_word' id='word_1_208' title='bbox 449 1583 517 1622; x_wconf 87' lang='lat' dir='ltr'>per</span> <span class='ocrx_word' id='word_1_209' title='bbox 534 1570 636 1607; x_wconf 86' lang='lat' dir='ltr'>Deos</span> <span class='ocrx_word' id='word_1_210' title='bbox 659 1567 911 1612; x_wconf 85' lang='lat' dir='ltr'>immortales,</span> <span class='ocrx_word' id='word_1_211' title='bbox 929 1581 1014 1620; x_wconf 72' lang='lat' dir='ltr'>qua:</span> <span class='ocrx_word' id='word_1_212' title='bbox 1034 1567 1102 1605; x_wconf 88' lang='lat' dir='ltr'>ista</span> <span class='ocrx_word' id='word_1_213' title='bbox 1122 1577 1226 1605; x_wconf 86' lang='lat' dir='ltr'>tanta</span> <span class='ocrx_word' id='word_1_214' title='bbox 1246 1568 1448 1606; x_wconf 88' lang='lat' dir='ltr'>crudelitas</span> <span class='ocrx_word' id='word_1_215' title='bbox 1465 1568 1519 1606; x_wconf 90' lang='lat' dir='ltr'>est</span> <span class='ocrx_word' id='word_1_216' title='bbox 1536 1568 1548 1605; x_wconf 87' lang='lat'>?</span> <span class='ocrx_word' id='word_1_217' title='bbox 1581 1581 1666 1620; x_wconf 88' lang='lat' dir='ltr'>quae</span> <span class='ocrx_word' id='word_1_218' title='bbox 1680 1576 1759 1605; x_wconf 87' lang='lat' dir='ltr'>tam</span> <span class='ocrx_word' id='word_1_219' title='bbox 1779 1566 1860 1605; x_wconf 86' lang='lat' dir='ltr'>fera</span> 
     </span>
     <span class='ocr_line' id='line_1_23' title="bbox 451 1632 1860 1686; baseline -0.001 -14"><span class='ocrx_word' id='word_1_220' title='bbox 451 1633 709 1686; x_wconf 87' lang='lat' dir='ltr'>immanisque</span> <span class='ocrx_word' id='word_1_221' title='bbox 729 1634 883 1671; x_wconf 87' lang='lat' dir='ltr'>natura?</span> <span class='ocrx_word' id='word_1_222' title='bbox 908 1634 1008 1684; x_wconf 80' lang='lat' dir='ltr'>Qis</span> <span class='ocrx_word' id='word_1_223' title='bbox 1026 1646 1200 1686; x_wconf 88' lang='lat' dir='ltr'>unquam</span> <span class='ocrx_word' id='word_1_224' title='bbox 1219 1634 1347 1686; x_wconf 85' lang='lat' dir='ltr'>praedo</span> <span class='ocrx_word' id='word_1_225' title='bbox 1363 1633 1440 1672; x_wconf 90' lang='lat' dir='ltr'>fuit</span> <span class='ocrx_word' id='word_1_226' title='bbox 1460 1642 1540 1672; x_wconf 86' lang='lat' dir='ltr'>tam</span> <span class='ocrx_word' id='word_1_227' title='bbox 1560 1632 1749 1671; x_wconf 87' lang='lat' dir='ltr'>nefarius?</span> <span class='ocrx_word' id='word_1_228' title='bbox 1772 1633 1860 1685; x_wconf 86' lang='lat' dir='ltr'>quis</span> 
     </span>
     <span class='ocr_line' id='line_1_24' title="bbox 451 1697 1859 1754; baseline -0.001 -16"><span class='ocrx_word' id='word_1_229' title='bbox 451 1702 572 1754; x_wconf 84' lang='lat' dir='ltr'>pirata</span> <span class='ocrx_word' id='word_1_230' title='bbox 592 1708 670 1738; x_wconf 87' lang='lat' dir='ltr'>tam</span> <span class='ocrx_word' id='word_1_231' title='bbox 692 1699 887 1744; x_wconf 85' lang='lat' dir='ltr'>barbarus,</span> <span class='ocrx_word' id='word_1_232' title='bbox 909 1708 967 1744; x_wconf 88' lang='lat' dir='ltr'>ut,</span> <span class='ocrx_word' id='word_1_233' title='bbox 990 1712 1083 1738; x_wconf 87' lang='lat' dir='ltr'>cum</span> <span class='ocrx_word' id='word_1_234' title='bbox 1100 1700 1289 1753; x_wconf 83' lang='lat' dir='ltr'>integram</span> <span class='ocrx_word' id='word_1_235' title='bbox 1310 1700 1476 1753; x_wconf 82' lang='lat' dir='ltr'>praedam</span> <span class='ocrx_word' id='word_1_236' title='bbox 1494 1700 1570 1738; x_wconf 86' lang='lat' dir='ltr'>fine</span> <span class='ocrx_word' id='word_1_237' title='bbox 1587 1699 1768 1753; x_wconf 87' lang='lat' dir='ltr'>sanguine</span> <span class='ocrx_word' id='word_1_238' title='bbox 1787 1697 1859 1737; x_wconf 89' lang='lat' dir='ltr'>ha-</span> 
     </span>
     <span class='ocr_line' id='line_1_25' title="bbox 452 1763 1860 1819; baseline -0.002 -14"><span class='ocrx_word' id='word_1_239' title='bbox 452 1767 542 1805; x_wconf 88' lang='lat' dir='ltr'>bere</span> <span class='ocrx_word' id='word_1_240' title='bbox 562 1765 696 1819; x_wconf 80' lang='lat' dir='ltr'>posset,</span> <span class='ocrx_word' id='word_1_241' title='bbox 719 1774 876 1803; x_wconf 88' lang='lat' dir='ltr'>cruenta</span> <span class='ocrx_word' id='word_1_242' title='bbox 896 1764 1015 1817; x_wconf 90' lang='lat' dir='ltr'>spolia</span> <span class='ocrx_word' id='word_1_243' title='bbox 1035 1764 1233 1803; x_wconf 86' lang='lat' dir='ltr'>detrahere</span> <span class='ocrx_word' id='word_1_244' title='bbox 1253 1765 1386 1804; x_wconf 85' lang='lat' dir='ltr'>mallet</span> <span class='ocrx_word' id='word_1_245' title='bbox 1405 1766 1418 1803; x_wconf 90' lang='lat'>?</span> <span class='ocrx_word' id='word_1_246' title='bbox 1442 1765 1521 1804; x_wconf 89' lang='lat' dir='ltr'>Scis</span> <span class='ocrx_word' id='word_1_247' title='bbox 1542 1764 1649 1804; x_wconf 87' lang='lat' dir='ltr'>hunc</span> <span class='ocrx_word' id='word_1_248' title='bbox 1668 1763 1769 1803; x_wconf 89' lang='lat' dir='ltr'>nihil</span> <span class='ocrx_word' id='word_1_249' title='bbox 1788 1763 1860 1802; x_wconf 88' lang='lat' dir='ltr'>ha-</span> 
     </span>
     <span class='ocr_line' id='line_1_26' title="bbox 453 1829 1862 1884; baseline -0.002 -14"><span class='ocrx_word' id='word_1_250' title='bbox 453 1833 555 1877; x_wconf 90' lang='lat' dir='ltr'>bere,</span> <span class='ocrx_word' id='word_1_251' title='bbox 578 1829 676 1870; x_wconf 82' lang='lat' dir='ltr'>nihil</span> <span class='ocrx_word' id='word_1_252' title='bbox 709 1830 860 1875; x_wconf 86' lang='lat' dir='ltr'>audere,</span> <span class='ocrx_word' id='word_1_253' title='bbox 891 1830 991 1868; x_wconf 89' lang='lat' dir='ltr'>nihil</span> <span class='ocrx_word' id='word_1_254' title='bbox 1011 1830 1127 1884; x_wconf 84' lang='lat' dir='ltr'>poffe,</span> <span class='ocrx_word' id='word_1_255' title='bbox 1158 1831 1259 1869; x_wconf 87' lang='lat' dir='ltr'>nihil</span> <span class='ocrx_word' id='word_1_256' title='bbox 1281 1845 1455 1883; x_wconf 88' lang='lat' dir='ltr'>unquam</span> <span class='ocrx_word' id='word_1_257' title='bbox 1488 1840 1621 1869; x_wconf 88' lang='lat' dir='ltr'>contra</span> <span class='ocrx_word' id='word_1_258' title='bbox 1651 1843 1732 1868; x_wconf 87' lang='lat' dir='ltr'>rem</span> <span class='ocrx_word' id='word_1_259' title='bbox 1752 1838 1862 1868; x_wconf 89' lang='lat' dir='ltr'>tuam</span> 
     </span>
     <span class='ocr_line' id='line_1_27' title="bbox 453 1897 1860 1950; baseline -0.002 -14"><span class='ocrx_word' id='word_1_260' title='bbox 453 1897 631 1950; x_wconf 85' lang='lat' dir='ltr'>cogitaffe</span> <span class='ocrx_word' id='word_1_261' title='bbox 647 1915 658 1941; x_wconf 66' lang='grc' dir='ltr'><strong><em>ς</em></strong></span> <span class='ocrx_word' id='word_1_262' title='bbox 691 1904 729 1933; x_wconf 92' lang='lat' dir='ltr'>et</span> <span class='ocrx_word' id='word_1_263' title='bbox 749 1905 878 1933; x_wconf 85' lang='lat' dir='ltr'>tamen</span> <span class='ocrx_word' id='word_1_264' title='bbox 898 1909 1098 1948; x_wconf 83' lang='lat' dir='ltr'>oppugnas</span> <span class='ocrx_word' id='word_1_265' title='bbox 1119 1909 1225 1941; x_wconf 85' lang='lat' dir='ltr'>eum,</span> <span class='ocrx_word' id='word_1_266' title='bbox 1248 1909 1366 1948; x_wconf 88' lang='lat' dir='ltr'>quem</span> <span class='ocrx_word' id='word_1_267' title='bbox 1386 1909 1511 1948; x_wconf 87' lang='lat' dir='ltr'>neque</span> <span class='ocrx_word' id='word_1_268' title='bbox 1538 1904 1708 1933; x_wconf 88' lang='lat' dir='ltr'>metuere</span> <span class='ocrx_word' id='word_1_269' title='bbox 1736 1904 1860 1949; x_wconf 89' lang='lat' dir='ltr'>potes,</span> 
     </span>
     <span class='ocr_line' id='line_1_28' title="bbox 455 1960 1863 2014; baseline -0.001 -13"><span class='ocrx_word' id='word_1_270' title='bbox 455 1976 581 2014; x_wconf 88' lang='lat' dir='ltr'>neque</span> <span class='ocrx_word' id='word_1_271' title='bbox 601 1960 717 1999; x_wconf 78' lang='lat' dir='ltr'>odisse</span> <span class='ocrx_word' id='word_1_272' title='bbox 732 1960 861 2005; x_wconf 90' lang='lat' dir='ltr'>debes,</span> <span class='ocrx_word' id='word_1_273' title='bbox 884 1973 954 1998; x_wconf 88' lang='lat' dir='ltr'>nec</span> <span class='ocrx_word' id='word_1_274' title='bbox 973 1961 1188 2013; x_wconf 83' lang='lat' dir='ltr'>quidquam</span> <span class='ocrx_word' id='word_1_275' title='bbox 1209 1960 1350 1999; x_wconf 87' lang='lat' dir='ltr'>habere</span> <span class='ocrx_word' id='word_1_276' title='bbox 1365 1962 1449 2014; x_wconf 89' lang='lat' dir='ltr'>jam</span> <span class='ocrx_word' id='word_1_277' title='bbox 1462 1961 1601 2014; x_wconf 87' lang='lat' dir='ltr'>reliqui</span> <span class='ocrx_word' id='word_1_278' title='bbox 1616 1961 1736 2007; x_wconf 89' lang='lat' dir='ltr'>vides,</span> <span class='ocrx_word' id='word_1_279' title='bbox 1755 1961 1863 2014; x_wconf 91' lang='lat' dir='ltr'>quod</span> 
     </span>
     <span class='ocr_line' id='line_1_29' title="bbox 457 2026 1863 2081; baseline -0.001 -15"><span class='ocrx_word' id='word_1_280' title='bbox 457 2029 492 2066; x_wconf 86' lang='lat' dir='ltr'>ei</span> <span class='ocrx_word' id='word_1_281' title='bbox 512 2026 706 2066; x_wconf 84' lang='lat' dir='ltr'>detrahere</span> <span class='ocrx_word' id='word_1_282' title='bbox 728 2026 837 2079; x_wconf 85' lang='lat' dir='ltr'>poffis</span> <span class='ocrx_word' id='word_1_283' title='bbox 854 2045 865 2072; x_wconf 77' lang='lat'>5</span> <span class='ocrx_word' id='word_1_284' title='bbox 898 2026 966 2064; x_wconf 88' lang='lat' dir='ltr'>nifi</span> <span class='ocrx_word' id='word_1_285' title='bbox 987 2026 1062 2065; x_wconf 88' lang='lat' dir='ltr'>hoc</span> <span class='ocrx_word' id='word_1_286' title='bbox 1090 2027 1298 2080; x_wconf 88' lang='lat' dir='ltr'>indignum</span> <span class='ocrx_word' id='word_1_287' title='bbox 1318 2036 1445 2081; x_wconf 80' lang='lat' dir='ltr'>putaS,</span> <span class='ocrx_word' id='word_1_288' title='bbox 1467 2027 1572 2081; x_wconf 77' lang='lat' dir='ltr'>quod</span> <span class='ocrx_word' id='word_1_289' title='bbox 1604 2027 1784 2066; x_wconf 87' lang='lat' dir='ltr'>vestitum</span> <span class='ocrx_word' id='word_1_290' title='bbox 1803 2027 1863 2065; x_wconf 85' lang='lat' dir='ltr'>se-</span> 
     </span>
     <span class='ocr_line' id='line_1_30' title="bbox 457 2091 1862 2147; baseline 0 -15"><span class='ocrx_word' id='word_1_291' title='bbox 457 2095 544 2132; x_wconf 85' lang='lat' dir='ltr'>dere</span> <span class='ocrx_word' id='word_1_292' title='bbox 564 2094 604 2131; x_wconf 89' lang='lat' dir='ltr'>in</span> <span class='ocrx_word' id='word_1_293' title='bbox 619 2092 771 2145; x_wconf 85' lang='lat' dir='ltr'>judicio</span> <span class='ocrx_word' id='word_1_294' title='bbox 792 2092 910 2138; x_wconf 88' lang='lat' dir='ltr'>vides,</span> <span class='ocrx_word' id='word_1_295' title='bbox 930 2106 1049 2145; x_wconf 91' lang='lat' dir='ltr'>quem</span> <span class='ocrx_word' id='word_1_296' title='bbox 1068 2101 1112 2131; x_wconf 86' lang='lat' dir='ltr'>tu</span> <span class='ocrx_word' id='word_1_297' title='bbox 1132 2107 1152 2132; x_wconf 90' lang='lat' dir='ltr'>e</span> <span class='ocrx_word' id='word_1_298' title='bbox 1172 2094 1423 2147; x_wconf 86' lang='lat' dir='ltr'>patrimonio,</span> <span class='ocrx_word' id='word_1_299' title='bbox 1460 2102 1645 2147; x_wconf 87' lang='lat' dir='ltr'>tanquam</span> <span class='ocrx_word' id='word_1_300' title='bbox 1666 2107 1686 2132; x_wconf 88' lang='lat' dir='ltr'>e</span> <span class='ocrx_word' id='word_1_301' title='bbox 1707 2091 1862 2132; x_wconf 88' lang='lat' dir='ltr'>naufra-</span> 
     </span>
     <span class='ocr_line' id='line_1_31' title="bbox 458 2157 1865 2212; baseline 0 -17"><span class='ocrx_word' id='word_1_302' title='bbox 458 2160 537 2212; x_wconf 83' lang='lat' dir='ltr'>gio,</span> <span class='ocrx_word' id='word_1_303' title='bbox 554 2158 704 2196; x_wconf 89' lang='lat' dir='ltr'>nudum</span> <span class='ocrx_word' id='word_1_304' title='bbox 725 2157 918 2211; x_wconf 84' lang='lat' dir='ltr'>expulisti.</span> <span class='ocrx_word' id='word_1_305' title='bbox 951 2158 1067 2210; x_wconf 82' lang='lat' dir='ltr'>Qafi</span> <span class='ocrx_word' id='word_1_306' title='bbox 1090 2173 1178 2198; x_wconf 88' lang='lat' dir='ltr'>vero</span> <span class='ocrx_word' id='word_1_307' title='bbox 1198 2159 1352 2205; x_wconf 85' lang='lat' dir='ltr'>nescias,</span> <span class='ocrx_word' id='word_1_308' title='bbox 1374 2158 1480 2198; x_wconf 88' lang='lat' dir='ltr'>hunc</span> <span class='ocrx_word' id='word_1_309' title='bbox 1501 2169 1538 2198; x_wconf 92' lang='lat' dir='ltr'>et</span> <span class='ocrx_word' id='word_1_310' title='bbox 1558 2159 1622 2204; x_wconf 89' lang='lat' dir='ltr'>ali,</span> <span class='ocrx_word' id='word_1_311' title='bbox 1644 2167 1682 2197; x_wconf 89' lang='lat' dir='ltr'>et</span> <span class='ocrx_word' id='word_1_312' title='bbox 1700 2157 1823 2197; x_wconf 87' lang='lat' dir='ltr'>vestiri</span> <span class='ocrx_word' id='word_1_313' title='bbox 1843 2170 1865 2195; x_wconf 87' lang='lat' dir='ltr'>a</span> 
     </span>
     <span class='ocr_line' id='line_1_32' title="bbox 459 2222 1859 2279; baseline -0.003 -14"><span class='ocrx_word' id='word_1_314' title='bbox 459 2226 628 2270; x_wconf 58' lang='lat' dir='ltr'>Caecilia,</span> <span class='ocrx_word' id='word_1_315' title='bbox 661 2224 841 2263; x_wconf 83' lang='lat' dir='ltr'>Balearici</span> <span class='ocrx_word' id='word_1_316' title='bbox 876 2224 968 2269; x_wconf 89' lang='lat' dir='ltr'>filia,</span> <span class='ocrx_word' id='word_1_317' title='bbox 1001 2225 1168 2278; x_wconf 88' lang='lat' dir='ltr'>Nepotis</span> <span class='ocrx_word' id='word_1_318' title='bbox 1203 2226 1340 2272; x_wconf 87' lang='lat' dir='ltr'>sorore,</span> <span class='ocrx_word' id='word_1_319' title='bbox 1370 2225 1634 2279; x_wconf 60' lang='lat' dir='ltr'>speetatiffima</span> <span class='ocrx_word' id='word_1_320' title='bbox 1667 2222 1830 2262; x_wconf 83' lang='lat' dir='ltr'>foemina</span> <span class='ocrx_word' id='word_1_321' title='bbox 1849 2237 1859 2261; x_wconf 75' lang='grc' dir='ltr'>ε</span> 
     </span>
     <span class='ocr_line' id='line_1_33' title="bbox 459 2289 1863 2344; baseline -0.002 -14"><span class='ocrx_word' id='word_1_322' title='bbox 459 2306 545 2344; x_wconf 80' lang='lat' dir='ltr'>qua:</span> <span class='ocrx_word' id='word_1_323' title='bbox 561 2305 653 2329; x_wconf 88' lang='lat' dir='ltr'>curn</span> <span class='ocrx_word' id='word_1_324' title='bbox 670 2299 817 2344; x_wconf 88' lang='lat' dir='ltr'>patrem</span> <span class='ocrx_word' id='word_1_325' title='bbox 837 2290 1102 2336; x_wconf 80' lang='lat' dir='ltr'>clariffimum‚</span> <span class='ocrx_word' id='word_1_326' title='bbox 1120 2292 1372 2344; x_wconf 84' lang='lat' dir='ltr'>ampliffimos</span> <span class='ocrx_word' id='word_1_327' title='bbox 1388 2301 1557 2344; x_wconf 85' lang='lat' dir='ltr'>patruos,</span> <span class='ocrx_word' id='word_1_328' title='bbox 1579 2289 1863 2328; x_wconf 83' lang='lat' dir='ltr'>ornatiffimum</span> 
     </span>
     <span class='ocr_line' id='line_1_34' title="bbox 460 2355 1863 2409; baseline -0.002 -13"><span class='ocrx_word' id='word_1_329' title='bbox 460 2357 615 2396; x_wconf 81' lang='lat' dir='ltr'>fratrem</span> <span class='ocrx_word' id='word_1_330' title='bbox 636 2356 806 2402; x_wconf 87' lang='lat' dir='ltr'>haberet,</span> <span class='ocrx_word' id='word_1_331' title='bbox 829 2365 972 2402; x_wconf 84' lang='lat' dir='ltr'>tamen,</span> <span class='ocrx_word' id='word_1_332' title='bbox 1008 2370 1099 2395; x_wconf 87' lang='lat' dir='ltr'>cum</span> <span class='ocrx_word' id='word_1_333' title='bbox 1131 2357 1221 2396; x_wconf 79' lang='lat' dir='ltr'>esset</span> <span class='ocrx_word' id='word_1_334' title='bbox 1240 2359 1393 2403; x_wconf 85' lang='lat' dir='ltr'>mulier,</span> <span class='ocrx_word' id='word_1_335' title='bbox 1426 2358 1568 2395; x_wconf 86' lang='lat' dir='ltr'>virtute</span> <span class='ocrx_word' id='word_1_336' title='bbox 1593 2355 1768 2409; x_wconf 86' lang='lat' dir='ltr'>perfecit,</span> <span class='ocrx_word' id='word_1_337' title='bbox 1804 2364 1863 2401; x_wconf 91' lang='lat' dir='ltr'>ut,</span> 
     </span>
     <span class='ocr_line' id='line_1_35' title="bbox 461 2423 1865 2476; baseline -0.001 -15"><span class='ocrx_word' id='word_1_338' title='bbox 461 2433 604 2476; x_wconf 85' lang='lat' dir='ltr'>quanto</span> <span class='ocrx_word' id='word_1_339' title='bbox 625 2423 770 2461; x_wconf 87' lang='lat' dir='ltr'>honore</span> <span class='ocrx_word' id='word_1_340' title='bbox 790 2423 867 2476; x_wconf 86' lang='lat' dir='ltr'>ipsa</span> <span class='ocrx_word' id='word_1_341' title='bbox 894 2436 939 2461; x_wconf 86' lang='lat' dir='ltr'>ex</span> <span class='ocrx_word' id='word_1_342' title='bbox 959 2423 1117 2461; x_wconf 88' lang='lat' dir='ltr'>illorum</span> <span class='ocrx_word' id='word_1_343' title='bbox 1140 2423 1326 2476; x_wconf 82' lang='lat' dir='ltr'>dignitate</span> <span class='ocrx_word' id='word_1_344' title='bbox 1355 2423 1583 2469; x_wconf 80' lang='lat' dir='ltr'>afficeretur,</span> <span class='ocrx_word' id='word_1_345' title='bbox 1616 2436 1694 2463; x_wconf 89' lang='lat' dir='ltr'>non</span> <span class='ocrx_word' id='word_1_346' title='bbox 1715 2423 1865 2461; x_wconf 84' lang='lat' dir='ltr'>minora</span> 
     </span>
     <span class='ocr_line' id='line_1_36' title="bbox 461 2479 1609 2530; baseline 0.001 -2"><span class='ocrx_word' id='word_1_347' title='bbox 461 2491 538 2529; x_wconf 86' lang='lat' dir='ltr'>illis</span> <span class='ocrx_word' id='word_1_348' title='bbox 559 2500 781 2529; x_wconf 85' lang='lat' dir='ltr'>ornamenta</span> <span class='ocrx_word' id='word_1_349' title='bbox 800 2504 846 2529; x_wconf 81' lang='lat' dir='ltr'>ex</span> <span class='ocrx_word' id='word_1_350' title='bbox 863 2490 926 2529; x_wconf 89' lang='lat' dir='ltr'>sua</span> <span class='ocrx_word' id='word_1_351' title='bbox 945 2490 1055 2529; x_wconf 89' lang='lat' dir='ltr'>laude</span> <span class='ocrx_word' id='word_1_352' title='bbox 1076 2490 1259 2530; x_wconf 81' lang='lat' dir='ltr'>redderet.</span> <span class='ocrx_word' id='word_1_353' title='bbox 1605 2479 1609 2482; x_wconf 35' lang='grc'><em>’</em></span> 
     </span>
    </p>
   </div>
  </div>
 </body>
</html>
