2201 2792
610 174 956 213 ACTIONIS
998 175 1051 213 11.
1112 176 1322 215 LIBER
1354 178 1425 216 IV.
1633 192 1710 233 377

308 274 390 312 vasa
419 282 595 327 argentea
606 292 617 319 ς
649 288 818 327 namque
848 273 931 313 haec
962 288 1072 313 aurea
1101 275 1279 313 nondum
1313 275 1466 313 fecerat.
1510 276 1710 315 Omnibus

307 350 414 379 curat
434 341 544 379 rebus
565 341 809 387 instruetum,
830 350 868 380 et
887 351 1063 395 paratum
1082 351 1126 380 ut
1146 342 1191 380 fit
1210 342 1449 380 convivium.
1475 342 1583 393 Qid
1603 343 1713 380 mul-

307 407 371 445 ta?
403 408 490 446 Rex
510 409 563 446 ita
583 408 757 454 disceffit‚
790 419 833 447 ut
853 419 891 448 et
911 409 1028 447 istum
1048 408 1199 462 copiose
1226 418 1423 455 ornatum,
1454 418 1492 447 et
1518 409 1554 446 se
1583 408 1710 447 hono-

306 473 412 511 rifice
432 483 650 527 acceptum,
683 475 940 513 arbitraretur.
973 476 1097 514 Vocat
1117 475 1164 513 ad
1182 489 1335 513 coenam
1355 474 1494 513 deinde
1511 474 1591 528 ipse
1608 475 1711 513 Prae-

306 547 456 578 torem:
489 540 650 592 exponit
684 540 765 578 suas
804 541 932 593 copias
962 554 1126 585 omnes,
1158 540 1332 579 multum
1371 549 1587 594 argentum,
1632 553 1711 578 non

245 622 253 627 *
306 619 427 658 pauca
446 607 563 645 etiam
583 607 723 660 pocula
742 621 789 646 ex
808 621 914 652 auro,
944 621 1044 660 quae,
1078 616 1120 645 ut
1141 621 1226 645 mos
1246 607 1300 645 est
1319 607 1461 660 regius,
1482 616 1521 645 et
1541 607 1713 645 maxime

305 674 348 711 in
375 674 492 724 Syria,
523 674 692 725 gemmis
712 684 820 713 erant
849 674 1025 714 distineta
1043 674 1273 714 clariffimiS.
1305 675 1399 713 Erat
1423 675 1540 713 etiam
1560 688 1623 713 vas
1651 674 1712 712 vi-

308 740 459 777 narium
494 753 542 778 ex
576 753 650 778 una
680 754 836 793 gemma
869 740 1084 794 pergrandi,
1129 741 1245 780 trulla
1276 750 1466 786 excavata,
1506 740 1713 779 manubrio

308 818 448 845 aureo:
481 806 528 844 de
547 820 635 859 qua,
670 807 798 852 credo,
831 807 916 846 satis
948 807 1147 852 idoneum,
1184 807 1271 846 satis
1289 821 1445 860 gravem
1477 807 1624 852 testem,
1657 808 1723 860 Q

308 872 539 911 Minucium
571 873 697 912 dicere
728 874 896 913 audistis.
943 874 1015 912 Iste
1036 889 1160 913 unum
1191 875 1375 927 quodque
1409 887 1471 912 vas
1502 873 1543 912 in
1575 887 1712 912 manus

309 937 470 984 sumere,
491 939 656 984 laudare,
682 941 826 979 mirari.
864 942 952 980 Rex
983 941 1161 994 gaudere,
1198 941 1355 980 Praetori
1385 940 1521 993 populi
1541 939 1714 978 Romani

309 1003 396 1042 satis
410 1005 646 1057 jucundum,
661 1015 698 1044 et
717 1016 871 1058 gratum
893 1007 991 1044 illud
1011 1006 1081 1044 effe
1093 1007 1332 1045 convivium,
1355 1006 1605 1058 Posteaquam
1624 1005 1714 1043 inde

308 1069 507 1108 disceffum
528 1071 594 1116 est,
616 1072 783 1124 cogitare
804 1072 870 1110 iste
890 1071 990 1110 nihil
1011 1072 1115 1110 aliud
1138 1072 1261 1124 (quod
1291 1072 1369 1125 ipsa
1400 1085 1456 1110 res
1488 1071 1710 1121 declaravit)

309 1137 379 1174 nili
398 1138 732 1190 quemadmodum
752 1153 881 1192 regem
902 1153 949 1178 ex
969 1140 1167 1192 provincia
1186 1138 1405 1192 spoliatum,
1422 1138 1715 1191 expilatumque

309 1205 538 1254 dimitteret.
561 1205 695 1243 Mittit
714 1216 892 1258 rogatum
911 1207 994 1244 vasa
1012 1220 1067 1250 ea,
1091 1220 1176 1258 quae
1196 1205 1458 1258 pulcherrima
1476 1204 1577 1258 apud
1597 1205 1713 1242 illum

305 1271 449 1310 viderat
467 1286 475 1310 :
508 1272 560 1309 ait
582 1272 617 1309 se
637 1272 710 1310 suis
743 1273 981 1312 caelatoribus
1003 1273 1099 1310 velle
1128 1272 1336 1311 ostendere.
1384 1273 1487 1316 Rex,
1507 1271 1575 1324 qui
1596 1271 1713 1309 istum

310 1351 388 1376 non
409 1338 541 1383 noffet,
573 1338 648 1377 fine
669 1339 748 1377 ulla
767 1339 978 1393 suspicione
1006 1339 1254 1378 libentiffime
1284 1339 1402 1377 dedit.
1436 1338 1568 1378 Mittit
1597 1338 1714 1376 etiam

311 1405 468 1443 trullam
489 1419 710 1458 gemmeam
733 1417 928 1459 rogatum:
953 1406 1050 1444 velle
1070 1406 1105 1444 se
1121 1419 1204 1444 eam
1223 1405 1445 1458 diligentius
1466 1404 1710 1443 considerare.

310 1471 368 1508 Ea
387 1484 544 1524 quoque
566 1472 600 1509 ei
617 1471 802 1510 mittitur.

366 1538 558 1576 XXVIII.
598 1538 719 1576 Nunc
754 1538 963 1590 reliquum,
986 1538 1158 1589 JudiceS,
1192 1537 1390 1582 attendite,
1426 1537 1472 1575 de
1492 1550 1570 1589 quo
1591 1546 1627 1574 et
1649 1550 1713 1575 vos

312 1605 481 1650 audistis,
512 1614 550 1643 et
579 1605 746 1657 populus
767 1606 969 1644 Romanus
992 1619 1069 1642 non
1101 1618 1204 1642 nunc
1235 1605 1407 1656 primum
1428 1604 1582 1648 audiet5
1615 1613 1652 1641 et
1674 1604 1714 1642 in

313 1672 451 1710 exteris
473 1671 693 1710 nationibus
715 1671 833 1724 usque
854 1672 899 1709 ad
921 1672 1076 1710 ultimas
1095 1681 1208 1709 terras
1231 1680 1476 1724 pervagatum
1498 1669 1564 1708 est.
1608 1671 1713 1708 Can—-

312 1738 512 1777 delabrum
533 1751 552 1775 e
572 1739 740 1790 gemmis
770 1738 997 1783 clariflimis,
1028 1752 1140 1792 opere
1169 1738 1337 1776 mirabili
1359 1736 1586 1790 perfeetum,
1608 1749 1714 1789 reges

312 1803 368 1850 hi,
384 1818 480 1857 quos
502 1805 602 1849 dico,
621 1807 793 1844 Romam
813 1819 906 1843 cum
927 1804 1150 1849 attulissent,
1173 1813 1215 1842 ut
1235 1804 1274 1842 in
1297 1803 1491 1856 Capitolio
1508 1811 1712 1856 ponerent;

314 1871 419 1923 quod
439 1871 613 1908 nondum
635 1871 751 1908 etiam
770 1870 986 1923 perfectum
1007 1870 1200 1922 templum
1221 1869 1470 1913 offenderant,
1505 1883 1629 1921 neque
1642 1883 1713 1921 po-

313 1950 402 1974 nere
423 1946 646 1989 potuerunt,
679 1951 802 1989 neque
825 1937 942 1989 vulgo
973 1936 1181 1980 ostendere,
1212 1949 1254 1974 ac
1286 1934 1452 1988 proferre
1479 1935 1711 1979 v'oluerunt5

315 2014 358 2041 ut
378 2014 415 2042 et
437 2004 748 2057 magnificentius
780 2005 982 2048 videretur,
1013 2018 1104 2042 cum
1137 2003 1202 2041 suo
1226 2003 1396 2056 tempore
1428 2004 1467 2040 in
1494 2002 1591 2040 cella
1608 2002 1714 2053 Jovis

316 2071 474 2122 Optimi
494 2070 665 2107 Maximi
686 2080 912 2122 poneretur;
936 2080 973 2107 et
993 2070 1145 2113 clarius,
1168 2083 1259 2107 cum
1282 2068 1532 2121 pulchritudo
1551 2070 1631 2121 ejus
1655 2082 1714 2105 re-

315 2150 403 2174 cens
426 2137 471 2173 ad
503 2136 634 2174 oculos
656 2135 880 2180 hominum,
913 2146 1027 2188 atque
1057 2137 1204 2188 integra
1235 2136 1461 2187 perveniret.
1495 2138 1715 2173 statuerunt

315 2204 354 2241 id
388 2203 517 2241 secum
553 2203 592 2240 in
629 2203 773 2254 Syriam
798 2213 1013 2255 reportare:
1046 2212 1104 2247 ut,
1140 2216 1231 2240 cum
1264 2202 1447 2240 audissent
1468 2202 1714 2239 simulacrum

316 2270 421 2320 Jovis
446 2270 601 2321 Optimi
630 2269 799 2306 Maximi
832 2270 1066 2313 dedicatum,
1101 2270 1244 2321 legatos
1281 2269 1492 2312 mitterent,
1524 2268 1589 2319 qui
1623 2280 1712 2303 cum

316 2336 458 2373 caeteris
482 2335 592 2373 rebus
611 2335 707 2372 illud
721 2349 875 2387 quoque
893 2336 1096 2379 eximium,
1115 2345 1230 2386 atquc
1244 2333 1550 2386 pulcherrimum
1568 2332 1715 2369 donum

318 2402 357 2438 in
380 2401 620 2453 Capitolium
641 2401 832 2440 afferrent.
858 2404 1034 2441 Pervenit
1056 2415 1111 2439 res
1133 2402 1178 2438 ad
1200 2401 1304 2438 istius
1326 2412 1447 2442 aures,
1470 2398 1595 2435 nescio
1616 2410 1715 2449 quo-

318 2467 435 2504 modo
458 2482 465 2504 ε
518 2481 606 2505 nam
647 2481 711 2506 rex
743 2468 783 2506 id
820 2469 987 2507 celatum
1024 2468 1193 2505 voluerat
1214 2484 1225 2510 ς
1277 2478 1355 2502 non
1386 2478 1464 2515 quo
1503 2464 1715 2517 quidquam

401 2533 626 2571 T0>1.1V.
1292 2530 1414 2568 Bbb
