2201 2792
688 203 1032 248 ACTIONIS
1076 203 1128 242 11.
1189 201 1398 240 LIBER
1429 202 1480 239 V.
1705 212 1782 254 473

444 309 615 350 LXVII.
649 309 687 347 Si
707 307 788 345 haec
809 319 886 345 non
906 304 952 344 ad
973 304 1074 342 cives
1096 303 1310 346 Romanos,
1343 314 1421 339 non
1442 300 1487 338 ad
1513 296 1660 351 aliquos
1685 299 1785 336 ami-

390 391 455 416 cos
477 376 608 415 nostrae
629 374 808 418 civitatis,
846 386 924 410 non
945 371 991 409 ad
1011 383 1089 414 eos,
1121 368 1189 422 qui
1210 367 1344 422 populi
1365 366 1535 405 Romani
1555 378 1698 403 nomen
1717 378 1786 401 au—

391 444 528 484 dissent
545 462 555 489 ;
589 442 769 493 denique,
805 439 832 477 fi
863 452 942 477 non
977 436 1023 474 ad
1053 435 1252 479 homines,
1287 447 1421 472 verum
1453 432 1499 470 ad
1530 431 1664 470 bestias
1680 449 1692 475 5
1725 439 1789 467 aut

392 513 525 555 etiam,
548 519 592 548 ut
612 508 767 561 longius
788 505 1020 560 progrediar,
1036 503 1076 548 fi,
1098 504 1139 541 in
1160 502 1288 554 aliqua
1308 499 1552 538 desertiffima
1569 496 1787 540 solitudine,

394 579 440 617 ad
460 579 545 616 saxa
564 586 601 614 et
622 576 667 613 ad
688 574 864 627 scopulos
880 571 977 616 haec,
995 569 1182 622 conqueri
1201 577 1240 606 et
1259 567 1453 620 deplorare
1473 566 1613 605 vellem
1626 582 1637 609 5
1661 573 1791 602 tamen

395 645 527 684 omnia
544 653 653 682 muta
672 651 786 692 atque
806 639 977 677 inanima
997 645 1100 675 tanta
1115 644 1153 674 et
1175 644 1254 673 tarn
1275 634 1432 686 indigna
1448 645 1577 671 rerum
1597 630 1792 669 atrocitate

395 717 748 750 commoverentur.
782 706 903 744 Nunc
924 717 1013 743 vero
1033 717 1125 741 cum
1148 702 1284 754 loquar
1305 700 1405 753 apud
1437 699 1623 738 senatores
1658 696 1794 750 populi

397 777 582 820 Romani,
617 775 766 827 legum,
795 772 1130 824 judiciorumque,
1167 777 1204 806 et
1217 767 1316 819 juris
1336 768 1522 810 auctores,
1559 765 1695 803 timere
1716 776 1793 800 non

397 844 533 888 debeo,
556 855 603 880 ne
624 855 702 879 non
723 852 821 878 unus
843 837 909 876 iste
929 837 1022 875 civis
1045 836 1246 874 Romanus
1267 833 1333 871 illa
1352 846 1466 871 cruce
1485 832 1640 884 dignus,
1670 828 1795 867 caeteri

398 924 532 950 omnes
554 909 670 948 simili
690 906 861 961 periculo
881 903 1135 957 indigniffimi
1149 902 1386 955 judicentur.

446 976 568 1016 Paulo
588 985 689 1019 ante,
711 972 1091 1025 Ju·dices,·lacrymas
1112 970 1152 1007 in
1174 977 1299 1007 morte
1319 966 1453 1005 misera
1473 974 1587 1017 atque
1607 962 1795 1016 indignis-

402 1044 496 1082 sima
516 1040 795 1081 navarchorum
815 1053 892 1077 non
915 1038 1166 1081 tenebamus5
1198 1044 1237 1073 et
1257 1036 1354 1072 recte
1376 1046 1417 1071 ac
1439 1033 1578 1071 merito
1605 1030 1797 1069 sociorum

402 1110 673 1149 innocentium
694 1106 843 1146 miseria
863 1103 1207 1143 commovebamur
1225 1117 1234 1139 ;
1267 1100 1362 1153 quid
1382 1112 1485 1138 nunc
1505 1098 1546 1135 in
1567 1096 1693 1135 nostro
1714 1095 1798 1132 san-

402 1178 519 1230 guine
542 1175 696 1215 tandem
717 1172 841 1211 facere
862 1171 1047 1210 debemus
1066 1170 1079 1207 ?
1112 1169 1218 1207 Nam
1248 1167 1395 1205 civium
1417 1166 1687 1203 Romanorum
1714 1162 1798 1200 san·-

400 1244 489 1296 guis
511 1242 738 1294 conjunctus
759 1237 1034 1277 existimandus
1054 1235 1133 1279 est;
1157 1233 1342 1287 quoniam
1356 1233 1395 1270 id
1415 1240 1453 1269 et
1474 1231 1602 1268 salutis
1619 1229 1801 1267 omnium

405 1311 514 1354 ratio,
537 1318 575 1346 et
595 1308 744 1350 veritas,
766 1304 944 1358 postulat.
980 1304 1129 1340 Omnes
1147 1301 1222 1339 hoc
1241 1300 1328 1338 loco
1348 1299 1449 1336 cives
1471 1297 1657 1340 Romani,
1678 1304 1717 1333 et
1733 1295 1801 1347 qui

405 1376 553 1420 adsunt,
585 1383 623 1412 et
654 1372 723 1425 qui
744 1371 969 1422 ubicunque
998 1368 1099 1412 sunt,
1128 1366 1288 1405 vestram
1309 1365 1546 1402 severitatem
1577 1362 1801 1404 desiderant,

406 1442 568 1480 vestram
589 1440 706 1478 fidem
728 1437 952 1490 implorant,
987 1434 1155 1472 vestrum
1187 1432 1378 1470 auxilium
1411 1429 1613 1481 requirunt
1631 1443 1639 1465 :
1671 1427 1804 1465 omnia

407 1509 470 1546 sua
484 1509 584 1560 jura,
606 1503 828 1546 commoda,
851 1501 1006 1544 auxilia,
1029 1508 1150 1537 totam
1171 1498 1337 1549 denique
1358 1496 1591 1539 libertatem,
1614 1495 1653 1531 in
1674 1492 1804 1530 vestris

407 1573 604 1614 sententiis
625 1570 759 1609 versari
780 1568 1026 1606 arbitrantur.

465 1644 503 1679 A
525 1654 601 1685 me,
624 1636 771 1676 tametfi
792 1636 877 1673 satis
898 1634 1054 1677 habent,
1086 1642 1215 1670 tamen
1236 1631 1261 1668 fi
1291 1643 1346 1667 res
1367 1629 1476 1666 aliter
1495 1627 1689 1670 acciderit,
1716 1625 1805 1678 plus

410 1707 611 1746 habebunt
631 1702 794 1747 fortaffe‚
816 1715 934 1754 quam
954 1699 1160 1753 postulant.
1193 1697 1301 1735 Nam
1332 1705 1370 1733 et
1394 1695 1420 1732 fi
1441 1707 1516 1746 qua
1535 1694 1590 1731 vis
1612 1692 1728 1730 istum
1759 1691 1808 1729 de

411 1775 528 1814 vestra
548 1773 739 1812 severitate
760 1769 956 1822 eripuerit,
988 1767 1027 1805 id
1048 1766 1153 1820 quod
1174 1777 1298 1817 neque
1319 1770 1465 1806 metuo,
1487 1760 1660 1813 Judices,
1682 1772 1808 1811 neque

414 1842 494 1880 ullo
516 1839 632 1878 modo
653 1838 734 1876 fieri
766 1835 866 1889 poffe
899 1835 1008 1873 video
1025 1851 1037 1878 ς
1069 1832 1131 1870 sed
1151 1832 1177 1870 fi
1207 1831 1249 1868 in
1278 1828 1353 1868 hoc
1386 1842 1448 1866 me
1482 1827 1577 1866 ratio
1596 1824 1806 1870 fefellerit;

414 1907 534 1947 Siculi
551 1905 700 1945 causam
721 1904 826 1942 suam
857 1900 989 1955 perisse
1009 1907 1231 1952 querentur,
1258 1906 1297 1934 et
1317 1908 1473 1933 mecum
1494 1893 1633 1946 pariter
1653 1891 1810 1930 moleste

414 1974 560 2013 ferent:
586 1971 751 2025 populus
772 1969 932 2021 quidem
953 1968 1153 2004 Romanus
1175 1963 1295 2007 brevi,
1318 1962 1504 2014 quoniam
1526 1958 1625 1997 mihi
1646 1957 1811 2011 potesta-

417 2050 498 2078 tem
519 2039 621 2091 apud
642 2038 677 2075 se
697 2035 832 2088 agendi
852 2034 972 2078 dedit,
1002 2033 1066 2084 jus
1088 2031 1215 2074 suum,
1252 2042 1314 2066 me
1340 2037 1490 2080 agente,
1527 2025 1601 2064 suis
1624 2023 1810 2076 suffragiis

418 2115 505 2144 ante
526 2104 614 2143 Kal.
638 2101 860 2141 Februarias
881 2097 1131 2151 recuperabit.
1168 2097 1243 2139 Ac,
1267 2095 1291 2132 sl
1312 2094 1358 2131 de
1374 2107 1457 2130 mea
1477 2092 1597 2145 gloria
1614 2099 1651 2128 et
1671 2089 1812 2141 ampli-

419 2172 552 2211 tudine
568 2167 939 2222 quaeritis,Judices;
963 2177 1042 2202 non
1058 2163 1110 2200 est
1130 2162 1301 2199 alienum
1321 2160 1416 2198 meis
1438 2158 1664 2200 rationibus,
1682 2156 1810 2198 istum,

419 2237 521 2278 mihi
541 2250 587 2275 ex
607 2235 682 2274 hoc
698 2233 849 2287 judicio
870 2239 1059 2283 ereptum,
1092 2229 1138 2266 ad
1159 2227 1255 2265 illud
1277 2226 1410 2279 populi
1435 2223 1602 2263 Romani
1618 2221 1815 2273 judicium

420 2303 606 2344 reservari.
644 2300 849 2355 Splendida
883 2297 934 2335 est
960 2297 1027 2334 illa
1045 2295 1153 2334 causa
1170 2314 1180 2339 ;
1213 2293 1423 2346 probabilis
1459 2289 1558 2328 mihi
1592 2297 1628 2324 et
1659 2286 1782 2323 facilis
1800 2303 1813 2330 ;

422 2371 569 2424 populo
589 2379 694 2422 grata
713 2378 827 2420 atque
853 2364 1040 2420 jucunda.
1088 2363 1282 2413 Denique,
1318 2361 1342 2396 si
1365 2359 1494 2395 videor
1524 2355 1602 2398 hic,
1639 2353 1677 2390 id
1712 2352 1817 2403 quod

423 2451 495 2489 ego
530 2450 608 2474 non
644 2435 811 2486 quaesivi,
844 2433 890 2470 de
910 2445 989 2469 uno
1024 2430 1094 2468 isto
1114 2426 1271 2466 voluisse
1307 2424 1467 2462 crescere
1484 2441 1494 2466 3
1528 2421 1597 2458 isto
1629 2418 1816 2461 absoluto,

427 2501 533 2555 quod
553 2501 628 2539 fine
649 2500 864 2538 multorum
883 2497 1017 2535 scelere
1039 2496 1120 2533 fieri
1138 2506 1213 2532 non
1233 2490 1367 2544 potest,
1386 2489 1431 2526 de
1452 2486 1585 2525 multis
1602 2484 1699 2524 mihi
1720 2483 1817 2522 cres-

428 2582 513 2607 cere
533 2567 682 2605 licebit.

512 2635 578 2672 To
590 2646 642 2672 M.
666 2631 737 2671 IV.
1397 2623 1433 2657 O
1456 2633 1478 2656 0
1499 2633 1521 2656 0
