2201 2792
557 183 629 222 v-26
982 181 1073 220 IN
1142 181 1522 222 VERREM

552 213 572 237 Q

549 282 663 320 rebus
697 280 942 332 conjunctus,
973 293 1015 318 ac
1050 280 1266 333 proximus,
1308 279 1354 317 ad
1389 279 1611 333 Apronium
1645 278 1802 325 scribit,
1833 279 1950 332 vulgo

549 348 621 386 effe
640 347 687 385 ab
718 347 902 385 omnibus
933 346 985 383 ita
1015 345 1318 384 demonstratum
1350 346 1530 391 Metello,
1561 346 1634 384 tibi
1653 345 1875 398 Apronium
1909 345 1950 383 in

549 415 723 453 decumis
744 414 891 452 socium
911 411 1034 451 fuiffe.
1065 414 1147 452 Fac
1157 413 1259 466 stiat
1287 413 1550 466 improbitatem
1569 422 1771 452 aratorum.
1803 413 1877 465 Ipsi
1877 413 1950 465 fic-

548 481 700 525 dabunt,
704 481 746 531 st
761 480 837 518 Dii
847 479 980 518 volent.
1013 478 1132 529 Qod
1153 478 1263 524 istuc,
1285 491 1351 531 per
1371 479 1474 517 Deos
1495 479 1732 517 immortales
1752 478 1759 516 !
1792 488 1857 516 aut
1877 491 1952 531 qua

549 546 596 584 de
617 546 725 584 causa
743 545 955 583 excitatum
970 544 1042 582 effe
1061 544 1234 582 dicamus
1254 545 1295 582 in
1316 553 1477 583 aratores
1498 553 1578 582 tam
1601 543 1783 582 infestum
1799 544 1950 589 odium,

549 621 665 664 atque
686 621 838 650 tantum
857 612 869 648 ?
902 619 1086 663 quantam
1106 610 1287 661 injuriam
1308 609 1481 648 fecerunt
1497 609 1609 647 Verri
1628 618 1803 655 aratores,
1826 618 1869 648 ut
1888 622 1951 648 eos

549 679 667 717 etiarn
687 679 863 723 libertus,
883 686 921 715 et
942 676 1119 715 accensus
1139 677 1218 728 ejus
1240 685 1318 714 tam
1348 676 1445 714 irato
1471 676 1603 715 animo
1633 675 1693 714 his
1713 675 1831 714 literis
1852 675 1952 714 inse-

550 746 720 798 quatur?

605 811 797 850 LXVIII.
830 810 971 862 Neque
991 823 1062 862 ego
1082 808 1198 861 hujus
1228 808 1399 862 fugitivi,
1421 809 1591 861 Judices,
1617 809 1816 862 epistolam
1843 808 1952 846 vobis

550 877 775 921 recitassem,
797 875 865 913 nisi
886 884 929 913 ut
948 889 993 913 ex
1014 888 1055 913 ea
1086 875 1204 913 totius
1226 873 1382 912 familiae
1402 884 1601 927 praecepta,
1632 884 1669 913 et
1699 874 1884 919 instituta,
1914 881 1953 911 et

548 943 793 996 disciplinam
814 940 1105 994 cognosceretis.
1143 940 1308 985 Videtis,
1340 949 1384 977 ut
1404 950 1559 978 moneat
1579 940 1829 992 Apronium?
1861 939 1952 991 qui-

550 1009 621 1047 bus
656 1008 782 1052 rebus,
814 1020 856 1043 ac
892 1005 1116 1043 muneribus
1153 1004 1316 1043 infinuet
1350 1005 1389 1042 in
1425 1004 1726 1042 familiaritatem
1761 1003 1950 1042 Metelli?

550 1075 754 1113 Vulteium
781 1073 1033 1125 corrumpat?
1062 1071 1212 1116 scribas,
1243 1072 1524 1124 accensumque
1544 1072 1667 1124 pretio
1691 1071 1880 1109 deliniat?
1912 1084 1954 1108 ea

549 1141 736 1193 praecipit‚
771 1153 857 1191 quae
878 1138 1002 1176 vidit:
1034 1151 1076 1176 ea
1110 1146 1244 1175 monet
1275 1138 1443 1175 alienum
1475 1136 1692 1182 hominem,
1728 1151 1812 1189 quae
1845 1137 1953 1175 domi

549 1207 686 1244 didicit
706 1206 797 1258 ipse.
822 1204 967 1241 Verum
989 1204 1028 1241 in
1049 1202 1124 1240 hoc
1145 1212 1242 1240 errat
1261 1217 1352 1248 uno,
1375 1203 1479 1255 quod
1495 1203 1643 1241 easdem
1663 1203 1855 1241 existimat
1874 1202 1951 1241 vias

548 1273 596 1311 ad
616 1273 797 1310 omnium
818 1269 1093 1308 familiaritates
1114 1269 1184 1306 esse
1204 1270 1387 1308 munitas.

605 1340 843 1390 Qanquam
889 1337 1029 1374 merito
1064 1336 1148 1374 sum
1182 1336 1299 1374 iratus
1338 1335 1533 1380 Metello;
1577 1344 1705 1374 tamen
1739 1334 1821 1373 haec
1867 1349 1952 1388 quae

549 1418 634 1444 vera
664 1405 764 1448 sunt,
797 1403 937 1441 dicam.
985 1402 1182 1454 Apronius
1216 1402 1343 1454 ipsum
1377 1401 1589 1440 Metellum
1622 1415 1698 1439 non
1734 1401 1877 1454 pretio,
1909 1409 1954 1439 ut

550 1471 741 1514 Verrem,
787 1482 864 1506 non
900 1468 1107 1512 convivio,
1144 1480 1223 1504 non
1257 1466 1433 1511 muliere,
1478 1480 1556 1504 non
1590 1466 1762 1504 sermone
1796 1467 1952 1505 incauto

549 1547 664 1589 atque
699 1535 880 1588 improbo
913 1533 1032 1586 poffet
1066 1546 1337 1586 corrumpere;
1376 1533 1518 1585 quibus
1549 1533 1660 1571 rebus
1691 1547 1769 1571 non
1801 1532 1951 1578 sensim,

549 1613 666 1655 atque
687 1602 879 1640 moderate
913 1599 958 1636 ad
992 1599 1097 1636 istius
1129 1599 1342 1637 amicitiam
1376 1598 1599 1651 adrepserat‚
1630 1599 1691 1636 sed
1713 1599 1817 1636 brevi
1849 1607 1953 1636 tem-

551 1682 644 1721 pore
665 1677 791 1706 totum
813 1665 1031 1710 hominem,
1054 1674 1254 1717 totamque
1274 1666 1354 1717 ejus
1376 1675 1576 1717 praeturam
1598 1665 1818 1717 possederat.
1871 1666 1952 1702 Co-

548 1734 703 1773 hortem
736 1742 864 1770 autem
887 1731 1057 1775 Metelli,
1089 1744 1206 1783 quam
1242 1740 1363 1775 vocat,
1386 1731 1479 1783 quid
1511 1740 1602 1775 erat,
1638 1731 1742 1783 quod
1774 1744 1951 1769 corrum-

548 1810 669 1853 peret,
702 1813 748 1837 ex
778 1811 854 1850 qua
873 1806 1151 1849 recuperatores
1183 1797 1281 1834 nulli
1302 1797 1519 1834 dabantur?
1551 1797 1657 1835 Nam
1680 1796 1784 1848 quod
1805 1795 1950 1840 scribit,

550 1865 706 1904 Metelli
738 1864 865 1901 filium
897 1876 1060 1915 puerum
1089 1861 1173 1906 esse,
1217 1861 1461 1899 vehementer
1491 1871 1614 1899 errat:
1658 1875 1736 1899 non
1771 1861 1875 1899 enim
1906 1861 1953 1899 ad

549 1944 686 1968 omnes
709 1931 920 1967 Praetorum
942 1927 1041 1965 filios
1063 1928 1182 1964 iidem
1203 1927 1326 1965 aditus
1347 1927 1447 1964 sunt.
1500 1928 1536 1964 O
1559 1926 1826 1972 Timarchide,
1857 1927 1951 1965 Me·
1984 1943 1987 1946 ’

552 1996 633 2033 tclli
668 1995 720 2032 est
754 1994 854 2031 filius
891 1994 929 2030 in
964 1993 1173 2045 provincia,
1221 2007 1297 2030 non
1331 2007 1438 2045 puer,
1485 1992 1544 2030 sed
1582 1992 1795 2030 adolescens
1828 1992 1952 2030 bonus

550 2075 593 2099 ac
615 2061 775 2113 pudens,
808 2060 946 2110 dignus
979 2059 1047 2096 illo
1078 2058 1164 2096 loco
1195 2072 1236 2096 ac
1269 2060 1439 2097 nomine.
1473 2059 1604 2096 Vester
1637 2059 1702 2096 ille
1734 2072 1828 2111 puer
1854 2073 1951 2111 prae-

552 2137 730 2170 textatus,
768 2126 804 2162 in
839 2125 1033 2176 provincia
1064 2125 1394 2176 quemadmodum
1430 2124 1569 2169 fuisset,
1602 2139 1679 2163 non
1711 2125 1893 2169 dicerem,
1924 2125 1950 2162 fi

551 2194 659 2247 pueri
697 2192 765 2229 effe
798 2191 903 2227 illam
936 2191 1105 2242 culpam,
1138 2204 1179 2227 ac
1215 2205 1291 2228 non
1325 2192 1455 2243 patris,
1488 2191 1759 2228 existimarem.
1818 2191 1949 2235 Tune,

551 2274 642 2298 cum
680 2269 715 2297 te
746 2271 788 2294 ac
825 2267 929 2294 tuam
967 2257 1084 2293 vitam
1118 2256 1261 2302 nosses,
1306 2258 1346 2294 in
1382 2258 1553 2294 Siciliam
1597 2266 1725 2294 tecum
1765 2256 1948 2307 grandem

551 2333 817 2378 praetextatum
857 2321 982 2359 filium
1021 2321 1216 2359 ducebas?
1259 2331 1315 2366 ut,
1352 2323 1468 2359 etiam
1506 2322 1531 2359 fi
1569 2331 1702 2358 natura
1736 2334 1898 2372 puerum
1930 2335 1951 2360 a

550 2392 716 2444 paternis
739 2390 853 2434 vitiis,
886 2398 999 2441 atque
1030 2402 1050 2426 a
1079 2388 1226 2440 generis
1258 2388 1508 2426 similitudine
1539 2387 1756 2432 abduceret,
1789 2388 1950 2426 consue-

553 2458 647 2495 tudo
681 2468 806 2495 tamen
837 2470 926 2494 eum
971 2465 1008 2493 et
1042 2455 1243 2508 disciplina
1285 2455 1510 2507 degenerare
1544 2467 1622 2492 non
1663 2454 1827 2492 smeret?
1873 2456 1951 2494 Fac

550 2524 653 2561 enim
671 2522 779 2561 fuisse
799 2523 837 2560 in
859 2521 928 2561 isto
946 2523 993 2561 C.
1011 2522 1136 2567 Laelii,
1159 2522 1220 2560 M.
1238 2521 1394 2560 Catonis
1408 2521 1610 2560 materiem
1624 2529 1737 2573 atque
1753 2520 1946 2561 indolem:
