<?xml version="1.0" encoding="UTF-8"?>
<!DOCTYPE html PUBLIC "-//W3C//DTD XHTML 1.0 Transitional//EN"
    "http://www.w3.org/TR/xhtml1/DTD/xhtml1-transitional.dtd">
<html xmlns="http://www.w3.org/1999/xhtml" xml:lang="en" lang="en">
 <head>
  <title>
</title>
<meta http-equiv="Content-Type" content="text/html;charset=utf-8" />
  <meta name='ocr-system' content='tesseract 3.04.00' />
  <meta name='ocr-capabilities' content='ocr_page ocr_carea ocr_par ocr_line ocrx_word'/>
</head>
<body>
  <div class='ocr_page' id='page_1' title='image "./operacumindicibu04ciceuoft_0353.png"; bbox 0 0 2201 2792; ppageno 0'>
   <div class='ocr_carea' id='block_1_1' title="bbox 586 147 1688 207">
    <p class='ocr_par' dir='ltr' id='par_1_1' title="bbox 586 147 1688 207">
     <span class='ocr_line' id='line_1_1' title="bbox 586 147 1688 207; baseline -0.004 -18"><span class='ocrx_word' id='word_1_1' title='bbox 586 147 931 189; x_wconf 89' lang='lat' dir='ltr'>ACTIONIS</span> <span class='ocrx_word' id='word_1_2' title='bbox 973 147 1027 187; x_wconf 94' lang='grc' dir='ltr'>ΙΙ.</span> <span class='ocrx_word' id='word_1_3' title='bbox 1088 149 1404 189; x_wconf 88' lang='lat' dir='ltr'><strong>LIBERIII.</strong></span> <span class='ocrx_word' id='word_1_4' title='bbox 1611 168 1688 207; x_wconf 70' lang='lat'>335</span> 
     </span>
    </p>
   </div>
   <div class='ocr_carea' id='block_1_2' title="bbox 273 251 1691 2501">
    <p class='ocr_par' dir='ltr' id='par_1_2' title="bbox 278 251 1689 571">
     <span class='ocr_line' id='line_1_2' title="bbox 278 251 1688 306; baseline 0 -14"><span class='ocrx_word' id='word_1_5' title='bbox 278 252 552 306; x_wconf 71' lang='lat' dir='ltr'>circumspice,</span> <span class='ocrx_word' id='word_1_6' title='bbox 583 252 610 290; x_wconf 89' lang='lat' dir='ltr'>fi</span> <span class='ocrx_word' id='word_1_7' title='bbox 630 252 716 305; x_wconf 85' lang='lat' dir='ltr'>quis</span> <span class='ocrx_word' id='word_1_8' title='bbox 747 251 846 290; x_wconf 85' lang='lat' dir='ltr'>forte</span> <span class='ocrx_word' id='word_1_9' title='bbox 866 265 914 290; x_wconf 83' lang='lat' dir='ltr'>ex</span> <span class='ocrx_word' id='word_1_10' title='bbox 942 265 986 290; x_wconf 91' lang='lat' dir='ltr'>ea</span> <span class='ocrx_word' id='word_1_11' title='bbox 1004 251 1214 305; x_wconf 85' lang='lat' dir='ltr'>provincia,</span> <span class='ocrx_word' id='word_1_12' title='bbox 1246 252 1286 290; x_wconf 92' lang='lat' dir='ltr'>in</span> <span class='ocrx_word' id='word_1_13' title='bbox 1307 265 1383 305; x_wconf 85' lang='lat' dir='ltr'>qua</span> <span class='ocrx_word' id='word_1_14' title='bbox 1402 261 1444 291; x_wconf 87' lang='lat' dir='ltr'>tu</span> <span class='ocrx_word' id='word_1_15' title='bbox 1477 253 1688 292; x_wconf 81' lang='lat' dir='ltr'>triennium</span> 
     </span>
     <span class='ocr_line' id='line_1_3' title="bbox 285 318 1688 372; baseline 0.001 -14"><span class='ocrx_word' id='word_1_16' title='bbox 285 318 481 372; x_wconf 81' lang='lat' dir='ltr'>praefuisti,</span> <span class='ocrx_word' id='word_1_17' title='bbox 512 319 580 371; x_wconf 89' lang='lat' dir='ltr'>qui</span> <span class='ocrx_word' id='word_1_18' title='bbox 601 328 638 357; x_wconf 86' lang='lat' dir='ltr'>te</span> <span class='ocrx_word' id='word_1_19' title='bbox 669 319 767 357; x_wconf 91' lang='lat' dir='ltr'>nolit</span> <span class='ocrx_word' id='word_1_20' title='bbox 788 318 920 371; x_wconf 85' lang='lat' dir='ltr'>periffe</span> <span class='ocrx_word' id='word_1_21' title='bbox 939 333 948 356; x_wconf 91' lang='lat'>:</span> <span class='ocrx_word' id='word_1_22' title='bbox 982 332 1120 363; x_wconf 88' lang='lat' dir='ltr'>unum,</span> <span class='ocrx_word' id='word_1_23' title='bbox 1153 318 1329 371; x_wconf 89' lang='lat' dir='ltr'>inquam,</span> <span class='ocrx_word' id='word_1_24' title='bbox 1352 318 1398 357; x_wconf 86' lang='lat' dir='ltr'>da</span> <span class='ocrx_word' id='word_1_25' title='bbox 1423 318 1524 357; x_wconf 79' lang='lat' dir='ltr'>mihi</span> <span class='ocrx_word' id='word_1_26' title='bbox 1545 334 1592 358; x_wconf 85' lang='lat' dir='ltr'>ex</span> <span class='ocrx_word' id='word_1_27' title='bbox 1612 321 1688 360; x_wconf 73' lang='lat' dir='ltr'>illis</span> 
     </span>
     <span class='ocr_line' id='line_1_4' title="bbox 284 384 1689 439; baseline 0.001 -17"><span class='ocrx_word' id='word_1_28' title='bbox 284 385 508 430; x_wconf 81' lang='lat' dir='ltr'>aratoribus,</span> <span class='ocrx_word' id='word_1_29' title='bbox 545 386 612 438; x_wconf 89' lang='lat' dir='ltr'>qui</span> <span class='ocrx_word' id='word_1_30' title='bbox 634 385 705 423; x_wconf 92' lang='lat' dir='ltr'>tibi</span> <span class='ocrx_word' id='word_1_31' title='bbox 726 385 785 423; x_wconf 89' lang='lat' dir='ltr'>vel</span> <span class='ocrx_word' id='word_1_32' title='bbox 819 385 864 423; x_wconf 90' lang='lat' dir='ltr'>ad</span> <span class='ocrx_word' id='word_1_33' title='bbox 898 384 1058 422; x_wconf 82' lang='lat' dir='ltr'>statuam</span> <span class='ocrx_word' id='word_1_34' title='bbox 1090 385 1296 438; x_wconf 85' lang='lat' dir='ltr'>pecuniam</span> <span class='ocrx_word' id='word_1_35' title='bbox 1328 385 1590 431; x_wconf 84' lang='lat' dir='ltr'>contulerunt,</span> <span class='ocrx_word' id='word_1_36' title='bbox 1622 389 1689 439; x_wconf 84' lang='lat' dir='ltr'>qui.</span> 
     </span>
     <span class='ocr_line' id='line_1_5' title="bbox 284 450 1687 504; baseline 0.001 -16"><span class='ocrx_word' id='word_1_37' title='bbox 284 451 354 489; x_wconf 82' lang='lat' dir='ltr'>fibi</span> <span class='ocrx_word' id='word_1_38' title='bbox 387 451 489 490; x_wconf 88' lang='lat' dir='ltr'>dicat</span> <span class='ocrx_word' id='word_1_39' title='bbox 523 465 592 504; x_wconf 90' lang='lat' dir='ltr'>pro</span> <span class='ocrx_word' id='word_1_40' title='bbox 614 450 813 490; x_wconf 88' lang='lat' dir='ltr'>frumento</span> <span class='ocrx_word' id='word_1_41' title='bbox 839 465 956 490; x_wconf 85' lang='lat' dir='ltr'>omne</span> <span class='ocrx_word' id='word_1_42' title='bbox 990 451 1073 496; x_wconf 85' lang='lat' dir='ltr'>effe,</span> <span class='ocrx_word' id='word_1_43' title='bbox 1105 452 1210 503; x_wconf 89' lang='lat' dir='ltr'>quod</span> <span class='ocrx_word' id='word_1_44' title='bbox 1241 451 1469 504; x_wconf 79' lang='lat' dir='ltr'>oportuerit,</span> <span class='ocrx_word' id='word_1_45' title='bbox 1502 451 1687 492; x_wconf 64' lang='lat' dir='ltr'>solutum,.</span> 
     </span>
     <span class='ocr_line' id='line_1_6' title="bbox 285 518 1243 571; baseline 0 -14"><span class='ocrx_word' id='word_1_46' title='bbox 285 519 502 565; x_wconf 90' lang='lat' dir='ltr'>Confirmo,</span> <span class='ocrx_word' id='word_1_47' title='bbox 525 519 697 571; x_wconf 81' lang='lat' dir='ltr'>Judices,</span> <span class='ocrx_word' id='word_1_48' title='bbox 721 519 919 558; x_wconf 87' lang='lat' dir='ltr'>neminem</span> <span class='ocrx_word' id='word_1_49' title='bbox 940 518 1012 557; x_wconf 84' lang='lat' dir='ltr'>esse</span> <span class='ocrx_word' id='word_1_50' title='bbox 1033 519 1243 558; x_wconf 62' lang='lat' dir='ltr'>dicturum.</span> 
     </span>
    </p>

    <p class='ocr_par' dir='ltr' id='par_1_3' title="bbox 277 585 1691 1505">
     <span class='ocr_line' id='line_1_7' title="bbox 338 585 1690 639; baseline 0.001 -15"><span class='ocrx_word' id='word_1_51' title='bbox 338 586 570 624; x_wconf 88' lang='lat' dir='ltr'>LXXVIII.</span> <span class='ocrx_word' id='word_1_52' title='bbox 603 586 665 624; x_wconf 85' lang='lat' dir='ltr'>Ex</span> <span class='ocrx_word' id='word_1_53' title='bbox 695 586 805 624; x_wconf 87' lang='lat' dir='ltr'>omni</span> <span class='ocrx_word' id='word_1_54' title='bbox 825 586 1003 639; x_wconf 88' lang='lat' dir='ltr'>pecunia,</span> <span class='ocrx_word' id='word_1_55' title='bbox 1036 599 1153 637; x_wconf 90' lang='lat' dir='ltr'>quam</span> <span class='ocrx_word' id='word_1_56' title='bbox 1175 586 1384 624; x_wconf 82' lang='lat' dir='ltr'>aratoribus</span> <span class='ocrx_word' id='word_1_57' title='bbox 1406 585 1545 624; x_wconf 82' lang='lat' dir='ltr'>solvere</span> <span class='ocrx_word' id='word_1_58' title='bbox 1565 587 1690 626; x_wconf 88' lang='lat' dir='ltr'>debu-</span> 
     </span>
     <span class='ocr_line' id='line_1_8' title="bbox 283 652 1691 708; baseline 0.002 -18"><span class='ocrx_word' id='word_1_59' title='bbox 283 652 357 697; x_wconf 80' lang='lat' dir='ltr'>isti,</span> <span class='ocrx_word' id='word_1_60' title='bbox 389 653 502 691; x_wconf 85' lang='lat' dir='ltr'>certis</span> <span class='ocrx_word' id='word_1_61' title='bbox 531 653 754 691; x_wconf 84' lang='lat' dir='ltr'>nominibus</span> <span class='ocrx_word' id='word_1_62' title='bbox 786 652 1146 703; x_wconf 18' lang='lat' dir='ltr'>deductionesvfieri</span> <span class='ocrx_word' id='word_1_63' title='bbox 1180 652 1379 698; x_wconf 71' lang='lat' dir='ltr'>solebant,</span> <span class='ocrx_word' id='word_1_64' title='bbox 1411 653 1585 706; x_wconf 89' lang='lat' dir='ltr'>primum</span> <span class='ocrx_word' id='word_1_65' title='bbox 1620 669 1691 708; x_wconf 89' lang='lat' dir='ltr'>pro</span> 
     </span>
     <span class='ocr_line' id='line_1_9' title="bbox 282 718 1687 772; baseline 0.002 -15"><span class='ocrx_word' id='word_1_66' title='bbox 282 718 528 772; x_wconf 64' lang='lat' dir='ltr'>spectatione,</span> <span class='ocrx_word' id='word_1_67' title='bbox 550 729 588 758; x_wconf 91' lang='lat' dir='ltr'>et</span> <span class='ocrx_word' id='word_1_68' title='bbox 608 719 764 771; x_wconf 90' lang='lat' dir='ltr'>collybo</span> <span class='ocrx_word' id='word_1_69' title='bbox 777 738 788 764; x_wconf 85' lang='lat'>;</span> <span class='ocrx_word' id='word_1_70' title='bbox 812 719 950 757; x_wconf 86' lang='lat' dir='ltr'>deinde</span> <span class='ocrx_word' id='word_1_71' title='bbox 971 733 1040 772; x_wconf 90' lang='lat' dir='ltr'>pro</span> <span class='ocrx_word' id='word_1_72' title='bbox 1061 719 1186 757; x_wconf 86' lang='lat' dir='ltr'>nescio</span> <span class='ocrx_word' id='word_1_73' title='bbox 1203 734 1280 772; x_wconf 90' lang='lat' dir='ltr'>quo</span> <span class='ocrx_word' id='word_1_74' title='bbox 1301 721 1455 759; x_wconf 84' lang='lat' dir='ltr'>cesario.</span> <span class='ocrx_word' id='word_1_75' title='bbox 1479 721 1576 759; x_wconf 82' lang='lat' dir='ltr'>Haec</span> <span class='ocrx_word' id='word_1_76' title='bbox 1597 736 1687 760; x_wconf 89' lang='lat' dir='ltr'>om-</span> 
     </span>
     <span class='ocr_line' id='line_1_10' title="bbox 281 786 1688 841; baseline 0.002 -17"><span class='ocrx_word' id='word_1_77' title='bbox 281 786 357 831; x_wconf 88' lang='lat' dir='ltr'>nia,</span> <span class='ocrx_word' id='word_1_78' title='bbox 379 786 551 838; x_wconf 87' lang='lat' dir='ltr'>Judices,</span> <span class='ocrx_word' id='word_1_79' title='bbox 573 800 651 825; x_wconf 90' lang='lat' dir='ltr'>non</span> <span class='ocrx_word' id='word_1_80' title='bbox 671 800 802 825; x_wconf 90' lang='lat' dir='ltr'>rerum</span> <span class='ocrx_word' id='word_1_81' title='bbox 822 795 1027 832; x_wconf 86' lang='lat' dir='ltr'>certarum,</span> <span class='ocrx_word' id='word_1_82' title='bbox 1061 786 1123 825; x_wconf 90' lang='lat' dir='ltr'>sed</span> <span class='ocrx_word' id='word_1_83' title='bbox 1156 786 1352 825; x_wconf 90' lang='lat' dir='ltr'>furtorum</span> <span class='ocrx_word' id='word_1_84' title='bbox 1380 788 1688 841; x_wconf 86' lang='lat' dir='ltr'>improbiffimo-</span> 
     </span>
     <span class='ocr_line' id='line_1_11' title="bbox 281 852 1690 908; baseline 0.003 -17"><span class='ocrx_word' id='word_1_85' title='bbox 281 866 383 898; x_wconf 89' lang='lat' dir='ltr'>rum,</span> <span class='ocrx_word' id='word_1_86' title='bbox 405 852 493 891; x_wconf 91' lang='lat' dir='ltr'>sunt</span> <span class='ocrx_word' id='word_1_87' title='bbox 512 853 712 892; x_wconf 87' lang='lat' dir='ltr'>vocabula.</span> <span class='ocrx_word' id='word_1_88' title='bbox 745 853 852 892; x_wconf 90' lang='lat' dir='ltr'>Nam</span> <span class='ocrx_word' id='word_1_89' title='bbox 873 853 1049 906; x_wconf 90' lang='lat' dir='ltr'>collybus</span> <span class='ocrx_word' id='word_1_90' title='bbox 1071 852 1143 891; x_wconf 82' lang='lat' dir='ltr'>effe</span> <span class='ocrx_word' id='word_1_91' title='bbox 1162 854 1231 907; x_wconf 89' lang='lat' dir='ltr'>qui</span> <span class='ocrx_word' id='word_1_92' title='bbox 1251 854 1387 908; x_wconf 90' lang='lat' dir='ltr'>potest,</span> <span class='ocrx_word' id='word_1_93' title='bbox 1409 868 1501 893; x_wconf 91' lang='lat' dir='ltr'>cum</span> <span class='ocrx_word' id='word_1_94' title='bbox 1532 864 1690 895; x_wconf 88' lang='lat' dir='ltr'>utantur</span> 
     </span>
     <span class='ocr_line' id='line_1_12' title="bbox 281 910 1688 974; baseline 0.003 -17"><span class='ocrx_word' id='word_1_95' title='bbox 281 910 512 958; x_wconf 73' lang='lat' dir='ltr'>omnesuno</span> <span class='ocrx_word' id='word_1_96' title='bbox 532 934 670 973; x_wconf 85' lang='lat' dir='ltr'>genere</span> <span class='ocrx_word' id='word_1_97' title='bbox 689 934 944 959; x_wconf 89' lang='lat' dir='ltr'>nummorum</span> <span class='ocrx_word' id='word_1_98' title='bbox 964 921 977 958; x_wconf 88' lang='lat'>?</span> <span class='ocrx_word' id='word_1_99' title='bbox 1008 921 1211 959; x_wconf 78' lang='lat' dir='ltr'>Cerasium</span> <span class='ocrx_word' id='word_1_100' title='bbox 1232 935 1320 959; x_wconf 89' lang='lat' dir='ltr'>vero</span> <span class='ocrx_word' id='word_1_101' title='bbox 1341 921 1434 974; x_wconf 87' lang='lat' dir='ltr'>quid</span> <span class='ocrx_word' id='word_1_102' title='bbox 1453 922 1466 958; x_wconf 92' lang='lat'>?</span> <span class='ocrx_word' id='word_1_103' title='bbox 1488 923 1688 974; x_wconf 89' lang='lat' dir='ltr'>quomodo</span> 
     </span>
     <span class='ocr_line' id='line_1_13' title="bbox 282 984 1687 1042; baseline 0.003 -19"><span class='ocrx_word' id='word_1_104' title='bbox 282 984 358 1024; x_wconf 93' lang='lat' dir='ltr'>hoc</span> <span class='ocrx_word' id='word_1_105' title='bbox 378 999 521 1024; x_wconf 88' lang='lat' dir='ltr'>nomen</span> <span class='ocrx_word' id='word_1_106' title='bbox 541 987 587 1024; x_wconf 90' lang='lat' dir='ltr'>ad</span> <span class='ocrx_word' id='word_1_107' title='bbox 608 987 770 1025; x_wconf 86' lang='lat' dir='ltr'>rationes</span> <span class='ocrx_word' id='word_1_108' title='bbox 791 986 1046 1039; x_wconf 67' lang='lat' dir='ltr'>magistratus,</span> <span class='ocrx_word' id='word_1_109' title='bbox 1069 987 1268 1039; x_wconf 90' lang='lat' dir='ltr'>quomodo</span> <span class='ocrx_word' id='word_1_110' title='bbox 1288 988 1334 1026; x_wconf 91' lang='lat' dir='ltr'>ad</span> <span class='ocrx_word' id='word_1_111' title='bbox 1354 988 1560 1041; x_wconf 87' lang='lat' dir='ltr'>pecuniam</span> <span class='ocrx_word' id='word_1_112' title='bbox 1581 990 1687 1042; x_wconf 88' lang='lat' dir='ltr'>pub-</span> 
     </span>
     <span class='ocr_line' id='line_1_14' title="bbox 280 1050 1689 1106; baseline 0.004 -17"><span class='ocrx_word' id='word_1_113' title='bbox 280 1050 410 1096; x_wconf 88' lang='lat' dir='ltr'>licam,</span> <span class='ocrx_word' id='word_1_114' title='bbox 433 1052 594 1090; x_wconf 90' lang='lat' dir='ltr'>allatum</span> <span class='ocrx_word' id='word_1_115' title='bbox 613 1052 693 1090; x_wconf 89' lang='lat' dir='ltr'>est?</span> <span class='ocrx_word' id='word_1_116' title='bbox 725 1052 832 1090; x_wconf 89' lang='lat' dir='ltr'>Nam</span> <span class='ocrx_word' id='word_1_117' title='bbox 867 1052 965 1090; x_wconf 89' lang='lat' dir='ltr'>illud</span> <span class='ocrx_word' id='word_1_118' title='bbox 995 1067 1115 1106; x_wconf 85' lang='lat' dir='ltr'>genus</span> <span class='ocrx_word' id='word_1_119' title='bbox 1147 1053 1306 1092; x_wconf 85' lang='lat' dir='ltr'>tertium</span> <span class='ocrx_word' id='word_1_120' title='bbox 1338 1053 1578 1093; x_wconf 66' lang='lat' dir='ltr'>deductionis</span> <span class='ocrx_word' id='word_1_121' title='bbox 1608 1065 1689 1095; x_wconf 84' lang='lat' dir='ltr'>erat</span> 
     </span>
     <span class='ocr_line' id='line_1_15' title="bbox 280 1117 1686 1173; baseline 0.004 -18"><span class='ocrx_word' id='word_1_122' title='bbox 280 1117 482 1170; x_wconf 75' lang='lat' dir='ltr'>ejusmodi,</span> <span class='ocrx_word' id='word_1_123' title='bbox 519 1118 622 1171; x_wconf 79' lang='lat' dir='ltr'>quasi</span> <span class='ocrx_word' id='word_1_124' title='bbox 659 1132 737 1157; x_wconf 88' lang='lat' dir='ltr'>non</span> <span class='ocrx_word' id='word_1_125' title='bbox 771 1119 890 1157; x_wconf 90' lang='lat' dir='ltr'>modo</span> <span class='ocrx_word' id='word_1_126' title='bbox 923 1119 1068 1165; x_wconf 89' lang='lat' dir='ltr'>liceret,</span> <span class='ocrx_word' id='word_1_127' title='bbox 1115 1119 1176 1158; x_wconf 88' lang='lat' dir='ltr'>sed</span> <span class='ocrx_word' id='word_1_128' title='bbox 1208 1120 1324 1158; x_wconf 84' lang='lat' dir='ltr'>etiam</span> <span class='ocrx_word' id='word_1_129' title='bbox 1358 1129 1551 1173; x_wconf 89' lang='lat' dir='ltr'>oporteret</span> <span class='ocrx_word' id='word_1_130' title='bbox 1567 1139 1579 1166; x_wconf 81' lang='lat'>3</span> <span class='ocrx_word' id='word_1_131' title='bbox 1615 1136 1686 1161; x_wconf 88' lang='lat' dir='ltr'>nec</span> 
     </span>
     <span class='ocr_line' id='line_1_16' title="bbox 279 1184 1688 1239; baseline 0.004 -16"><span class='ocrx_word' id='word_1_132' title='bbox 279 1184 406 1223; x_wconf 86' lang='lat' dir='ltr'>solum</span> <span class='ocrx_word' id='word_1_133' title='bbox 426 1194 632 1239; x_wconf 87' lang='lat' dir='ltr'>oporteret,</span> <span class='ocrx_word' id='word_1_134' title='bbox 666 1186 728 1223; x_wconf 85' lang='lat' dir='ltr'>sed</span> <span class='ocrx_word' id='word_1_135' title='bbox 748 1187 861 1239; x_wconf 88' lang='lat' dir='ltr'>plane</span> <span class='ocrx_word' id='word_1_136' title='bbox 882 1186 1026 1224; x_wconf 84' lang='lat' dir='ltr'>neceffe</span> <span class='ocrx_word' id='word_1_137' title='bbox 1045 1186 1147 1225; x_wconf 85' lang='lat' dir='ltr'>effet.</span> <span class='ocrx_word' id='word_1_138' title='bbox 1181 1187 1320 1226; x_wconf 86' lang='lat' dir='ltr'>Scribae</span> <span class='ocrx_word' id='word_1_139' title='bbox 1351 1188 1510 1226; x_wconf 89' lang='lat' dir='ltr'>nomine</span> <span class='ocrx_word' id='word_1_140' title='bbox 1531 1188 1578 1226; x_wconf 91' lang='lat' dir='ltr'>de</span> <span class='ocrx_word' id='word_1_141' title='bbox 1606 1198 1688 1228; x_wconf 87' lang='lat' dir='ltr'>tota</span> 
     </span>
     <span class='ocr_line' id='line_1_17' title="bbox 278 1251 1684 1305; baseline 0.004 -16"><span class='ocrx_word' id='word_1_142' title='bbox 278 1252 441 1304; x_wconf 88' lang='lat' dir='ltr'>pecunia</span> <span class='ocrx_word' id='word_1_143' title='bbox 472 1251 571 1290; x_wconf 83' lang='lat' dir='ltr'>binae</span> <span class='ocrx_word' id='word_1_144' title='bbox 591 1252 916 1305; x_wconf 83' lang='lat' dir='ltr'>quinquagefimae</span> <span class='ocrx_word' id='word_1_145' title='bbox 936 1252 1245 1293; x_wconf 82' lang='lat' dir='ltr'>detrahebantur.</span> <span class='ocrx_word' id='word_1_146' title='bbox 1281 1253 1381 1304; x_wconf 84' lang='lat' dir='ltr'>Qis</span> <span class='ocrx_word' id='word_1_147' title='bbox 1404 1254 1475 1291; x_wconf 89' lang='lat' dir='ltr'>tibi</span> <span class='ocrx_word' id='word_1_148' title='bbox 1496 1252 1569 1292; x_wconf 91' lang='lat' dir='ltr'>hoc</span> <span class='ocrx_word' id='word_1_149' title='bbox 1587 1268 1684 1294; x_wconf 89' lang='lat' dir='ltr'>con-</span> 
     </span>
     <span class='ocr_line' id='line_1_18' title="bbox 278 1317 1686 1372; baseline 0.004 -17"><span class='ocrx_word' id='word_1_150' title='bbox 278 1317 412 1356; x_wconf 85' lang='lat' dir='ltr'>ceffit?</span> <span class='ocrx_word' id='word_1_151' title='bbox 444 1332 528 1370; x_wconf 82' lang='lat' dir='ltr'>quae</span> <span class='ocrx_word' id='word_1_152' title='bbox 549 1318 639 1356; x_wconf 82' lang='lat' dir='ltr'>lex?</span> <span class='ocrx_word' id='word_1_153' title='bbox 672 1333 756 1370; x_wconf 83' lang='lat' dir='ltr'>quae</span> <span class='ocrx_word' id='word_1_154' title='bbox 774 1318 920 1357; x_wconf 66' lang='lat' dir='ltr'>senatus</span> <span class='ocrx_word' id='word_1_155' title='bbox 941 1320 1142 1358; x_wconf 62' lang='lat' dir='ltr'>auctoritas</span> <span class='ocrx_word' id='word_1_156' title='bbox 1162 1319 1174 1355; x_wconf 85' lang='lat'>?</span> <span class='ocrx_word' id='word_1_157' title='bbox 1206 1333 1290 1372; x_wconf 87' lang='lat' dir='ltr'>quae</span> <span class='ocrx_word' id='word_1_158' title='bbox 1311 1333 1425 1372; x_wconf 91' lang='lat' dir='ltr'>porro</span> <span class='ocrx_word' id='word_1_159' title='bbox 1446 1320 1619 1372; x_wconf 81' lang='lat' dir='ltr'>aequitaS,</span> <span class='ocrx_word' id='word_1_160' title='bbox 1642 1330 1686 1361; x_wconf 88' lang='lat' dir='ltr'>ut</span> 
     </span>
     <span class='ocr_line' id='line_1_19' title="bbox 279 1385 1684 1438; baseline 0.003 -16"><span class='ocrx_word' id='word_1_161' title='bbox 279 1393 426 1423; x_wconf 86' lang='lat' dir='ltr'>tantam</span> <span class='ocrx_word' id='word_1_162' title='bbox 445 1385 652 1438; x_wconf 83' lang='lat' dir='ltr'>pecuniam</span> <span class='ocrx_word' id='word_1_163' title='bbox 673 1385 793 1423; x_wconf 88' lang='lat' dir='ltr'>scriba</span> <span class='ocrx_word' id='word_1_164' title='bbox 823 1395 912 1424; x_wconf 86' lang='lat' dir='ltr'>tuus</span> <span class='ocrx_word' id='word_1_165' title='bbox 944 1396 1141 1431; x_wconf 85' lang='lat' dir='ltr'>averreret,</span> <span class='ocrx_word' id='word_1_166' title='bbox 1164 1386 1237 1424; x_wconf 85' lang='lat' dir='ltr'>five</span> <span class='ocrx_word' id='word_1_167' title='bbox 1267 1386 1313 1424; x_wconf 90' lang='lat' dir='ltr'>de</span> <span class='ocrx_word' id='word_1_168' title='bbox 1344 1395 1535 1425; x_wconf 83' lang='lat' dir='ltr'>aratorum</span> <span class='ocrx_word' id='word_1_169' title='bbox 1556 1387 1684 1434; x_wconf 85' lang='lat' dir='ltr'>bonis,</span> 
     </span>
     <span class='ocr_line' id='line_1_20' title="bbox 277 1450 1064 1505; baseline 0.003 -17"><span class='ocrx_word' id='word_1_170' title='bbox 277 1450 350 1489; x_wconf 87' lang='lat' dir='ltr'>five</span> <span class='ocrx_word' id='word_1_171' title='bbox 370 1451 417 1489; x_wconf 90' lang='lat' dir='ltr'>de</span> <span class='ocrx_word' id='word_1_172' title='bbox 435 1451 574 1505; x_wconf 90' lang='lat' dir='ltr'>populi</span> <span class='ocrx_word' id='word_1_173' title='bbox 594 1451 764 1490; x_wconf 90' lang='lat' dir='ltr'>Romani</span> <span class='ocrx_word' id='word_1_174' title='bbox 784 1452 1032 1505; x_wconf 62' lang='lat' dir='ltr'>vectigalibus</span> <span class='ocrx_word' id='word_1_175' title='bbox 1051 1453 1064 1489; x_wconf 90' lang='lat'>?</span> 
     </span>
    </p>

    <p class='ocr_par' dir='ltr' id='par_1_4' title="bbox 273 1516 1682 2501">
     <span class='ocr_line' id='line_1_21' title="bbox 333 1516 1682 1573; baseline 0.002 -18"><span class='ocrx_word' id='word_1_176' title='bbox 333 1517 440 1556; x_wconf 88' lang='lat' dir='ltr'>Nam</span> <span class='ocrx_word' id='word_1_177' title='bbox 460 1518 486 1556; x_wconf 89' lang='lat' dir='ltr'>fi</span> <span class='ocrx_word' id='word_1_178' title='bbox 507 1516 629 1571; x_wconf 90' lang='lat' dir='ltr'>potest</span> <span class='ocrx_word' id='word_1_179' title='bbox 649 1517 717 1555; x_wconf 86' lang='lat' dir='ltr'>ista</span> <span class='ocrx_word' id='word_1_180' title='bbox 736 1518 898 1570; x_wconf 87' lang='lat' dir='ltr'>pecunia</span> <span class='ocrx_word' id='word_1_181' title='bbox 918 1518 994 1556; x_wconf 87' lang='lat' dir='ltr'>fine</span> <span class='ocrx_word' id='word_1_182' title='bbox 1014 1527 1205 1556; x_wconf 84' lang='lat' dir='ltr'>aratorum</span> <span class='ocrx_word' id='word_1_183' title='bbox 1235 1518 1375 1570; x_wconf 86' lang='lat' dir='ltr'>injuria</span> <span class='ocrx_word' id='word_1_184' title='bbox 1400 1518 1548 1557; x_wconf 81' lang='lat' dir='ltr'>detrahi</span> <span class='ocrx_word' id='word_1_185' title='bbox 1563 1538 1575 1564; x_wconf 80' lang='lat'>3</span> <span class='ocrx_word' id='word_1_186' title='bbox 1609 1534 1682 1573; x_wconf 88' lang='lat' dir='ltr'>po-</span> 
     </span>
     <span class='ocr_line' id='line_1_22' title="bbox 278 1582 1682 1638; baseline 0.002 -17"><span class='ocrx_word' id='word_1_187' title='bbox 278 1583 392 1635; x_wconf 85' lang='lat' dir='ltr'>pulus</span> <span class='ocrx_word' id='word_1_188' title='bbox 412 1583 613 1622; x_wconf 88' lang='lat' dir='ltr'>Romanus</span> <span class='ocrx_word' id='word_1_189' title='bbox 634 1582 786 1629; x_wconf 88' lang='lat' dir='ltr'>habeat,</span> <span class='ocrx_word' id='word_1_190' title='bbox 817 1584 1024 1637; x_wconf 63' lang='lat' dir='ltr'>praesertim</span> <span class='ocrx_word' id='word_1_191' title='bbox 1045 1585 1085 1622; x_wconf 88' lang='lat' dir='ltr'>in</span> <span class='ocrx_word' id='word_1_192' title='bbox 1108 1585 1222 1622; x_wconf 86' lang='lat' dir='ltr'>tantis</span> <span class='ocrx_word' id='word_1_193' title='bbox 1249 1585 1366 1622; x_wconf 84' lang='lat' dir='ltr'>aerarii</span> <span class='ocrx_word' id='word_1_194' title='bbox 1387 1585 1568 1638; x_wconf 87' lang='lat' dir='ltr'>angustiis</span> <span class='ocrx_word' id='word_1_195' title='bbox 1586 1601 1595 1624; x_wconf 91' lang='lat'><strong>:</strong></span> <span class='ocrx_word' id='word_1_196' title='bbox 1627 1587 1682 1625; x_wconf 88' lang='lat' dir='ltr'>fin</span> 
     </span>
     <span class='ocr_line' id='line_1_23' title="bbox 275 1650 1680 1703; baseline 0.002 -16"><span class='ocrx_word' id='word_1_197' title='bbox 275 1659 404 1688; x_wconf 87' lang='lat' dir='ltr'>autern</span> <span class='ocrx_word' id='word_1_198' title='bbox 434 1660 471 1688; x_wconf 91' lang='lat' dir='ltr'>et</span> <span class='ocrx_word' id='word_1_199' title='bbox 497 1651 664 1703; x_wconf 87' lang='lat' dir='ltr'>populus</span> <span class='ocrx_word' id='word_1_200' title='bbox 696 1651 735 1688; x_wconf 89' lang='lat' dir='ltr'>id</span> <span class='ocrx_word' id='word_1_201' title='bbox 770 1650 907 1696; x_wconf 89' lang='lat' dir='ltr'>voluit,</span> <span class='ocrx_word' id='word_1_202' title='bbox 953 1660 991 1688; x_wconf 91' lang='lat' dir='ltr'>et</span> <span class='ocrx_word' id='word_1_203' title='bbox 1024 1665 1179 1703; x_wconf 89' lang='lat' dir='ltr'>aequum</span> <span class='ocrx_word' id='word_1_204' title='bbox 1213 1651 1266 1689; x_wconf 83' lang='lat' dir='ltr'>ita</span> <span class='ocrx_word' id='word_1_205' title='bbox 1298 1651 1364 1696; x_wconf 91' lang='lat' dir='ltr'>est,</span> <span class='ocrx_word' id='word_1_206' title='bbox 1395 1652 1488 1689; x_wconf 93' lang='lat' dir='ltr'>solvi</span> <span class='ocrx_word' id='word_1_207' title='bbox 1521 1654 1680 1691; x_wconf 84' lang='lat' dir='ltr'>aratori-</span> 
     </span>
     <span class='ocr_line' id='line_1_24' title="bbox 278 1716 1679 1771; baseline 0.002 -17"><span class='ocrx_word' id='word_1_208' title='bbox 278 1716 374 1762; x_wconf 80' lang='lat' dir='ltr'>bus3</span> <span class='ocrx_word' id='word_1_209' title='bbox 407 1727 497 1755; x_wconf 88' lang='lat' dir='ltr'>tuus</span> <span class='ocrx_word' id='word_1_210' title='bbox 519 1718 722 1770; x_wconf 84' lang='lat' dir='ltr'>apparitor,</span> <span class='ocrx_word' id='word_1_211' title='bbox 755 1731 868 1770; x_wconf 85' lang='lat' dir='ltr'>parva</span> <span class='ocrx_word' id='word_1_212' title='bbox 888 1717 1062 1755; x_wconf 84' lang='lat' dir='ltr'>mercede</span> <span class='ocrx_word' id='word_1_213' title='bbox 1083 1717 1218 1771; x_wconf 90' lang='lat' dir='ltr'>populi</span> <span class='ocrx_word' id='word_1_214' title='bbox 1239 1717 1466 1762; x_wconf 66' lang='lat' dir='ltr'>conductus,</span> <span class='ocrx_word' id='word_1_215' title='bbox 1488 1718 1535 1756; x_wconf 91' lang='lat' dir='ltr'>de</span> <span class='ocrx_word' id='word_1_216' title='bbox 1556 1728 1679 1758; x_wconf 90' lang='lat' dir='ltr'>arato-</span> 
     </span>
     <span class='ocr_line' id='line_1_25' title="bbox 276 1783 1681 1837; baseline 0.001 -16"><span class='ocrx_word' id='word_1_217' title='bbox 276 1797 364 1821; x_wconf 91' lang='lat' dir='ltr'>rum</span> <span class='ocrx_word' id='word_1_218' title='bbox 384 1783 496 1822; x_wconf 85' lang='lat' dir='ltr'>bonis</span> <span class='ocrx_word' id='word_1_219' title='bbox 528 1784 786 1837; x_wconf 78' lang='lat' dir='ltr'>praedabitur?</span> <span class='ocrx_word' id='word_1_220' title='bbox 818 1794 856 1822; x_wconf 91' lang='lat' dir='ltr'>et</span> <span class='ocrx_word' id='word_1_221' title='bbox 886 1785 927 1822; x_wconf 90' lang='lat' dir='ltr'>in</span> <span class='ocrx_word' id='word_1_222' title='bbox 961 1783 1032 1822; x_wconf 91' lang='lat' dir='ltr'>hac</span> <span class='ocrx_word' id='word_1_223' title='bbox 1063 1784 1171 1822; x_wconf 90' lang='lat' dir='ltr'>causa</span> <span class='ocrx_word' id='word_1_224' title='bbox 1204 1784 1413 1822; x_wconf 81' lang='lat' dir='ltr'>scribarum</span> <span class='ocrx_word' id='word_1_225' title='bbox 1434 1784 1609 1823; x_wconf 87' lang='lat' dir='ltr'>ordinem</span> <span class='ocrx_word' id='word_1_226' title='bbox 1639 1787 1681 1824; x_wconf 87' lang='lat' dir='ltr'>in</span> 
     </span>
     <span class='ocr_line' id='line_1_26' title="bbox 275 1850 1680 1898; baseline 0.001 -10"><span class='ocrx_word' id='word_1_227' title='bbox 275 1863 338 1888; x_wconf 90' lang='lat' dir='ltr'>me</span> <span class='ocrx_word' id='word_1_228' title='bbox 367 1851 581 1889; x_wconf 88' lang='lat' dir='ltr'>concitabit</span> <span class='ocrx_word' id='word_1_229' title='bbox 600 1851 828 1889; x_wconf 83' lang='lat' dir='ltr'>Hortenfius</span> <span class='ocrx_word' id='word_1_230' title='bbox 845 1852 858 1888; x_wconf 86' lang='lat'>?</span> <span class='ocrx_word' id='word_1_231' title='bbox 889 1860 927 1889; x_wconf 90' lang='lat' dir='ltr'>et</span> <span class='ocrx_word' id='word_1_232' title='bbox 947 1863 1082 1889; x_wconf 89' lang='lat' dir='ltr'>eorum</span> <span class='ocrx_word' id='word_1_233' title='bbox 1103 1850 1309 1889; x_wconf 87' lang='lat' dir='ltr'>commoda</span> <span class='ocrx_word' id='word_1_234' title='bbox 1327 1865 1347 1888; x_wconf 86' lang='lat' dir='ltr'>a</span> <span class='ocrx_word' id='word_1_235' title='bbox 1367 1864 1429 1888; x_wconf 89' lang='lat' dir='ltr'>me</span> <span class='ocrx_word' id='word_1_236' title='bbox 1448 1851 1680 1898; x_wconf 69' lang='lat' dir='ltr'>labefactari,</span> 
     </span>
     <span class='ocr_line' id='line_1_27' title="bbox 273 1916 1675 1972; baseline 0.001 -17"><span class='ocrx_word' id='word_1_237' title='bbox 273 1926 389 1970; x_wconf 90' lang='lat' dir='ltr'>atque</span> <span class='ocrx_word' id='word_1_238' title='bbox 421 1918 637 1972; x_wconf 89' lang='lat' dir='ltr'>oppugnari</span> <span class='ocrx_word' id='word_1_239' title='bbox 658 1918 799 1970; x_wconf 66' lang='lat' dir='ltr'>injuria</span> <span class='ocrx_word' id='word_1_240' title='bbox 819 1917 949 1956; x_wconf 85' lang='lat' dir='ltr'>dicet?</span> <span class='ocrx_word' id='word_1_241' title='bbox 981 1918 1083 1970; x_wconf 85' lang='lat' dir='ltr'>quafi</span> <span class='ocrx_word' id='word_1_242' title='bbox 1115 1931 1203 1955; x_wconf 92' lang='lat' dir='ltr'>vero</span> <span class='ocrx_word' id='word_1_243' title='bbox 1234 1916 1309 1955; x_wconf 87' lang='lat' dir='ltr'>hoc</span> <span class='ocrx_word' id='word_1_244' title='bbox 1344 1917 1474 1956; x_wconf 88' lang='lat' dir='ltr'>scribis</span> <span class='ocrx_word' id='word_1_245' title='bbox 1506 1918 1586 1957; x_wconf 89' lang='lat' dir='ltr'>ullo</span> <span class='ocrx_word' id='word_1_246' title='bbox 1605 1933 1675 1957; x_wconf 82' lang='lat' dir='ltr'>ex-</span> 
     </span>
     <span class='ocr_line' id='line_1_28' title="bbox 274 1983 1677 2037; baseline 0.002 -16"><span class='ocrx_word' id='word_1_247' title='bbox 274 1984 406 2036; x_wconf 90' lang='lat' dir='ltr'>emplo</span> <span class='ocrx_word' id='word_1_248' title='bbox 427 1984 485 2028; x_wconf 89' lang='lat' dir='ltr'>fit,</span> <span class='ocrx_word' id='word_1_249' title='bbox 516 1994 581 2022; x_wconf 88' lang='lat' dir='ltr'>aut</span> <span class='ocrx_word' id='word_1_250' title='bbox 603 1984 683 2022; x_wconf 91' lang='lat' dir='ltr'>ullo</span> <span class='ocrx_word' id='word_1_251' title='bbox 710 1986 797 2037; x_wconf 89' lang='lat' dir='ltr'>jure</span> <span class='ocrx_word' id='word_1_252' title='bbox 818 1983 1048 2023; x_wconf 82' lang='lat' dir='ltr'>concessum.</span> <span class='ocrx_word' id='word_1_253' title='bbox 1093 1984 1200 2036; x_wconf 82' lang='lat' dir='ltr'>Qid</span> <span class='ocrx_word' id='word_1_254' title='bbox 1221 1998 1312 2036; x_wconf 79' lang='lat' dir='ltr'>ergo</span> <span class='ocrx_word' id='word_1_255' title='bbox 1332 1994 1456 2022; x_wconf 87' lang='lat' dir='ltr'>vetera</span> <span class='ocrx_word' id='word_1_256' title='bbox 1475 1994 1645 2037; x_wconf 83' lang='lat' dir='ltr'>repetam</span> <span class='ocrx_word' id='word_1_257' title='bbox 1663 1987 1677 2023; x_wconf 88' lang='lat'>?</span> 
     </span>
     <span class='ocr_line' id='line_1_29' title="bbox 274 2050 1677 2103; baseline 0.002 -16"><span class='ocrx_word' id='word_1_258' title='bbox 274 2059 339 2087; x_wconf 91' lang='lat' dir='ltr'>aut</span> <span class='ocrx_word' id='word_1_259' title='bbox 358 2050 453 2102; x_wconf 90' lang='lat' dir='ltr'>quid</span> <span class='ocrx_word' id='word_1_260' title='bbox 468 2064 603 2088; x_wconf 89' lang='lat' dir='ltr'>eorum</span> <span class='ocrx_word' id='word_1_261' title='bbox 625 2050 833 2089; x_wconf 84' lang='lat' dir='ltr'>scribarum</span> <span class='ocrx_word' id='word_1_262' title='bbox 853 2052 1095 2090; x_wconf 86' lang='lat' dir='ltr'>mentionem</span> <span class='ocrx_word' id='word_1_263' title='bbox 1114 2051 1268 2095; x_wconf 78' lang='lat' dir='ltr'>faciam,</span> <span class='ocrx_word' id='word_1_264' title='bbox 1288 2065 1383 2103; x_wconf 86' lang='lat' dir='ltr'>quos</span> <span class='ocrx_word' id='word_1_265' title='bbox 1404 2052 1550 2089; x_wconf 87' lang='lat' dir='ltr'>constat</span> <span class='ocrx_word' id='word_1_266' title='bbox 1570 2052 1677 2090; x_wconf 86' lang='lat' dir='ltr'>sanc-</span> 
     </span>
     <span class='ocr_line' id='line_1_30' title="bbox 273 2115 1677 2171; baseline 0.001 -17"><span class='ocrx_word' id='word_1_267' title='bbox 273 2116 434 2154; x_wconf 85' lang='lat' dir='ltr'>tiffimos</span> <span class='ocrx_word' id='word_1_268' title='bbox 455 2115 648 2160; x_wconf 85' lang='lat' dir='ltr'>homines,</span> <span class='ocrx_word' id='word_1_269' title='bbox 685 2126 799 2169; x_wconf 84' lang='lat' dir='ltr'>atque</span> <span class='ocrx_word' id='word_1_270' title='bbox 819 2117 1149 2155; x_wconf 80' lang='lat' dir='ltr'>innocentissimos</span> <span class='ocrx_word' id='word_1_271' title='bbox 1169 2116 1279 2154; x_wconf 81' lang='lat' dir='ltr'>fuiffe</span> <span class='ocrx_word' id='word_1_272' title='bbox 1298 2118 1310 2153; x_wconf 90' lang='lat'>?</span> <span class='ocrx_word' id='word_1_273' title='bbox 1343 2118 1437 2156; x_wconf 88' lang='lat' dir='ltr'>Non</span> <span class='ocrx_word' id='word_1_274' title='bbox 1464 2131 1528 2156; x_wconf 89' lang='lat' dir='ltr'>me</span> <span class='ocrx_word' id='word_1_275' title='bbox 1557 2117 1677 2171; x_wconf 84' lang='lat' dir='ltr'>fugit,</span> 
     </span>
     <span class='ocr_line' id='line_1_31' title="bbox 275 2182 1675 2236; baseline 0.001 -16"><span class='ocrx_word' id='word_1_276' title='bbox 275 2182 445 2234; x_wconf 86' lang='lat' dir='ltr'>Judices,</span> <span class='ocrx_word' id='word_1_277' title='bbox 467 2192 591 2221; x_wconf 90' lang='lat' dir='ltr'>vetera</span> <span class='ocrx_word' id='word_1_278' title='bbox 611 2183 789 2235; x_wconf 80' lang='lat' dir='ltr'>exempla</span> <span class='ocrx_word' id='word_1_279' title='bbox 809 2198 878 2236; x_wconf 90' lang='lat' dir='ltr'>pro</span> <span class='ocrx_word' id='word_1_280' title='bbox 899 2183 994 2222; x_wconf 52' lang='lat' dir='ltr'>fietis</span> <span class='ocrx_word' id='word_1_281' title='bbox 1016 2183 1156 2222; x_wconf 83' lang='lat' dir='ltr'>fabulis</span> <span class='ocrx_word' id='word_1_282' title='bbox 1178 2185 1260 2236; x_wconf 80' lang='lat' dir='ltr'>jam</span> <span class='ocrx_word' id='word_1_283' title='bbox 1290 2184 1426 2229; x_wconf 87' lang='lat' dir='ltr'>audiri,</span> <span class='ocrx_word' id='word_1_284' title='bbox 1458 2194 1572 2236; x_wconf 86' lang='lat' dir='ltr'>atque</span> <span class='ocrx_word' id='word_1_285' title='bbox 1604 2184 1675 2222; x_wconf 88' lang='lat' dir='ltr'>ha-</span> 
     </span>
     <span class='ocr_line' id='line_1_32' title="bbox 274 2249 1675 2304; baseline 0.001 -16"><span class='ocrx_word' id='word_1_286' title='bbox 274 2251 367 2288; x_wconf 88' lang='lat' dir='ltr'>beri.</span> <span class='ocrx_word' id='word_1_287' title='bbox 399 2251 445 2288; x_wconf 91' lang='lat' dir='ltr'>In</span> <span class='ocrx_word' id='word_1_288' title='bbox 481 2249 540 2288; x_wconf 89' lang='lat' dir='ltr'>his</span> <span class='ocrx_word' id='word_1_289' title='bbox 577 2251 816 2303; x_wconf 83' lang='lat' dir='ltr'>temporibus</span> <span class='ocrx_word' id='word_1_290' title='bbox 851 2251 1023 2289; x_wconf 80' lang='lat' dir='ltr'>versabor</span> <span class='ocrx_word' id='word_1_291' title='bbox 1040 2251 1189 2289; x_wconf 84' lang='lat' dir='ltr'>‘miseris</span> <span class='ocrx_word' id='word_1_292' title='bbox 1216 2265 1258 2289; x_wconf 87' lang='lat' dir='ltr'>ac</span> <span class='ocrx_word' id='word_1_293' title='bbox 1289 2252 1461 2304; x_wconf 81' lang='lat' dir='ltr'>perditis.</span> <span class='ocrx_word' id='word_1_294' title='bbox 1522 2251 1675 2302; x_wconf 87' lang='lat' dir='ltr'>Nuper,</span> 
     </span>
     <span class='ocr_line' id='line_1_33' title="bbox 276 2316 1674 2369; baseline -0.001 -15"><span class='ocrx_word' id='word_1_295' title='bbox 276 2317 472 2361; x_wconf 81' lang='lat' dir='ltr'>Hortenfi,</span> <span class='ocrx_word' id='word_1_296' title='bbox 491 2316 664 2369; x_wconf 83' lang='lat' dir='ltr'>Qaestor</span> <span class='ocrx_word' id='word_1_297' title='bbox 684 2316 803 2355; x_wconf 86' lang='lat' dir='ltr'>fuisti.</span> <span class='ocrx_word' id='word_1_298' title='bbox 827 2317 936 2368; x_wconf 85' lang='lat' dir='ltr'>Qid</span> <span class='ocrx_word' id='word_1_299' title='bbox 959 2318 1013 2355; x_wconf 92' lang='lat' dir='ltr'>tui</span> <span class='ocrx_word' id='word_1_300' title='bbox 1034 2318 1164 2355; x_wconf 78' lang='lat' dir='ltr'>scribae</span> <span class='ocrx_word' id='word_1_301' title='bbox 1185 2317 1358 2361; x_wconf 88' lang='lat' dir='ltr'>fecerint,</span> <span class='ocrx_word' id='word_1_302' title='bbox 1381 2327 1422 2354; x_wconf 89' lang='lat' dir='ltr'>tu</span> <span class='ocrx_word' id='word_1_303' title='bbox 1442 2325 1548 2368; x_wconf 88' lang='lat' dir='ltr'>potes</span> <span class='ocrx_word' id='word_1_304' title='bbox 1567 2317 1674 2354; x_wconf 83' lang='lat' dir='ltr'>dice-</span> 
     </span>
     <span class='ocr_line' id='line_1_34' title="bbox 274 2380 1674 2434; baseline 0.001 -16"><span class='ocrx_word' id='word_1_305' title='bbox 274 2395 336 2419; x_wconf 87' lang='lat' dir='ltr'>re:</span> <span class='ocrx_word' id='word_1_306' title='bbox 358 2395 430 2434; x_wconf 86' lang='lat' dir='ltr'>ego</span> <span class='ocrx_word' id='word_1_307' title='bbox 450 2382 495 2420; x_wconf 88' lang='lat' dir='ltr'>de</span> <span class='ocrx_word' id='word_1_308' title='bbox 517 2382 612 2420; x_wconf 77' lang='lat' dir='ltr'>meis</span> <span class='ocrx_word' id='word_1_309' title='bbox 631 2381 706 2421; x_wconf 83' lang='lat' dir='ltr'>boc</span> <span class='ocrx_word' id='word_1_310' title='bbox 730 2383 831 2428; x_wconf 86' lang='lat' dir='ltr'>dico,</span> <span class='ocrx_word' id='word_1_311' title='bbox 854 2397 946 2421; x_wconf 88' lang='lat' dir='ltr'>cum</span> <span class='ocrx_word' id='word_1_312' title='bbox 969 2384 1007 2420; x_wconf 89' lang='lat' dir='ltr'>in</span> <span class='ocrx_word' id='word_1_313' title='bbox 1029 2383 1161 2420; x_wconf 78' lang='lat' dir='ltr'>eadem</span> <span class='ocrx_word' id='word_1_314' title='bbox 1185 2383 1248 2419; x_wconf 85' lang='lat' dir='ltr'>ista</span> <span class='ocrx_word' id='word_1_315' title='bbox 1266 2382 1392 2419; x_wconf 78' lang='lat' dir='ltr'>Sicilia</span> <span class='ocrx_word' id='word_1_316' title='bbox 1410 2394 1477 2433; x_wconf 85' lang='lat' dir='ltr'>pro</span> <span class='ocrx_word' id='word_1_317' title='bbox 1497 2380 1674 2419; x_wconf 86' lang='lat' dir='ltr'>frumen-</span> 
     </span>
     <span class='ocr_line' id='line_1_35' title="bbox 273 2445 1672 2501; baseline 0.001 -17"><span class='ocrx_word' id='word_1_318' title='bbox 273 2457 312 2484; x_wconf 85' lang='lat' dir='ltr'>to</span> <span class='ocrx_word' id='word_1_319' title='bbox 332 2447 550 2486; x_wconf 77' lang='lat' dir='ltr'>civitatibus</span> <span class='ocrx_word' id='word_1_320' title='bbox 573 2450 777 2501; x_wconf 79' lang='lat' dir='ltr'>pecuniam</span> <span class='ocrx_word' id='word_1_321' title='bbox 809 2450 1008 2494; x_wconf 81' lang='lat' dir='ltr'>solverem,</span> <span class='ocrx_word' id='word_1_322' title='bbox 1032 2459 1067 2486; x_wconf 83' lang='lat' dir='ltr'>et</span> <span class='ocrx_word' id='word_1_323' title='bbox 1100 2461 1255 2486; x_wconf 75' lang='lat' dir='ltr'>mecum</span> <span class='ocrx_word' id='word_1_324' title='bbox 1279 2447 1373 2484; x_wconf 82' lang='lat' dir='ltr'>duos</span> <span class='ocrx_word' id='word_1_325' title='bbox 1404 2445 1672 2499; x_wconf 66' lang='lat' dir='ltr'>f1·ugzilifiimos</span> 
     </span>
    </p>
   </div>
  </div>
 </body>
</html>
