2201 2792
593 147 939 189 ACTIONIS
982 147 1034 185 ΙΙ.
1094 145 1305 184 LIBER
1336 146 1410 185 ΙΙΙ,

1621 159 1695 199 3¹3

291 254 422 293 inanes
444 264 566 306 agros,
588 250 829 304 provinciam
851 249 1044 294 miseram,
1080 247 1349 301 perditamque
1367 245 1527 284 offendi.
1560 244 1667 297 Qid
1685 244 1696 280 ?

292 321 333 359 id
353 321 493 374 ipsum,
525 318 630 372 quod
660 317 784 356 satum
817 316 884 362 est,
915 330 991 369 qua
1022 315 1165 354 ratione
1195 313 1414 367 quisquam,
1450 312 1518 364 qui
1550 311 1698 354 sereret,

292 387 471 426 inventus
493 386 576 424 est?
609 385 747 423 Recita
766 384 908 422 literas.
954 384 1168 421 LITERAE.
1200 381 1270 419 Ait
1301 379 1337 418 se
1363 377 1513 423 mififfe‚
1545 387 1583 415 et
1603 391 1698 429 prut-

293 452 439 491 sentem
469 450 719 496 confirmasse,
762 450 867 488 suam
902 447 1166 502 interposuiffe
1198 446 1479 485 au&0ritatem.
1525 444 1700 481 Tantum

293 519 399 570 quod
419 518 628 556 aratoribus
650 515 839 555 Metellus
860 515 1008 554 obfides
1029 528 1107 553 non
1128 513 1247 558 dedit,
1279 512 1315 551 se
1343 511 1450 550 nulla
1475 510 1515 548 in
1532 522 1570 547 re
1592 509 1702 545 Verri

294 584 460 622 fimilem
482 583 673 622 futurum.
706 585 761 620 At
781 581 876 634 quid
896 580 948 618 est
969 579 1137 625 tandem,
1159 579 1201 617 in
1221 592 1299 631 quo
1319 577 1354 616 se
1370 573 1550 615 laboraffe
1570 574 1700 612 dicat?

296 650 448 689 Recita.
482 652 532 690 Ut
551 657 730 693 aratores,
752 648 817 702 qui
831 647 962 701 reliqui
973 655 1093 692 erant,
1112 645 1410 700 quamplurimum
1415 645 1597 697 strerent.
1621 640 1703 692 Qi.

295 716 436 769 reliqui
454 717 467 753 ?
499 716 608 766 Qid
626 714 702 754 hoc
722 715 788 760 est,
810 714 973 768 reliqui?
1004 727 1084 766 quo
1106 726 1154 752 ex
1174 712 1276 750 bello
1295 713 1307 749 ?
1339 725 1416 764 qua
1434 723 1481 748 ex
1501 707 1671 747 vastitate
1690 707 1701 742 ?

296 797 474 836 quaenam
494 783 534 822 in
556 783 685 821 Sicilia
704 791 807 821 tanta
825 782 964 828 clades,
987 790 1052 820 aut
1067 781 1173 833 quod
1189 779 1339 818 bellum
1359 787 1440 816 tam
1458 777 1703 817 diuturnum,

297 859 377 888 tarn
398 849 680 895 calamitosum,
712 858 750 887 te
770 850 949 893 Praetore‚
980 847 1170 887 versatum
1197 845 1263 890 est,
1286 854 1328 884 ut
1349 845 1395 890 is,
1423 844 1491 896 qui
1513 843 1585 881 tibi
1617 841 1702 880 suc-

297 917 456 962 cefferit,
480 916 646 969 reliquos
667 925 828 954 aratores
849 914 1055 968 collegisse,
1073 923 1112 953 et
1131 912 1306 953 recreasse
1325 912 1496 951 videatur
1514 911 1526 947 ?

355 984 465 1022 LIV.
498 984 605 1022 Cum
626 982 735 1020 bellis
764 981 1128 1034 Carthaginensibus
1150 980 1280 1019 Sicilia
1298 988 1431 1017 vexata
1453 978 1519 1021 est,
1551 985 1588 1014 et
1608 974 1703 1028 post,

300 1050 425 1089 nostra
444 1059 676 1103 patrumque
697 1048 899 1093 memoria,
930 1061 1023 1086 curn
1045 1047 1103 1085 bis
1123 1047 1164 1085 in
1184 1060 1225 1084 ea
1245 1045 1442 1099 provincia
1461 1057 1611 1096 magnae
1640 1041 1706 1080 fu-

300 1117 513 1170 gitivorum
529 1116 648 1169 copiae
664 1115 813 1153 versatae
830 1115 930 1160 sunt,
948 1123 1078 1153 tamen
1094 1122 1287 1152 aratorum
1303 1112 1472 1151 interitio
1488 1110 1585 1150 faeta
1601 1109 1705 1147 nulla

301 1185 367 1223 est.
400 1186 525 1228 Tum,
555 1183 723 1221 semente
743 1181 951 1236 prohibita,
985 1192 1051 1220 aut
1076 1180 1190 1219 meffe
1220 1179 1364 1225 amissa,
1391 1178 1538 1217 fru&us
1559 1191 1706 1215 annuus

301 1250 484 1288 interibat
506 1264 515 1287 z
565 1257 695 1287 tamen
739 1248 950 1286 incolumis
992 1260 1176 1285 numerus
1216 1246 1396 1284 manebat
1428 1244 1678 1283 dominorum
1696 1272 1707 1287 ,

302 1326 416 1370 atque
445 1324 651 1355 aratorum.
685 1316 811 1360 Tum,
843 1315 912 1367 qui
947 1315 1011 1353 M.
1045 1313 1224 1358 Levinio,
1255 1321 1321 1351 aut
1354 1313 1400 1350 P.
1437 1310 1614 1364 Rupilio,
1644 1318 1709 1348 aut

269 1410 273 1412 -
302 1383 380 1422 Μ’.
403 1383 567 1436 Aquilio
599 1381 828 1421 Praetoribus
858 1382 899 1420 in
930 1395 1014 1420 eam
1035 1381 1276 1434 provinciam
1297 1377 1555 1422 successerant,
1586 1385 1710 1415 arato-

304 1458 403 1488 tores
426 1449 592 1502 reliquos
612 1462 690 1487 non
712 1448 962 1501 colligebant.
994 1449 1175 1486 Tantone
1200 1446 1286 1500 plus
1309 1446 1444 1484 Verres
1466 1457 1559 1482 curn
1580 1445 1710 1496 Apro-

305 1517 370 1554 nio
392 1516 599 1569 provinciae
621 1515 759 1553 Siciliae
778 1514 1008 1552 calamitatis
1030 1514 1268 1567 importavit,
1300 1525 1419 1564 quam
1450 1519 1516 1548 aut
1536 1509 1710 1548 Hasdru-

306 1583 368 1621 bal
400 1597 492 1622 cum
528 1583 740 1621 Poenorum
774 1581 944 1620 exercitu
960 1609 971 1625 ‚
1017 1589 1082 1618 aut
1116 1578 1290 1618 Athenio
1323 1592 1416 1617 cum
1455 1577 1713 1630 fugitivorum

307 1649 490 1687 maximis
512 1648 649 1701 copiis,
672 1656 715 1685 ut
736 1647 976 1700 temporibus
998 1646 1090 1690 illis,
1113 1646 1225 1683 simul
1247 1654 1360 1697 atque
1380 1643 1498 1682 hostis
1519 1643 1713 1695 superatus

306 1715 410 1760 esset,
431 1729 519 1768 ager
539 1723 703 1753 araretur
734 1715 876 1759 omnis,
907 1726 1031 1766 neque
1051 1712 1186 1750 aratori
1207 1713 1350 1750 Praetor
1377 1724 1445 1764 per
1470 1710 1596 1748 literas
1624 1709 1714 1762 sup-

307 1784 481 1837 plicaret,
504 1796 628 1835 neque
648 1795 737 1819 eum
761 1782 919 1835 praesens
941 1789 1076 1826 oraret,
1112 1788 1156 1818 ut
1176 1793 1294 1832 quam
1314 1778 1531 1832 plurimum
1552 1777 1714 1816 sereret:

306 1857 413 1892 nunc
433 1858 577 1893 autem,
596 1862 643 1886 ne
659 1847 742 1901 post
757 1848 908 1886 abitum
927 1848 1085 1900 quidem
1101 1845 1217 1898 hujus
1238 1843 1571 1898 importuniffimae
1588 1843 1716 1896 pestis,

309 1916 514 1969 quisquam
537 1915 776 1968 reperiretur,
807 1914 876 1967 qui
897 1914 961 1952 sua
980 1913 1179 1952 voluntate
1205 1921 1322 1949 araret
1341 1912 1353 1948 ?
1386 1910 1499 1963 pauci
1519 1909 1636 1948 effent
1658 1923 1718 1948 re-

309 1983 424 2035 liqui,
456 1983 525 2034 qui
546 1983 594 2020 L.
619 1981 776 2020 Metelli
798 1981 1021 2020 au&oritate
1053 1981 1093 2018 in
1113 1992 1237 2032 agros,
1259 1986 1373 2031 atque
1393 1977 1438 2015 ad
1460 1977 1572 2015 suum
1600 1977 1719 2015 larem

312 2048 541 2086 familiarem
563 2048 728 2086 redirent
743 2048 756 2085 ?

369 2115 444 2154 His
480 2124 518 2153 te
552 2114 686 2159 literis,
718 2113 840 2152 homo
871 2113 1126 2158 audaciffime,
1154 2121 1270 2165 atque
1304 2110 1572 2155 amentiffime,
1598 2111 1719 2161 jugu-

312 2181 435 2219 latum
471 2179 541 2218 effe
576 2193 654 2218 non
687 2179 799 2217 sentis
820 2180 831 2216 ?
864 2193 941 2217 non
973 2179 1092 2224 vides,
1123 2192 1217 2217 cum
1248 2178 1294 2223 is,
1332 2178 1399 2230 qui
1437 2177 1506 2215 tibi
1535 2174 1718 2217 succeffit,

314 2258 475 2286 aratores
497 2247 664 2300 reliquos
686 2246 866 2299 appellet,
896 2245 972 2284 hoc
993 2260 1083 2284 eum
1103 2245 1238 2284 diserte
1258 2244 1432 2288 scribere,
1464 2243 1629 2294 reliquos
1651 2240 1721 2277 hos

314 2314 398 2359 effe,
421 2328 498 2352 non
520 2328 566 2352 ex
588 2313 704 2358 bello,
727 2326 852 2366 neque
872 2326 919 2350 ex
939 2313 1066 2366 aliqua
1089 2312 1312 2365 hujusmodi
1334 2309 1564 2351 calamitate,
1597 2306 1655 2343 sed
1676 2319 1722 2343 ex

317 2389 385 2418 tuo
406 2380 555 2425 scelere,
577 2380 885 2433 importunitate,
920 2380 1087 2424 avaritia,
1119 2376 1377 2416 crudelitate?
1410 2373 1547 2413 Recita
1576 2382 1720 2410 coetera.

317 2443 449 2484 ‘Tamen
473 2455 544 2499 pro
573 2461 622 2492 eo,
655 2456 696 2485 ut
727 2447 892 2501 temporis
923 2445 1132 2499 dffcultas,
1164 2451 1419 2492 oratoremque
1439 2439 1595 2493 penuria
1622 2439 1721 2476 tulit.

403 2513 475 2550 To
493 2525 543 2550 M.
578 2512 649 2551 IV.
1340 2507 1376 2544 R
1407 2518 1424 2543 r
