2201 2792
442 152 515 181 112
961 141 1316 179 ORATIO

434 238 563 279 fuifi'et
583 247 685 284 tuus,
718 238 823 291 quod
842 236 986 277 viciffet
1000 239 1164 291 judicio,
1194 238 1308 278 ferres
1331 248 1457 277 tuum.
1490 239 1566 278 Suo
1586 238 1743 278 nomine
1761 252 1832 293 pe-

432 305 522 344 tiit:
545 305 650 357 quod
670 303 838 349 abstulit,
860 304 942 349 fibi,
966 317 1043 342 non
1064 305 1151 349 tibi,
1173 305 1313 356 exegit.
1347 304 1465 356 Qod
1485 304 1511 342 fi
1531 305 1733 359 quisquam
1763 319 1833 357 pe-

432 379 512 409 tere
530 370 654 424 potest
672 370 794 415 alteri,
822 370 891 421 qui
911 369 1089 422 cognitor
1118 383 1196 408 non
1225 370 1278 408 est
1297 368 1417 407 fastus
1433 388 1445 415 3
1478 384 1619 422 quaero,
1642 371 1737 422 quid
1766 370 1832 415 ita,

433 449 528 475 cum
559 438 756 489 Panurgus
790 435 878 474 effet
908 435 1146 481 interfectus,
1191 445 1228 474 et
1262 436 1309 474 lis
1339 437 1544 474 contestata
1573 450 1667 474 cum
1701 437 1835 475 Flavio

433 502 567 541 damni
586 503 726 554 injuria
744 501 846 546 effet,
882 509 925 539 tu
945 501 986 538 in
1006 515 1091 539 eam
1116 501 1226 539 litem
1257 502 1434 554 cognitor
1454 502 1584 540 Roscii
1615 502 1659 539 fis
1680 501 1800 540 faitus
1819 502 1832 538 ?

434 581 528 606 cum
556 568 765 621 praesertim
798 581 846 605 ex
865 576 930 605 tua
949 567 1132 612 oratione,
1169 567 1429 619 quodcunque
1449 567 1521 604 tibi
1551 576 1710 619 peteres,
1740 567 1834 605 huic

434 642 606 686 peteres3
639 633 898 686 quodcunque
920 632 993 670 tibi
1027 633 1211 684 exigeres,
1243 632 1283 669 id
1314 633 1355 670 in
1386 633 1605 670 societatem
1636 632 1830 670 recideret.

435 699 556 749 Qod
575 699 602 737 fi
623 699 669 736 ad
684 697 871 736 Roscium
888 697 987 735 nihil
1007 698 1232 750 perveniret,
1248 698 1352 749 quod
1369 707 1411 736 tu
1427 711 1448 734 a
1463 698 1597 737 Flavio
1612 697 1833 741 abstuliffes,

433 765 505 803 nifi
526 773 563 802 te
592 765 633 802 in
653 764 758 802 suam
778 764 889 802 litem
911 763 1065 802 dediffet
1093 765 1333 816 cognitorem
1351 782 1362 809 3
1395 764 1441 802 ad
1461 772 1498 801 te
1517 763 1714 817 pervenire
1734 762 1834 800 nihil

433 830 562 875 debet,
584 830 689 882 quod
710 830 870 868 Roscius
891 843 960 882 pro
981 829 1042 868 sua
1068 839 1174 882 parte
1193 830 1320 883 exegit
1337 848 1349 874 3
1382 830 1566 882 quoniam
1588 838 1676 867 tuus
1696 828 1833 881 cogni-

432 904 496 935 tor
515 909 594 934 non
613 896 665 934 est
682 895 818 934 factus.

490 962 599 1013 Qid
632 962 737 1000 enim
770 962 865 1000 huic
896 963 949 1000 rei
969 962 1191 1015 respondere
1211 963 1366 1015 poteris,
1394 964 1548 1001 Fanni?
1579 974 1672 1000 cum
1705 960 1752 999 de
1772 960 1837 999 sua

432 1036 539 1080 parte
559 1027 722 1068 Roscius
744 1028 924 1080 transegit
944 1041 1036 1065 cum
1057 1028 1204 1072 Flavio,
1223 1029 1412 1066 accionem
1439 1029 1511 1066 tibi
1535 1037 1642 1066 tuam
1662 1027 1834 1079 reliquit,

433 1107 480 1131 an
502 1093 608 1131 non?
640 1094 678 1130 Si
705 1106 783 1131 non
814 1093 986 1145 reliquit,
1018 1094 1351 1145 quemadmodum
1373 1095 1465 1132 H-S
1489 1107 1680 1134 cccmoz)
1715 1093 1762 1131 ab
1791 1105 1838 1131 eo

431 1159 560 1213 postea
577 1159 736 1212 exegisti
754 1160 767 1196 ?
798 1160 838 1197 Si
858 1160 1027 1211 reliquit,
1050 1160 1145 1211 quid
1165 1161 1211 1197 ab
1232 1159 1307 1197 hoc
1326 1160 1439 1211 petis,
1461 1160 1566 1212 quod
1584 1172 1652 1212 per
1680 1167 1718 1196 te
1746 1172 1836 1211 per-

432 1225 541 1277 sequi
570 1234 608 1262 et
630 1234 757 1277 petere
777 1224 922 1262 debes?
955 1224 1163 1261 Simillima
1192 1225 1313 1268 enim,
1344 1233 1381 1262 et
1401 1225 1570 1262 maxime
1589 1224 1745 1277 gemina
1772 1224 1835 1262 so-

432 1291 547 1329 cietas
568 1289 797 1329 haereditatis
825 1290 891 1328 est.
935 1290 1281 1341 Qemadmodum
1302 1290 1425 1329 socius
1455 1292 1496 1328 in
1517 1291 1693 1330 societate
1718 1289 1837 1329 habet

432 1366 606 1410 partem3
630 1356 679 1394 fic
696 1354 804 1393 heres
825 1356 866 1394 in
885 1354 1103 1394 haereditate
1126 1355 1241 1394 habet
1261 1365 1422 1408 partem.
1455 1358 1513 1395 Ut
1530 1355 1640 1394 heres
1660 1356 1730 1394 s1bi
1749 1356 1834 1401 soli,

432 1435 513 1460 non
533 1421 784 1461 coheredibus
804 1421 901 1474 petit
913 1439 925 1466 3
958 1421 1007 1459 fic
1027 1420 1149 1459 socius
1170 1422 1240 1460 fibi
1264 1421 1346 1465 soli,
1378 1435 1456 1459 non
1476 1422 1602 1465 sociis,
1624 1421 1735 1473 petit.
1780 1422 1836 1459 Et

432 1487 767 1541 quemadmodum
788 1496 949 1539 uterque
970 1501 1038 1540 pro
1058 1487 1120 1525 sua
1140 1496 1244 1539 parte
1263 1487 1373 1540 petit,
1391 1487 1441 1525 fic
1461 1501 1530 1540 pro
1549 1487 1613 1525 sua
1630 1496 1737 1539 parte
1757 1488 1835 1526 dis-

433 1555 548 1594 solvit
560 1574 571 1600 3
603 1553 712 1592 heres
733 1567 779 1592 ex
799 1553 862 1591 sua
879 1562 997 1606 parte,
1029 1567 1105 1605 qua
1120 1552 1383 1592 haereditatem
1412 1553 1506 1592 adiit
1520 1572 1532 1600 3
1565 1553 1689 1592 socius
1710 1567 1758 1592 ex
1777 1566 1834 1599 ea,

432 1635 510 1674 qua
529 1621 749 1659 societatem
766 1620 873 1658 coiit.

489 1686 837 1738 Qemadmodum
855 1685 960 1723 suam
991 1695 1139 1738 partem
1161 1686 1324 1724 Roscius
1345 1685 1411 1724 suo
1442 1686 1600 1725 nomine
1619 1687 1836 1726 condonare

432 1753 561 1806 potuit
582 1751 730 1796 Flavio,
752 1760 795 1788 ut
815 1764 898 1789 earn
920 1760 961 1789 tu
983 1765 1058 1789 non
1080 1760 1225 1804 peteres
1241 1771 1253 1798 3
1277 1752 1340 1797 fic,
1362 1766 1454 1790 cum
1474 1753 1601 1806 exegit
1620 1753 1725 1792 suam
1744 1766 1835 1807 par-

432 1828 529 1864 tem,
560 1829 602 1856 et
618 1818 689 1856 tibi
710 1818 900 1870 integram
921 1818 1149 1869 petitionem
1169 1819 1340 1870 reliquit,
1363 1828 1495 1857 tecum
1516 1820 1647 1871 partiri
1667 1832 1745 1856 non
1766 1819 1835 1856 de—

433 1885 499 1923 bet
514 1903 526 1930 3
558 1884 627 1922 nisi
646 1882 745 1921 forte
765 1891 823 1926 tu,
840 1882 1013 1933 perverso
1035 1896 1153 1926 more,
1176 1883 1281 1933 quod
1301 1882 1416 1933 hujus
1437 1883 1502 1927 est,
1524 1884 1571 1921 ab
1599 1884 1674 1921 alio
1703 1892 1833 1922 extor—

433 1963 551 2002 quere
571 1963 649 1987 non
668 1957 789 2000 potes,
811 1946 903 1985 huic
924 1948 1067 2000 eripere
1082 1956 1204 2000 potes.
1227 1948 1370 1986 Perstat
1385 1949 1425 1986 in
1441 1948 1626 1987 sententia
1642 1950 1831 1996 Saturius3

433 2015 696 2069 quodcunque
716 2014 785 2051 fibi
804 2022 907 2066 petat
926 2013 1064 2058 socius,
1097 2014 1137 2051 id
1157 2013 1345 2052 societatis
1366 2014 1461 2053 fieri.
1510 2016 1629 2067 Qod
1649 2016 1675 2054 fi
1695 2017 1747 2054 ita
1766 2017 1833 2062 est,

434 2095 510 2134 qua
530 2079 715 2132 (malum)
746 2079 905 2117 stultitia
924 2078 1001 2117 fuit
1021 2079 1197 2124 Roscius,
1225 2081 1294 2132 qui
1315 2094 1361 2119 ex
1376 2080 1687 2133 jurisperitorum
1708 2083 1833 2121 confi-

433 2148 489 2186 lio
507 2155 544 2185 et
564 2146 785 2184 auctoritate
811 2145 1094 2198 restipularetur
1114 2159 1133 2183 a
1154 2147 1303 2184 Fannio
1329 2146 1546 2199 diligenter,
1579 2156 1635 2192 ut,
1667 2148 1773 2200 quod
1801 2148 1834 2186 is

434 2212 612 2266 exegiffet
642 2225 662 2250 a
683 2212 829 2257 Flavio,
861 2212 1065 2250 dimidiam
1095 2221 1243 2265 partem
1265 2213 1334 2250 fibi
1355 2213 1567 2251 diffolveret
1582 2231 1594 2258 3
1626 2213 1652 2250 fi
1673 2212 1834 2264 quidem

435 2280 512 2317 fine
532 2278 706 2316 cautione
724 2286 762 2315 et
782 2276 1081 2329 repromiffione,
1114 2276 1372 2317 nihilominus
1399 2278 1439 2317 id
1459 2277 1628 2317 Fannius
1648 2276 1830 2324 societati,

433 2344 510 2384 hoc
530 2345 582 2384 est
602 2344 756 2390 Roscio,
779 2343 940 2381 debebat
959 2343 970 2379 ?

847 2471 1112 2524 Defiderantur
1131 2485 1197 2511 non
1211 2480 1344 2525 pauca.
