2201 2792
615 127 962 167 ACTIONIS
994 129 1047 166 ΙΙ.
1107 128 1317 168 LIBER
1360 131 1430 170 IV.
1631 147 1713 187 407

314 227 442 278 primo
462 225 714 270 sententiam3
740 225 938 270 Senatum,
956 225 1228 278 populumque
1242 226 1517 277 Syracusanum
1539 229 1710 274 moleste,

312 293 551 344 graviterque
571 290 682 335 ferre,
714 291 818 343 quod
837 304 922 343 ego,
954 305 1046 329 cum
1079 292 1119 329 in
1140 292 1283 329 caeteris
1305 292 1442 330 Siciliae
1473 294 1709 339 civitatibus,

311 359 499 404 senatum,
531 358 802 411 populumque
822 358 1046 403 docuifl‘em,
1078 359 1173 411 quid
1194 359 1247 396 eis
1270 359 1461 403 utilitatis,
1497 360 1591 411 quid
1612 361 1710 400 salu-

312 427 360 464 tis
382 425 572 470 afferrem,
604 434 641 463 et
661 439 754 463 cum
775 426 821 463 ab
842 426 1025 463 omnibus
1046 426 1237 470 mandata,
1265 426 1425 478 legatos,
1458 427 1599 471 literas,
1634 428 1707 465 tes-

310 492 550 545 timoniaque
571 491 819 544 sumpslffem,
849 492 889 529 in
911 492 976 530 illa
1005 492 1160 530 civitate
1188 490 1286 529 nihil
1308 493 1496 544 ejusmodi
1527 491 1706 531 facerem.

309 558 520 611 Respondi,
543 571 666 610 neque
682 559 821 596 Romae
841 558 881 595 in
902 566 1093 596 conventu
1115 558 1350 603 Siculorum,
1368 573 1459 596 cum
1481 573 1500 596 a
1518 572 1580 596 me
1597 560 1707 597 auxi-

236 624 248 629 *
308 624 407 662 lium
428 624 633 662 communi
663 624 843 662 omnium
874 623 1113 676 legationum
1145 623 1303 661 confilio
1333 625 1547 676 petebatur,
1581 626 1709 663 causa-

309 704 385 742 que
418 690 535 728 totius
567 689 613 726 ad
648 702 711 726 me
744 689 881 726 Siciliae
913 688 1166 733 deferebatur,
1208 689 1351 742 legatos
1389 690 1707 741 Syracusanorum

308 754 479 799 affuiffe3
512 768 637 806 neque
658 767 721 792 me
758 754 959 806 postulare,
997 764 1039 792 ut
1070 755 1285 807 quidquam
1318 765 1450 793 contra
1471 758 1518 794 C.
1546 757 1706 795 Verrem

307 823 571 860 decerneretur
602 823 642 859 in
673 835 714 859 ea
744 822 862 867 curia,
894 823 934 860 in
955 835 1031 874 qua
1062 822 1273 860 inauratam
1308 824 1356 860 C.
1380 823 1510 861 Verris
1546 824 1707 862 statuam

307 889 491 926 viderem.

363 955 482 1007 Qod
503 954 746 1007 posteaquam
769 955 864 1000 dixi,
896 963 1022 993 tantus
1043 955 1095 993 est
1115 955 1283 1007 gemitus
1305 953 1426 993 factus
1458 955 1607 1008 aspectu
1631 955 1704 994 sta-

307 1031 395 1067 tuae‚
427 1031 464 1059 et
484 1022 869 1066 commemoratione,
902 1031 944 1059 ut
965 1022 1062 1059 illud
1089 1023 1129 1059 in
1151 1022 1257 1059 curia
1277 1022 1444 1074 positum
1467 1036 1705 1060 monumen-

302 1097 388 1126 tum
409 1088 608 1133 scelerum,
624 1102 701 1126 non
722 1087 1231 1133 beneficiorum,videretur.
1255 1090 1365 1126 Tum
1385 1103 1455 1141 pro
1475 1088 1510 1126 se
1526 1089 1703 1142 quisque,

306 1166 499 1207 quantum
533 1155 696 1193 dicendo
730 1154 872 1207 affequi
906 1164 1067 1208 poterat,
1099 1155 1234 1194 docere
1265 1169 1328 1193 me
1362 1156 1495 1208 coepit,
1526 1170 1582 1200 ea,
1619 1170 1704 1208 qua:

305 1222 422 1274 paulo
441 1231 528 1260 ante
548 1222 879 1259 commemoravi:
914 1221 1114 1274 spoliatam
1147 1222 1297 1260 urbem:
1332 1220 1419 1259 fana
1450 1222 1624 1274 direpta:
1658 1236 1706 1260 ex

305 1288 478 1327 Heraclii
491 1287 714 1333 hereditate,
725 1302 842 1340 quam
859 1288 1069 1341 palaestritis
1087 1288 1330 1333 conceffifl‘et,
1349 1289 1474 1326 multo
1491 1290 1703 1327 maximam

303 1364 451 1407 partem
471 1355 598 1407 ipsum
629 1353 818 1392 abstuliffe
837 1369 845 1392 :
878 1367 1004 1406 neque
1026 1354 1296 1407 postulandum
1317 1353 1440 1399 fuifi‘e,
1473 1364 1515 1392 ut
1546 1355 1612 1392 ille
1632 1369 1701 1407 pa-

303 1411 470 1459 laestritas
502 1421 692 1473 diligeret,
726 1421 793 1472 qui
814 1420 932 1458 etiam
953 1419 1194 1458 inventorem
1220 1420 1295 1459 olei
1317 1421 1448 1458 Deum
1471 1420 1672 1458 sustulisset
1690 1436 1700 1458 ;

303 1500 430 1540 neque
450 1487 558 1524 illam
578 1486 740 1524 statuam
761 1485 831 1523 effe
851 1499 898 1522 ex
918 1486 1082 1537 pecunia
1101 1486 1271 1538 publica,
1306 1500 1428 1538 neque
1455 1486 1612 1538 publice
1633 1487 1700 1524 da-

304 1562 381 1591 tam
396 1572 409 1598 ;
441 1552 503 1591 sed
523 1566 600 1597 eos,
624 1552 692 1604 qui
711 1550 933 1589 hereditatis
965 1552 1187 1604 diripiendae
1214 1552 1417 1604 participes
1439 1551 1608 1597 fuifl'ent,
1641 1552 1699 1590 fa-

302 1620 493 1664 ciendam,
525 1618 839 1670 statuendamque
860 1617 1025 1656 curaffe:
1057 1618 1209 1656 eosdem
1240 1620 1377 1656 Romae
1409 1617 1517 1656 fuifl'e
1538 1619 1701 1671 legatos,

302 1686 407 1724 illius
428 1686 618 1737 adjutores
639 1684 913 1737 improbitatis,
945 1683 1065 1722 socios
1086 1683 1295 1728 furtorum,
1327 1684 1498 1722 conscios
1531 1685 1698 1736 flagitio-

302 1767 390 1791 rum
409 1768 419 1790 :
448 1766 493 1790 eo
513 1752 643 1790 minus
664 1751 795 1789 mirari
815 1764 878 1788 me
898 1760 1087 1803 oportere,
1120 1750 1146 1788 fi
1168 1750 1226 1788 illi
1247 1751 1450 1789 communi
1484 1751 1700 1803 legatorum

301 1819 505 1864 voluntati,
527 1827 565 1856 et
585 1817 696 1855 saluti
716 1817 855 1856 Siciliae
877 1816 1093 1856 defuissent.

327 1886 481 1924 LXIII.
514 1885 595 1922 Ubi
616 1898 750 1922 eorum
771 1884 945 1922 dolorem
971 1897 1018 1921 ex
1039 1884 1143 1921 illius
1165 1883 1330 1935 injurii8‚
1362 1897 1439 1921 non
1471 1883 1588 1921 modo
1620 1897 1699 1922 non

301 1951 508 1995 minorem,
538 1950 600 1988 sed
621 1963 739 2002 prope
760 1950 962 2002 majorem,
987 1963 1104 2001 quam
1135 1958 1360 1987 caetcrorum
1381 1948 1600 1987 Siculorum
1628 1949 1698 1986 effe

301 2017 492 2069 cognovi;
524 2025 610 2054 tum
643 2029 776 2054 meum
797 2016 973 2054 animum
1004 2016 1045 2053 in
1079 2015 1181 2061 illos,
1214 2024 1299 2053 tum
1335 2015 1411 2052 mci
1433 2015 1594 2060 consilii,
1626 2028 1695 2053 ne-

300 2083 474 2135 gotiique
495 2083 612 2120 totius
633 2082 794 2135 suscepti
814 2082 976 2127 causam,
999 2082 1265 2133 rationemque
1285 2081 1463 2134 proposui
1484 2097 1492 2119 ;
1526 2091 1611 2119 tum
1633 2095 1696 2120 eos

299 2148 473 2187 hortatus
495 2148 593 2192 sum,
628 2157 670 2185 ut
690 2147 807 2186 causae
827 2148 1045 2193 communi,
1077 2148 1264 2199 salutique
1296 2161 1344 2185 ne
1365 2146 1555 2193 deeffenu
1589 2157 1631 2185 ut
1661 2149 1697 2185 ei

299 2214 407 2252 illam
427 2213 700 2258 laudationem,
722 2227 840 2265 quam
861 2213 896 2251 se
916 2214 967 2258 vi,
989 2226 1031 2251 ac
1052 2223 1161 2251 metu
1181 2214 1345 2258 coactos,
1363 2214 1493 2265 paucis
1515 2213 1590 2250 illis
1611 2213 1694 2249 die-

299 2280 385 2326 bus,
424 2279 584 2318 decresse
618 2279 812 2324 dicebant,
844 2279 1035 2317 tollerent.
1082 2280 1231 2331 Itaque,
1268 2279 1438 2330 Judices,
1475 2278 1694 2329 Syracusani

300 2345 381 2385 haec
400 2346 562 2392 faciunt,
594 2346 700 2385 istius
722 2346 896 2392 clientes,
928 2356 1042 2399 atque
1060 2347 1204 2385 amici:
1238 2346 1410 2398 primum
1440 2343 1540 2381 mihi
1567 2344 1692 2382 literas

299 2413 487 2464 publicas,
519 2426 610 2465 quas
631 2413 671 2451 in
692 2413 820 2451 aerario
841 2413 1022 2451 sanctiore
1042 2413 1213 2451 conditas
1235 2411 1441 2454 habebant,
1465 2408 1664 2461 proferunt
1678 2428 1693 2454 ;⁴

299 2479 338 2515 in
360 2479 502 2530 quibus
523 2478 728 2517 ostendunt
748 2479 893 2525 omnia,
924 2493 1008 2532 quae
1029 2478 1110 2517 dixi
1141 2477 1263 2516 ablata
1293 2476 1377 2521 effe,
1405 2475 1622 2529 perscripta,
1654 2485 1693 2513 et
