2201 2792
386 210 434 253 32
906 195 1267 235 ORATIO

438 299 645 353 Alphenus
677 298 819 337 interea
839 297 976 336 Romae
1005 310 1099 336 cum
1133 296 1203 335 isto
1223 295 1432 349 gladiatore
1465 293 1595 334 vetulo
1616 294 1790 348 quotidie

382 367 593 422 pugnabat.
626 364 819 404 Utebatur
850 363 996 417 populo
1016 363 1101 402 sane
1122 363 1202 408 suo,
1237 371 1434 416 propterea
1451 363 1557 415 quod
1577 361 1644 400 iste
1675 370 1790 415 caput

384 444 512 488 petere
533 447 609 472 non
631 431 835 471 desinebat.
864 431 936 469 Iste
957 430 1135 484 postulat,
1157 438 1201 468 ut
1221 438 1444 484 procurator
1457 429 1678 483 judicatum
1698 428 1794 467 solvi

387 500 603 539 satisdaret:
621 499 752 551 Negat
783 495 1003 551 Alphenus,
1035 510 1192 550 aequum
1211 495 1282 534 effe
1302 505 1590 550 procuratorem
1605 494 1791 540 satisdare,

387 567 493 620 quod
527 579 610 604 reus
645 564 816 603 satisdare
848 577 927 602 non
963 563 1132 608 deberet,
1163 563 1189 602 fi
1224 563 1302 616 ipse
1338 563 1488 601 adesset.
1533 562 1792 615 Appellantur

387 633 534 673 tribuni
550 651 561 677 5
584 646 605 669 a
624 631 766 684 quibus
787 644 880 669 cum
900 629 988 668 effet
1007 638 1160 668 certum
1179 628 1370 668 auxilium
1389 630 1573 682 petitum,
1591 628 1644 667 ita
1664 637 1795 667 tamen

386 699 609 744 disceditur,
640 707 684 736 ut
714 697 842 736 idibus
877 696 1170 750 Septembribus
1200 697 1245 735 P.
1269 696 1485 749 Qintium
1515 695 1589 734 fisti
1609 697 1696 735 Sex.
1718 694 1794 734 Al-

388 765 538 820 phenus
557 764 814 819 promitteret.
1455 751 1457 753 ¹

430 834 544 873 VIII.
567 831 687 869 Venit
707 832 878 869 Romam
898 830 1088 883 Qintius
1104 849 1116 876 3
1139 829 1408 870 vadimonium
1427 829 1529 868 sistit.
1565 828 1652 874 Iste,
1673 827 1797 867 homo

390 900 611 943 acerrimus,
644 897 836 936 bonorum
857 896 1045 950 poffeffor,
1076 897 1268 951 expulsor,
1300 906 1462 950 ereptor,
1494 908 1638 934 annum
1665 904 1704 933 et
1734 894 1797 933 sex

390 965 536 1005 menses
557 963 656 1002 nihil
676 964 773 1017 petit
791 977 799 1001 :
831 962 993 1015 quiescit
1011 977 1020 1001 ε
1053 963 1342 1001 conditionibus
1369 962 1491 1007 hunc,
1514 960 1641 1014 quoad
1660 960 1798 1014 potest,

391 1032 597 1086 producit:
640 1044 661 1068 a
696 1031 770 1068 Cn.
808 1028 1014 1067 Dolabella
1046 1029 1214 1080 denique
1247 1029 1412 1066 Praetore
1445 1026 1624 1080 postulat,
1656 1035 1700 1064 ut
1729 1026 1798 1064 fibi

392 1098 579 1146 Qintius
600 1095 822 1147 judicatum
857 1093 949 1131 solvi
980 1093 1144 1138 satisdet,
1180 1107 1228 1132 ex
1259 1092 1443 1137 formula,
1475 1091 1569 1145 quod
1593 1091 1640 1130 ab
1669 1106 1705 1130 eo
1727 1100 1797 1144 pe-

391 1174 464 1208 tat,
501 1162 613 1214 cijus,
644 1175 686 1199 ex
719 1159 827 1198 edt'ei'o
848 1160 1043 1203 Praetoris,
1075 1159 1164 1197 bona
1192 1158 1263 1196 dies
1294 1171 1384 1195 xxx
1409 1156 1550 1211 pffffa
1564 1157 1661 1209 sint.
1704 1157 1800 1195 Non

392 1229 586 1269 recusabat
620 1226 822 1277 Qinffius,
848 1225 950 1276 quin
981 1224 1034 1262 ita
1063 1224 1235 1262 satisdare
1260 1220 1427 1274 juberet,
1459 1223 1485 1261 fi
1516 1223 1617 1261 bona
1646 1222 1802 1276 poffessa

391 1294 511 1333 effent
540 1306 587 1331 ex
618 1291 757 1330 edieto.
807 1290 1020 1328 Decernit:
1052 1303 1171 1342 quam
1199 1303 1371 1342 aequum,
1407 1287 1507 1327 nihil
1527 1288 1641 1327 dico:
1675 1302 1801 1328 unum

394 1360 470 1399 hoc
509 1359 611 1402 dico,
642 1369 818 1396 novum:
857 1364 896 1394 et
928 1353 1005 1394 hoc
1042 1355 1170 1408 ipsum
1208 1354 1363 1394 tacuisse
1401 1354 1575 1399 mallem,
1615 1354 1802 1407 quoniam

395 1437 605 1478 utrumque
627 1424 752 1477 quivis
782 1421 999 1474 intelligere
1017 1421 1210 1475 potuisset.
1242 1421 1361 1473 Jubet
1382 1422 1425 1459 P.
1450 1421 1664 1473 Qintium
1685 1420 1801 1474 spon-

396 1494 540 1533 slonem
570 1505 663 1530 cum
695 1491 781 1529 Sex.
803 1489 943 1528 Naevio
976 1488 1113 1535 facere,
1143 1489 1185 1528 ni
1214 1489 1305 1528 bona
1320 1490 1397 1543 sua
1422 1503 1465 1527 ex
1496 1487 1603 1527 edim
1623 1489 1672 1527 P.
1694 1485 1810 1527 Bur:

396 1560 491 1599 riem'
508 1557 689 1598 Praetoris
708 1556 777 1595 dies
800 1569 889 1594 xxx
917 1554 1057 1610 poffl’ffiz
1085 1554 1200 1609 qffl’nt.
1252 1554 1509 1600 Recusabant,
1543 1554 1612 1606 qui
1646 1554 1803 1593 aderant

397 1637 485 1664 tum
510 1624 676 1676 Qintio
698 1638 707 1660 ε
740 1622 1064 1668 demonstrabant,
1087 1622 1134 1660 de
1154 1635 1192 1660 re
1220 1621 1418 1674 judicium
1438 1621 1520 1659 fieri
1541 1629 1729 1674 oportere,
1761 1629 1805 1658 ut

398 1703 463 1731 aut
498 1702 658 1743 uterque
692 1690 792 1727 inter
825 1689 874 1734 se,
920 1698 985 1727 aut
1014 1697 1164 1727 neuter.
1184 1688 1404 1727 satisdaret:
1450 1701 1530 1726 non
1561 1686 1704 1726 neceffe
1735 1686 1807 1725 effe

398 1759 544 1798 famam
564 1757 717 1802 alterius
746 1755 786 1793 in
808 1755 1007 1808 judicium
1026 1755 1168 1793 venire.
1201 1755 1405 1793 Clamabat
1435 1767 1548 1808 porro
1574 1753 1653 1806 ipse
1673 1753 1805 1804 Qin-

400 1826 492 1869 tius,
529 1823 601 1862 sese
635 1822 780 1861 idcirco
812 1822 916 1860 nolle
947 1821 1132 1866 satisdare,
1175 1835 1222 1859 ne
1256 1822 1448 1859 videretur
1476 1819 1675 1872 judicaffe,
1706 1819 1807 1857 bona

401 1892 465 1930 sua
489 1905 536 1929 ex
556 1889 680 1928 edicto
699 1887 852 1941 poffcffa
871 1887 954 1926 effe.
998 1888 1246 1940 Sponfionem
1278 1901 1390 1940 porro
1410 1887 1437 1925 fi
1468 1885 1682 1925 istiusmodi
1701 1884 1806 1923 face-

402 1968 472 2002 ret,
504 1957 539 1994 se
571 1955 628 2008 (id
660 1954 764 2007 quod
795 1968 898 1992 nunc
919 1955 1063 2006 evenit)
1095 1954 1141 1992 de
1160 1955 1284 2007 capite
1305 1953 1371 1992 suo
1389 1954 1515 2007 priore
1544 1953 1632 1992 loco
1657 1952 1808 1990 causam

403 2025 475 2063 effe
510 2024 720 2062 dicturum.
767 2022 971 2061 Dolabella
1003 2021 1353 2074 (quemadmodum
1374 2021 1494 2059 solent
1527 2019 1708 2058 homines
1735 2033 1808 2058 no-

404 2091 527 2130 biles:
560 2090 622 2128 seu
654 2091 766 2134 recte,
798 2089 860 2126 seu
886 2102 1084 2142 perperam
1105 2087 1228 2127 facere
1258 2096 1472 2141 coeperunt,
1503 2088 1556 2125 ita
1585 2087 1626 2125 in
1646 2095 1811 2139 utroque

403 2157 615 2202 excellunt,
648 2165 691 2194 ut
724 2169 840 2194 nemo
874 2155 1000 2194 nostro
1032 2155 1120 2193 loco
1150 2165 1260 2193 natus
1293 2155 1433 2207 affequi
1460 2153 1595 2207 pofl‘et)
1627 2154 1811 2205 injuriam

405 2225 530 2264 facere
549 2223 751 2262 fortiffime
771 2222 978 2276 perseverat
994 2241 1005 2268 ;
1037 2231 1102 2261 aut
1123 2222 1305 2268 satisdare,
1337 2231 1402 2260 aut
1436 2221 1676 2274 sponsionem
1697 2220 1812 2272 jubet

405 2291 528 2330 facere
546 2309 557 2336 ς
589 2299 627 2329 et
646 2291 788 2328 interea
809 2289 1020 2328 recusantes
1050 2289 1194 2336 nostros
1226 2289 1428 2327 advocatos
1448 2287 1630 2326 acerrime
1650 2285 1810 2324 submo-

408 2359 499 2396 veri.

466 2423 538 2460 IX.
572 2422 836 2461 conturbatus
867 2422 953 2460 sane
973 2421 1132 2460 discedit
1154 2421 1369 2474 Qintius;
1402 2433 1526 2474 neque
1557 2419 1718 2469 mirum,
1749 2417 1813 2455 cui

410 2487 492 2527 haec
510 2490 616 2541 optio
638 2499 716 2527 tam
738 2489 886 2535 misera,
910 2498 1066 2541 tamque
1087 2489 1219 2542 iniqua
1239 2488 1404 2533 daretur,
1442 2497 1485 2526 ut
1504 2496 1569 2525 aut
1596 2485 1673 2539 ipse
1694 2484 1728 2522 se
1748 2498 1813 2523 ca-

410 2557 502 2610 pitis
523 2557 732 2602 damnaret,
764 2556 789 2595 s1
810 2556 1050 2597 satisdediffet
1062 2575 1074 2604 5
1097 2565 1161 2596 aut
1180 2556 1330 2596 causam
1350 2555 1501 2609 capitis,
1524 2555 1549 2593 fi
1576 2552 1814 2607 sponsionem
