2201 2792
713 160 1061 204 ACTIONIS
1093 159 1146 197 II.
1208 159 1418 197 LIBER
1460 158 1511 196 V.
1734 171 1812 210 453

412 275 470 305 tot
484 263 677 307 homines,
706 274 785 299 uno
806 269 994 311 tempore,
1016 255 1126 304 nullo
1147 254 1311 292 crimine
1330 252 1338 290 l
1372 252 1631 290 defenfionem
1660 253 1816 290 suorum

412 331 610 370 furtorum
631 330 840 367 Praetorem
874 323 1104 377 improbum
1125 335 1172 360 ex
1193 319 1456 373 indigniffima
1477 329 1601 356 morte
1629 319 1819 356 innocen-

415 399 516 436 tium
537 394 730 450 quaerere!
763 392 882 432 Nihil
913 391 1002 430 addi
1027 391 1111 443 jam
1141 388 1306 432 videtur,
1329 386 1502 438 Judices,
1533 385 1580 423 ad
1610 383 1711 422 hanc
1741 384 1821 420 im-

414 465 666 519 probitatem,
698 461 926 504 amentiam,
958 456 1322 507 crudelitatemque,
1355 453 1470 507 poffe.
1502 454 1556 491 Et
1591 453 1689 490 reite
1721 449 1822 488 nihil

415 532 568 572 videtur
590 546 599 570 :
632 543 724 568 nam
744 529 770 567 fi
792 541 885 566 cum
905 526 1071 564 aliorum
1104 522 1355 575 improbitate
1386 529 1521 565 certet,
1552 519 1667 571 longe
1687 530 1822 556 omnes

416 598 669 649 multumque
689 594 896 648 superabit.
929 591 1002 628 Sed
1021 590 1151 628 secum
1172 587 1250 640 ipse
1271 595 1391 624 certat
1408 602 1418 624 ε
1441 587 1480 624 id
1501 585 1593 638 agit,
1613 594 1657 622 ut
1677 584 1826 635 semper

417 665 588 717 superius
609 662 723 699 suum
742 659 894 698 facinus
915 670 1016 695 novo
1046 655 1183 694 scelere
1203 654 1346 692 vincat.
1381 651 1616 704 Phalargum
1639 650 1824 688 Centuri-

416 730 556 783 pinum
579 728 752 766 dixeram
771 733 982 777 exceptum
1002 721 1073 760 effe
1094 735 1115 759 a
1131 720 1360 764 Cleomene,
1381 719 1486 771 quod
1505 719 1547 756 in
1567 718 1646 769 ejus
1669 716 1826 769 quadri-

418 797 518 835 remi
539 795 771 834 Cleomenes
792 793 923 830 vectus
945 789 1062 828 effet:
1095 797 1239 833 tamen,
1275 787 1367 839 quia
1397 785 1649 839 pertimuerat
1681 782 1825 820 adoles-

418 877 525 909 cens,
561 861 668 914 quod
689 859 851 898 eandem
872 857 979 905 suam
1007 855 1160 895 causam
1191 854 1343 893 videbat
1374 853 1460 898 effe,
1495 865 1615 904 quam
1649 850 1827 893 illorum,

423 931 493 984 qui
523 930 748 968 innocentes
770 925 945 979 peribant
960 943 972 969 5
1005 923 1051 962 ad
1081 922 1287 961 hominem
1307 920 1459 958 accedit
1477 916 1776 957 Timarchides:
1809 929 1831 953 a

423 996 545 1036 securi
565 1003 678 1048 negat
697 994 733 1031 ei
767 992 839 1030 effe
858 990 1109 1044 periculum,
1141 988 1258 1040 virgis
1290 1001 1338 1025 ne
1369 986 1590 1029 caederetur,
1623 992 1757 1022 monet
1786 992 1830 1020 ut

424 1073 566 1103 caveat.
599 1063 664 1101 Ne
696 1060 841 1105 multa,
876 1058 1006 1112 ipsum
1037 1057 1164 1095 dicere
1195 1054 1474 1093 adolescentem
1506 1051 1677 1095 audistis,
1700 1045 1748 1088 ‘se
1778 1050 1830 1088 ob

424 1130 532 1169 hunc
553 1130 749 1182 virgarum
771 1135 924 1165 metum
945 1123 1153 1178 pecuniam
1174 1119 1423 1160 Timarchidi
1451 1117 1677 1157 numeraffe.
1712 1116 1832 1155 Levia

426 1197 516 1235 sunt
535 1196 618 1234 haec
638 1196 679 1233 in
700 1194 776 1232 hoc
796 1206 860 1231 reo
880 1191 1058 1230 crimina.
1085 1189 1247 1227 lWetum
1268 1188 1463 1239 virgarum
1485 1183 1694 1223 navarchus
1716 1183 1831 1220 nobi-

427 1263 578 1301 liffimae
598 1261 764 1300 civitatis
786 1259 909 1312 pretio
933 1256 1097 1295 redemit
1115 1270 1123 1292 :
1156 1253 1391 1292 humanum.
1423 1252 1553 1295 Alius,
1575 1264 1623 1288 ne
1643 1249 1832 1287 condem-

428 1338 596 1374 naretur,
628 1327 832 1381 pecuniam
854 1324 987 1362 dedit:
1020 1322 1203 1360 usitatum
1233 1320 1298 1358 est.
1332 1320 1427 1358 Non
1447 1319 1531 1356 vult
1553 1317 1718 1370 populus
1748 1317 1832 1353 Ro-

429 1410 568 1436 manus
601 1393 782 1433 obsoletis
817 1390 1048 1430 criminibus
1084 1388 1251 1426 accusari
1285 1387 1446 1424 Verrem
1467 1401 1475 1424 :
1519 1398 1617 1422 nova
1653 1382 1834 1436 postulat,

430 1463 604 1501 inaudita
623 1460 830 1499 desiderat:
863 1471 940 1496 non
969 1457 1015 1494 de
1035 1457 1201 1493 Praetc-re
1223 1453 1376 1497 Siciliae,
1407 1451 1469 1490 sed
1499 1451 1545 1489 de
1577 1449 1837 1488 crudelissimo

431 1538 610 1581 tyranno,
632 1527 717 1566 fieri
733 1524 933 1578 judicium
952 1521 1169 1559 arbitratur.

478 1595 609 1634 XLV.
632 1592 893 1632 Includuntur
911 1589 952 1627 in
973 1599 1163 1626 carcerem
1184 1584 1431 1622 condemnati
1452 1599 1460 1621 ;
1484 1582 1719 1636 supplicium
1739 1594 1834 1618 con-

434 1662 606 1700 stituitur
629 1660 670 1697 in
691 1658 779 1696 illos
800 1672 808 1695 :
842 1655 1007 1694 sumitur
1028 1654 1074 1691 de
1102 1652 1248 1690 miseris
1270 1650 1491 1703 parentibus
1522 1647 1800 1686 navarchorum
1824 1661 1834 1684 :

436 1727 694 1781 prohibentur
726 1724 829 1762 adire
849 1723 896 1760 ad
916 1721 1017 1759 filios
1035 1735 1045 1758 ι
1075 1718 1331 1772 prohibentur
1351 1717 1482 1754 liberis
1504 1715 1577 1752 suis
1598 1714 1734 1751 cibum
1754 1711 1838 1750 ves-

391 1798 395 1802 '
437 1795 636 1845 titumque
668 1790 780 1829 ferre.
815 1790 941 1827 Patres
972 1787 1044 1831 hi,
1077 1798 1173 1837 quos
1208 1783 1346 1821 videtis
1366 1812 1376 1828 ,
1404 1782 1583 1834 jacebant
1614 1780 1655 1817 in
1685 1778 1837 1822 limine,

438 1860 653 1912 matresque
683 1857 828 1896 miserae
852 1854 1127 1908 pernoctabant
1148 1852 1193 1889 ad
1213 1850 1355 1889 ostium
1386 1848 1561 1892 carceris,
1597 1847 1644 1885 ab
1664 1855 1842 1884 extremo

439 1928 649 1981 complexu
663 1926 832 1964 liberum
850 1921 1031 1961 exclusae:
1057 1934 1140 1972 quae
1162 1918 1261 1957 nihil
1282 1917 1385 1955 aliud
1401 1916 1573 1959 orabant,
1593 1914 1660 1952 nifi
1678 1922 1720 1950 ut
1737 1912 1841 1950 filio-

440 2009 527 2033 rum
549 2003 768 2032 extremum
796 1990 975 2043 spiritum
996 2001 1060 2025 ore
1080 1986 1255 2039 excipere
1275 1984 1344 2022 fibi
1363 1983 1510 2021 liceret.
1540 1981 1683 2019 Aderat
1698 1979 1844 2032 janitor

442 2061 614 2104 carceris,
653 2056 823 2096 carnifex
846 2055 1036 2098 Praetoris‚
1060 2066 1163 2091 mors
1184 2062 1381 2102 terrorque
1409 2049 1600 2086 sociorum
1621 2056 1658 2084 et
1679 2047 1842 2089 civium,

443 2128 576 2166 LiC’ror
593 2125 730 2163 Sestius
748 2143 759 2168 ;
782 2123 846 2160 cui
862 2136 909 2160 ex
927 2121 1034 2158 omni
1053 2119 1204 2171 gemitu
1221 2117 1431 2168 doloreque
1451 2125 1553 2152 certa
1568 2126 1712 2152 merces
1729 2125 1840 2149 com-

445 2193 659 2247 parabatur.
704 2192 760 2228 L’t
780 2189 901 2233 adeas,
938 2196 1091 2225 tantum
1124 2185 1260 2228 dabis,
1294 2192 1336 2220 ut
1357 2183 1492 2220 cibum
1515 2181 1586 2219 tibi
1613 2181 1714 2217 intro
1745 2178 1843 2215 ferre

444 2261 570 2304 liceat,
587 2267 753 2296 tantum.
778 2256 910 2293 Nemo
931 2252 1136 2292 recusabat.
1161 2249 1268 2302 Qid
1288 2250 1301 2286 ?
1334 2258 1377 2286 ut
1397 2262 1475 2285 uno
1496 2248 1573 2284 istu
1594 2245 1729 2283 securis
1748 2242 1842 2280 affc-

447 2340 528 2364 ram
550 2334 716 2363 mortem
738 2323 819 2361 filio
846 2331 929 2366 tuo,
948 2319 1043 2373 quid
1063 2318 1170 2356 dabis
1190 2318 1202 2355 ?
1236 2330 1282 2355 ne
1302 2316 1368 2354 diu
1388 2315 1580 2352 crucietur
1599 2312 1611 2347 ἓ
1644 2324 1690 2348 ne
1710 2309 1842 2362 saepius

447 2391 605 2429 feriatur
624 2391 635 2427 ?
669 2403 715 2427 ne
735 2402 827 2427 cum
849 2375 956 2425 sensu
977 2385 1119 2423 doloris
1139 2384 1285 2434 aliquo,
1308 2390 1372 2418 aut
1392 2379 1577 2420 cruciatu,
1601 2376 1753 2428 spiritus
1774 2388 1844 2411 au-

449 2457 590 2495 feratur
610 2457 621 2492 ?
654 2456 784 2493 Etiam
805 2454 854 2491 ob
875 2453 974 2490 hanc
992 2450 1143 2490 causam
1165 2448 1326 2501 pecunia
1346 2445 1491 2483 Lictori
1513 2443 1683 2480 dabatur.

508 2523 543 2560 O
586 2535 774 2574 magnum
804 2530 918 2570 atque
948 2515 1233 2556 intolerandum
1265 2513 1436 2551 dolorem
1455 2510 1461 2547 !
1495 2525 1517 2548 0
1551 2521 1707 2561 gravem
1739 2518 1849 2543 acer-
