2201 2792
558 238 640 289 480
1060 237 1463 276 ORATIO

559 338 845 376 Romanorum.
868 336 1003 375 Nemo
1024 336 1234 374 Gallorum
1253 335 1330 374 sm'e
1349 336 1433 374 cive
1454 336 1634 374 Romano
1655 335 1869 390 quidquam
1890 349 1960 375 ne·

557 404 656 457 gotii
677 404 802 457 gerit3
834 416 1021 441 nummus
1044 403 1084 440 in
1106 403 1236 441 Gallia
1255 402 1386 441 nullus
1413 403 1488 441 fine
1519 404 1668 442 civium
1689 404 1961 443 Romanorum

558 470 700 509 tabulis
721 478 1005 507 commovetur.

613 537 755 575 Videte
787 550 865 589 quo
885 535 1126 581 descendam,
1150 535 1306 587 Judices
1324 554 1336 582 3
1369 549 1487 589 quarn
1519 536 1635 590 longe
1654 536 1781 575 videar
1799 537 1846 575 ab
1865 550 1961 575 con-

562 604 763 643 suetudine
783 617 883 648 mea,
906 612 945 640 et
961 604 1153 648 cautione,
1178 616 1220 641 ac
1242 603 1455 655 diligentia,
1479 603 1682 642 discedere.
1706 605 1804 642 Unae
1824 603 1966 642 tabulae

557 671 816 725 proferantur,
851 671 892 708 in
918 670 1061 722 quibus
1097 670 1303 722 vestigium
1334 670 1378 707 slt
1409 670 1582 722 aliquod,
1619 671 1724 723 quod
1758 670 1960 723 significet,

557 741 764 793 pecuniam
788 738 952 777 Fonteio
979 738 1106 776 datam
1123 757 1134 783 ς
1168 752 1292 776 unum
1323 751 1370 776 ex
1401 747 1484 776 toto
1516 740 1818 791 negotiatorum,
1851 739 1962 777 colo-

558 819 714 849 norum,
745 804 1060 858 publicanorum,
1093 813 1300 849 aratorum,
1327 805 1612 857 pecuariorum,
1643 819 1807 843 numero
1828 805 1963 843 testem

557 872 774 926 producant
786 890 798 916 ;
821 884 905 909 vere
925 870 1146 909 accusatum
1167 870 1237 909 effe
1258 870 1482 909 concedam.
1516 872 1591 909 Pro
1607 872 1678 910 Dii
1698 870 1957 909 immortales!

557 953 644 992 quae
674 939 727 977 est
757 937 839 977 haec
871 937 1008 976 causa?
1040 951 1125 990 quae
1146 937 1342 975 defenfio?
1375 939 1589 977 Provinciae
1609 938 1748 977 Galliae
1769 938 1832 976 M.
1852 939 1960 976 Fon-

558 1007 658 1044 teius
680 1004 859 1059 praefuit3
893 1019 978 1057 quae
998 1004 1143 1042 constat
1164 1018 1211 1043 ex
1232 1005 1277 1042 iis
1298 1005 1502 1057 generibus
1534 1003 1745 1043 hominum
1765 1014 1804 1043 et
1824 1004 1963 1043 civita-

558 1082 660 1118 tum,
682 1072 765 1125 qui,
788 1081 831 1109 ut
852 1080 978 1109 vetera
1009 1071 1181 1115 mittam,
1213 1071 1354 1123 partim
1387 1071 1511 1109 nostra
1532 1072 1719 1109 memoria
1748 1070 1849 1109 bella
1868 1084 1961 1109 cum

558 1139 705 1192 populo
726 1140 906 1177 Romano
926 1137 1059 1175 acerba
1079 1151 1121 1175 ac
1148 1137 1332 1174 diuturna
1351 1137 1541 1190 gefferunt
1557 1156 1568 1182 3
1601 1138 1742 1190 partim
1775 1137 1894 1176 modo
1914 1137 1962 1175 ab

557 1206 693 1243 nostris
714 1204 1012 1257 imperatoribus
1034 1203 1192 1247 sub-affl,
1226 1203 1345 1241 modo
1366 1203 1470 1242 bello
1491 1204 1646 1249 domiti,
1678 1204 1798 1242 modo
1818 1204 1961 1242 trium-

556 1270 646 1324 phis
678 1285 721 1309 ac
755 1270 1021 1308 monumentis
1053 1269 1190 1314 notati,
1223 1269 1341 1308 modo
1367 1270 1414 1307 ab
1435 1269 1565 1308 senatu
1596 1270 1693 1322 agris
1725 1269 1962 1321 urbibusque

557 1337 714 1375 multati
735 1337 848 1380 sunt;
886 1335 1041 1388 partim,
1065 1335 1134 1386 qui
1154 1348 1247 1373 cum
1264 1335 1346 1387 ipso
1367 1336 1431 1373 M.
1455 1336 1621 1374 Fonteio
1641 1334 1787 1374 ferrum
1809 1349 1852 1373 ac
1874 1349 1960 1373 ma·
2014 1353 2016 1355 >

557 1417 630 1442 nus
662 1403 938 1446 contulerunt,
971 1401 1178 1454 multoque
1209 1402 1289 1454 ejus
1326 1401 1460 1440 sudore
1494 1415 1537 1439 ac
1572 1402 1701 1440 labore
1731 1402 1800 1440 sub
1826 1401 1964 1455 populi

558 1471 731 1509 Romani
751 1469 962 1522 imperium
983 1468 1254 1520 ditionemque
1284 1468 1522 1506 ceciderunt.
1555 1468 1623 1506 Est
1642 1469 1683 1506 in
1703 1468 1836 1506 eadem
1869 1482 1962 1521 pro-

555 1537 683 1575 vincia
704 1536 840 1574 Narbo
871 1534 1061 1580 Marcius,
1094 1534 1247 1573 colonia
1273 1533 1491 1572 nostrorum
1512 1534 1675 1579 civium,
1708 1534 1860 1587 specula
1889 1547 1962 1587 po-

558 1604 643 1657 puli
665 1603 848 1648 Romani,
880 1615 923 1640 ac
955 1600 1309 1655 propugnaculum,
1342 1600 1421 1638 istis
1453 1601 1542 1654 ipfis
1564 1601 1787 1640 nationibus
1808 1600 1964 1654 oppofi-

557 1680 645 1709 tum
680 1679 718 1707 et
751 1669 964 1721 objectum.
997 1667 1065 1706 Est
1100 1667 1202 1719 item·
1232 1666 1323 1706 urbs
1358 1666 1540 1712 Massilia,
1571 1667 1618 1706 de
1653 1680 1728 1720 qua
1759 1676 1846 1705 ante
1866 1667 1962 1712 dixi,

558 1736 855 1775 fortiffimorum
877 1734 1265 1786 fideliffimorumque
1286 1733 1494 1778 sociorum,
1517 1734 1587 1786 qui
1607 1734 1855 1772 Gallicorum
1876 1733 1962 1772 bel-

557 1804 686 1842 lorum
709 1801 878 1855 pericula
910 1800 1056 1854 populo
1078 1802 1259 1839 Romano
1280 1799 1402 1853 copiis
1433 1799 1625 1852 armisque
1651 1800 1961 1853 compensarunt.

557 1869 626 1908 Est
646 1878 824 1921 praeterea
842 1880 1026 1905 numerus
1049 1867 1195 1904 civium
1219 1866 1504 1912 Romanorum,
1526 1875 1643 1918 atque
1662 1865 1871 1904 hominum
1887 1864 1963 1903 ho-

558 1934 871 1974 nestiffimorum.

616 2001 669 2039 II.
703 2000 812 2038 Huic
833 1999 1055 2052 provinciae‚
1089 2012 1174 2050 quae
1194 2011 1242 2036 ex
1262 1996 1334 2035 hac
1355 1997 1534 2050 gentium
1567 1998 1744 2036 varietate
1764 1997 1964 2044 constaret,

559 2068 624 2107 M.
649 2066 848 2110 Fonteius,
883 2074 925 2103 ut
955 2065 1051 2110 dixi,
1074 2063 1242 2118 praefuit.
1276 2065 1357 2117 Qi
1391 2073 1498 2102 erant
1519 2063 1658 2110 hostes,
1685 2065 1862 2118 subegit:
1893 2064 1964 2117 qui

559 2133 730 2188 proximi
762 2132 926 2176 fuerant,
959 2145 1022 2170 eos
1054 2145 1100 2170 ex
1133 2132 1178 2169 iis
1210 2132 1323 2183 agris,
1357 2132 1499 2183 quibus
1520 2142 1626 2170 erant
1647 2132 1819 2176 multati,
1851 2131 1965 2170 dece-

560 2202 649 2239 dere
669 2201 822 2252 coegit:
856 2200 1014 2243 caeteris,
1049 2199 1116 2251 qui
1149 2199 1294 2237 idcirco
1326 2199 1477 2251 magnis
1510 2199 1604 2251 saepe
1631 2209 1737 2237 erant
1758 2198 1869 2236 bellis
1901 2197 1964 2236 su-

560 2268 696 2321 perati,
731 2277 773 2304 ut
794 2265 938 2317 semper
970 2265 1116 2318 populo
1139 2265 1319 2302 Romano
1352 2274 1540 2317 parerent,
1578 2278 1738 2317 magnos
1770 2264 1963 2316 equitatus

560 2335 607 2372 ad
636 2333 811 2377 carbclla,
844 2346 928 2384 qua:
950 2341 1035 2369 tum
1068 2332 1107 2369 in
1130 2340 1212 2369 toto
1243 2331 1337 2368 orbe
1358 2339 1544 2369 terrarum
1577 2344 1596 2368 a
1616 2330 1763 2383 populo
1784 2331 1966 2368 Romano

559 2402 803 2454 gerebantur,
837 2413 992 2452 magnas
1026 2399 1206 2452 pecunias
1237 2398 1284 2435 ad
1305 2410 1439 2435 eorum
1460 2397 1709 2450 stipendium,
1742 2398 1963 2436 maximum

561 2468 749 2507 frumenti
772 2480 980 2505 numerum
1015 2466 1062 2504 ad
1083 2463 1336 2517 Hispaniense
1369 2464 1518 2502 bellum
1546 2464 1804 2510 tolerandum,
1836 2465 1963 2517 impe-

561 2535 670 2572 ravit.
705 2535 740 2571 Is
763 2534 831 2586 qui
852 2532 974 2585 gessit,
999 2533 1038 2570 in
1055 2532 1256 2583 judicium,
1274 2540 1431 2569 vocatur
1451 2546 1459 2569 :
1492 2544 1572 2576 vos,
1594 2532 1662 2584 qui
1682 2531 1722 2569 in
1744 2545 1782 2569 re
1802 2544 1878 2569 non
1900 2530 1963 2568 in-

562 2600 758 2646 terfuistis,
787 2599 939 2639 causam
961 2613 1035 2638 una
1055 2613 1147 2638 cum
1168 2598 1315 2652 populo
1337 2599 1518 2638 Romano
1537 2598 1782 2652 cognoscitiS.
1815 2598 1968 2637 Dicunt
