2201 2792
607 109 1038 162 ACTIONisn.
1098 124 1307 162 LIBER
1350 125 1420 164 1v.
1627 127 1702 179 38»

1683 158 1700 181 3

307 220 438 273 generi
459 229 526 259 tuo
544 219 713 265 laudem,
743 221 987 273 gloriamque
1007 220 1192 265 restituas,
1224 229 1281 265 ut,
1303 222 1408 274 quod
1429 235 1475 259 ex
1496 222 1590 259 urbe
1613 220 1702 258 hos-

309 287 411 325 tium
432 301 498 340 per
515 288 559 325 P.
574 286 808 326 Africanum
829 287 1100 341 recuperarint,
1115 287 1154 325 id
1170 301 1236 340 per
1257 296 1294 325 te
1313 301 1359 326 ex
1380 287 1567 340 praedonis
1589 287 1705 325 domo

309 354 527 391 conservare
545 352 700 405 poffint.

366 420 580 458 XXXVII.
613 419 722 470 Qid
751 428 816 458 aut
846 419 907 458 his
943 419 1167 473 respondere
1194 418 1350 458 honeste
1380 421 1519 472 potes?
1552 428 1617 457 aut
1647 419 1705 456 illi

307 482 444 530 facere,
466 485 534 524 nifi
556 494 599 524 ut
620 496 671 530 te,
693 499 735 524 ac
755 485 873 524 fidem
904 495 1010 524 tuam
1032 486 1270 538 implorent?
1303 485 1469 531 Adsunt,
1491 494 1529 524 et
1560 484 1705 537 implo-

309 559 406 590 rant.
426 553 539 590 Potes
560 552 778 590 domesticae
797 552 919 590 laudis
939 551 1256 605 amplitudinem,
1274 552 1419 604 Scipio,
1436 552 1549 590 tueri.
1573 551 1704 588 Potes:

248 615 251 617 ’
309 618 441 656 omnia
460 618 502 656 in
523 627 560 656 te
579 618 680 663 sunt,
714 632 799 670 quae
819 628 884 656 aut
903 617 1060 656 fortuna
1077 616 1320 662 hominibus,
1351 626 1417 655 aut
1437 626 1570 655 natura
1590 617 1705 668 largi-

309 692 385 723 tur,
408 684 502 723 Non
517 697 710 737 praecerpo
729 683 902 722 frustum
917 684 1038 723 officii
1061 684 1135 722 tui:
1158 697 1237 722 non
1252 683 1417 722 alienam
1438 682 1538 722 mihi
1554 682 1708 721 laudem

308 760 475 804 appeto:
506 765 584 790 non
605 752 658 790 est
676 752 833 805 pudoris
854 751 947 797 mei,
978 753 1023 790 P.
1049 751 1243 804 Scipione,
1275 751 1540 790 florentiffimo
1560 750 1706 789 adoles-

309 827 434 864 cente,
455 819 543 858 vivo
563 828 600 858 et
619 818 824 864 incolumi,
857 832 922 857 me
941 827 1268 872 propugnatorem
1292 827 1638 857 monumentorum
1661 818 1706 855 P.

310 883 517 937 Scipionis,
552 883 870 937 defensoremque
894 884 1080 939 profiteri.
1126 885 1259 936 Qam
1292 884 1343 922 ob
1377 897 1459 922 rem
1490 884 1516 921 si
1552 882 1707 934 suscipis

310 949 528 989 domesticae
548 950 669 989 laudis
690 951 965 1003 patrocinium,
996 964 1059 989 me
1090 964 1169 988 non
1203 950 1328 988 solum
1365 950 1469 988 silere
1503 949 1549 987 de
1581 948 1707 986 vestris

312 1017 578 1055 monumentis
613 1018 821 1070 oportebit,
852 1017 913 1055 sed
944 1017 1061 1055 etiam
1092 1017 1224 1062 laetari,
1257 1018 1301 1055 P.
1323 1016 1501 1055 Africani
1526 1015 1715 1067 ejusmodi

311 1082 382 1121 effe
402 1083 574 1122 fortunas
595 1084 755 1129 mortui,
787 1093 830 1122 ut
849 1085 930 1136 ejus
960 1083 1083 1122 honos
1113 1084 1160 1121 ab
1181 1084 1241 1128 iis,
1273 1084 1342 1136 qui
1369 1098 1416 1122 ex
1436 1083 1570 1121 eadem
1591 1082 1708 1119 fami-

311 1148 362 1187 lia
381 1150 467 1194 smt,
489 1149 728 1195 defendatur,
760 1163 886 1202 neque
906 1150 1032 1189 ullum
1053 1150 1311 1188 adventitium
1332 1151 1546 1202 requiratur
1565 1148 1707 1186 auxili—

311 1228 394 1253 um.
418 1216 485 1253 Sin
503 1215 611 1253 istius
632 1215 803 1254 amicitia
823 1225 859 1253 te
880 1216 1069 1269 impediet
1085 1234 1097 1261 ς
1120 1216 1146 1254 fi
1167 1214 1257 1260 hoc,
1279 1215 1384 1268 quod
1403 1216 1469 1253 abs
1491 1224 1527 1253 te
1543 1214 1708 1267 postulo,

310 1282 442 1319 minus
467 1281 516 1320 ad
544 1281 723 1320 officium
752 1290 867 1320 tuum
899 1282 1087 1335 pertinere
1116 1281 1347 1320 arbitrabere
1361 1300 1374 1327 5
1406 1281 1606 1319 succedam
1639 1293 1713 1333 ego

312 1348 475 1402 vicarius
497 1356 566 1386 tuo
585 1347 761 1393 muneri,
793 1345 996 1401 suscipiam
1016 1356 1154 1400 partes,
1176 1360 1270 1400 quas
1291 1346 1431 1385 alienas
1451 1346 1523 1385 effe
1548 1347 1710 1386 arbitra-

312 1414 402 1453 bar:
434 1427 483 1453 ne
501 1414 567 1452 ista
585 1413 764 1467 praeclara
778 1414 959 1452 nobilitas
975 1413 1118 1452 desinat
1132 1413 1256 1466 queri,
1273 1413 1466 1466 populum
1482 1415 1711 1454 Romanum

311 1481 542 1521 hominibus
579 1481 703 1526 novis,
740 1490 856 1534 atque
889 1481 1082 1519 industriis
1116 1481 1283 1519 libenter
1316 1479 1481 1520 honores
1514 1482 1710 1528 mandare,

312 1547 539 1601 semperque
558 1545 761 1585 mandasse.
793 1547 888 1585 Non
914 1547 969 1584 est
997 1546 1251 1599 querendum,
1283 1546 1324 1584 in
1353 1560 1396 1585 ea
1427 1547 1595 1594 civitate,
1626 1562 1712 1601 quae

311 1622 469 1666 propter
489 1613 672 1651 virtutem
692 1612 875 1651 omnibus
909 1613 1130 1650 nationibus
1156 1613 1334 1665 imperat,
1365 1613 1549 1652 virtutem
1584 1614 1710 1666 pluri-

312 1693 425 1718 mum
460 1679 575 1731 poffe.
613 1678 670 1716 Sit
700 1678 802 1731 apud
835 1678 928 1716 alios
964 1679 1094 1731 imago
1127 1679 1171 1717 P.
1194 1677 1398 1717 Africani:
1430 1687 1615 1717 ornentur
1645 1680 1711 1718 alii

313 1746 460 1784 mortui
480 1745 636 1789 virtute,
655 1758 697 1783 ac
718 1745 890 1783 nomine.
913 1745 1021 1784 Talis
1042 1745 1108 1783 ille
1129 1745 1186 1783 vir
1205 1743 1296 1790 fuit,
1318 1745 1371 1784 ita
1390 1744 1436 1782 de
1456 1744 1603 1798 populo
1623 1746 1708 1784 Ro-

313 1825 432 1850 mano
465 1811 626 1849 meritus
660 1810 726 1855 est,
759 1819 802 1849 ut
836 1824 912 1849 non
943 1811 1012 1849 uni
1038 1810 1209 1856 familiae,
1241 1810 1301 1849 sed
1336 1811 1517 1849 universae
1547 1811 1708 1857 civitati,

314 1879 608 1917 commendatus
628 1877 697 1915 effe
718 1878 862 1916 debeat.
906 1878 973 1916 Est
992 1879 1119 1930 aliqua
1140 1891 1223 1916 mea
1243 1891 1328 1930 pars
1349 1878 1481 1923 virilis,
1504 1877 1608 1930 quod
1627 1879 1710 1930 ejus

313 1946 480 1983 civitatis
501 1945 598 1990 sum,
621 1958 738 1997 quam
760 1945 826 1982 ille
845 1945 1030 1998 amplam,
1053 1945 1253 1990 illustrem,
1275 1945 1495 1997 claramque
1518 1945 1708 1985 reddidit:

315 2012 506 2064 praecipue
540 2011 645 2063 quod
666 2011 707 2049 in
727 2010 788 2049 his
809 2012 954 2050 artibus
974 2026 1042 2064 pro
1064 2024 1147 2050 mea
1168 2021 1270 2063 parte
1291 2011 1427 2056 versor,
1460 2025 1624 2064 quarum
1644 2013 1713 2050 ille

315 2077 492 2129 princeps
514 2076 603 2120 fuit,
634 2077 826 2128 aequitate,
847 2077 1043 2122 industria,
1067 2079 1332 2129 temperantia,
1353 2077 1568 2116 defenfione
1593 2078 1709 2116 mise·

317 2157 461 2187 rorum,
494 2143 583 2180 odio
603 2143 873 2195 improborum
892 2158 900 2181 :
934 2157 1018 2195 quae
1038 2145 1218 2197 cognatio
1237 2144 1466 2189 studiorum,
1497 2154 1535 2182 et
1553 2145 1708 2189 artium,

316 2209 599 2262 propemodum
620 2222 698 2246 non
719 2210 849 2247 minus
874 2210 927 2248 est
958 2211 1177 2264 conjunffi'ta,
1211 2224 1328 2261 quam
1349 2210 1429 2255 ista,
1461 2224 1536 2265 qua
1557 2223 1620 2247 vos
1640 2211 1707 2247 de-

317 2275 525 2320 miramini,
547 2276 710 2327 generis,
733 2286 772 2313 et
791 2276 973 2314 nominis.

372 2341 609 2379 XXXVIII.
642 2341 791 2394 Repeto
811 2341 876 2379 abs
905 2352 955 2387 te,
979 2343 1127 2387 Verres,
1161 2351 1462 2380 monumentum
1485 2340 1530 2377 P.
1555 2338 1706 2377 Africa·

316 2405 382 2444 ni:
414 2406 564 2444 causam
599 2407 832 2452 Siculorum,
862 2421 978 2460 quam
1000 2409 1158 2462 suscepi,
1201 2408 1403 2457 relinquo:
1430 2405 1627 2457 judicium
1662 2406 1708 2443 de

402 2471 468 2507 To
481 2484 530 2508 M.
556 2472 628 2512 IV.
1292 2472 1325 2511 C
1346 2485 1366 2509 c
1387 2485 1407 2509 c
