2201 2792
349 169 373 207 9
525 153 1056 194 ARGUMENTA
1120 155 1648 193 ORATIONUM.

348 239 434 286 pulo
453 237 606 284 suscepit,
634 238 728 284 quod
755 238 787 272 in
810 237 979 292 Pompeio
996 237 1113 272 omnia
1131 238 1248 278 essent,
1275 249 1355 284 quae
1374 238 1415 272 ad
1433 237 1624 284 perfeetum
1642 237 1830 285 imperato-

349 301 422 323 rem
455 288 678 335 pertinerent‚
708 286 844 321 scientia
863 288 908 320 rei
930 286 1094 327 militaris,
1132 287 1313 327 fortitudo,
1349 288 1587 332 temperantia,
1616 297 1651 321 et
1668 286 1828 328 felicitas,

351 336 483 382 rejectis
502 336 753 382 objectionibus
777 335 955 369 I·10.tens1i
978 346 1013 369 et
1037 335 1164 376 Catuli,
1192 347 1341 381 quorum
1360 336 1444 369 alter
1462 348 1529 370 non
1549 336 1613 370 effe
1631 336 1691 370 uni
1712 335 1829 370 omnia

351 385 602 420 commitenda
617 385 765 424 dicebat,
789 385 872 417 alter
891 395 972 417 vero
991 384 1022 417 in
1043 395 1113 418 uno
1131 384 1271 417 homine
1290 389 1375 430 laepe
1399 385 1463 418 effe
1483 385 1741 430 periclitandam
1760 383 1830 418 for·
1870 383 1872 386 ’

351 443 470 469 tunam
491 436 652 480 negabat,
681 445 834 480 eumque
854 431 1039 475 majoribus
1059 432 1258 479 reipublicae
1278 433 1492 479 temporibus
1510 432 1630 468 servari
1648 433 1798 468 volebat.

463 553 626 603 Argum.
901 548 980 587 Pro
999 549 1051 586 A.
1077 549 1241 588 Cluentio
1261 550 1392 587 Avito.
1710 562 1747 602 p.
1765 560 1785 586 2
1792 560 1828 601 5.

355 695 458 726 natae,
487 686 560 731 post
591 685 684 719 binas
712 685 863 730 nuptias,
892 695 974 718 unas
1004 687 1106 730 patris
1136 685 1303 725 Cluentii,
1330 685 1450 718 alteras
1481 684 1528 718 A.
1554 685 1655 718 Aurii
1686 685 1827 727 Melini,

353 734 472 780 generi
495 734 555 773 sui,
584 745 689 779 quem
709 745 788 767 cum
808 733 876 766 filia
894 733 1081 767 divortium
1101 732 1211 768 facere
1234 733 1361 779 coegit,
1388 733 1560 779 postremo
1582 733 1695 779 nupsit
1719 734 1829 768 Statio

353 783 463 817 Albio
481 783 691 829 Oppianico,
710 782 770 827 qui
789 782 966 816 Melinum
981 781 1054 827 ejus
1069 782 1182 816 virum
1201 782 1381 816 occiderat.
1418 782 1490 816 Hic
1508 793 1588 815 cum
1607 782 1828 828 intelligeret,

353 831 557 866 Cluentium
577 832 731 865 nondum
752 830 993 864 testamentum
1013 830 1138 872 fecifl‘e,
1165 842 1277 876 eoque
1297 841 1435 865 mortuo
1454 831 1545 864 bona
1562 829 1634 876 ejus
1653 832 1768 865 omnia
1785 832 1828 865 ad

355 890 499 916 matrem
526 881 589 914 effe
617 890 770 918 ventura,
799 879 952 913 incenlus
980 880 1134 920 avaritia,
1162 891 1296 914 veneno
1319 891 1399 913 eum
1422 880 1541 913 tollere
1561 880 1724 914 decrevit.
1776 880 1829 915 Ea

354 940 390 962 re
411 930 560 975 cognita,
583 928 788 973 duobusque
806 927 1036 973 praejudiciis
1024 941 1096 974 jam
1116 929 1272 976 probata,
1299 928 1452 973 primum
1472 928 1668 963 Scamandri
1687 929 1828 963 damna·

356 976 463 1018 tione,
491 976 588 1022 cujus
614 980 644 1011 in
672 976 831 1010 manibus
849 988 1024 1010 venenum
1044 977 1292 1023 deprehensum
1311 975 1437 1017 fuerat,
1463 977 1585 1010 deinde
1610 977 1651 1011 C.
1671 978 1828 1019 Fabritii,

352 1026 414 1072 qui
434 1026 653 1070 Cleophami,
680 1037 750 1071 quo
769 1026 952 1059 Cluentius
972 1025 1108 1059 medico
1126 1027 1298 1066 utebatur,
1326 1029 1460 1059 iewum
1488 1025 1683 1070 Diogenem
1706 1027 1748 1059 ad
1768 1039 1828 1060 ve-

353 1085 481 1108 nenum
511 1075 664 1108 dandum
697 1080 750 1119 ipe
780 1084 814 1107 et
844 1073 988 1118 praemio
1018 1073 1276 1107 sollicitaverat:
1310 1074 1545 1119 Oppianicum
1559 1053 1758 1108 ”Cluentius
1785 1074 1828 1109 de

351 1123 520 1156 veneficio
539 1122 726 1156 accusivit:
755 1122 814 1167 qui
833 1133 913 1156 curn
933 1122 1115 1156 damnatus
1134 1123 1228 1163 esset,
1254 1121 1410 1156 defenior
1427 1122 1612 1169 Oppianici
1633 1123 1675 1157 l...
1691 1123 1828 1170 Qinc-

351 1171 420 1205 zius
445 1172 623 1205 Tribunus
652 1171 698 1216 pl.
727 1170 935 1216 quotidianis
961 1172 1185 1206 concionibus
1212 1183 1284 1205 rem
1313 1171 1346 1204 in
1372 1171 1534 1206 invidiam
1561 1171 1718 1212 adduxit,
1745 1183 1826 1206 curn

351 1220 492 1260 diceret,
520 1222 700 1264 pecuniam
721 1221 754 1252 in
773 1219 911 1263 Judicio
931 1221 993 1253 esse
1014 1225 1120 1254 veriat
1126 1232 1203 1254 am.
1233 1230 1267 1254 et
1295 1231 1375 1254 cum
1399 1220 1568 1254 incertum
1595 1220 1687 1261 esset,
1715 1232 1733 1254 a
1758 1232 1829 1267 qua.

351 1280 447 1315 parte
471 1269 550 1302 effer
574 1267 748 1314 profecia3
776 1269 924 1314 populus
943 1269 1122 1303 Romanus
1141 1281 1208 1303 non
1228 1269 1385 1310 credidit,
1412 1269 1454 1302 ab
1473 1269 1667 1314 Oppianico
1695 1270 1826 1311 datam.

352 1317 435 1363 quia
458 1318 640 1351 damnatus
667 1327 758 1351 erat:
789 1327 823 1350 et
848 1329 959 1351 errore
984 1319 1174 1352 multorum
1199 1320 1232 1352 in
1256 1317 1337 1352 falso
1362 1317 1506 1351 crimine
1527 1318 1707 1360 Cluentius
1734 1318 1824 1353 fuit-t

351 1377 435 1400 cum
454 1366 670 1412 Oppianicus
690 1366 730 1400 C.
748 1365 840 1400 AElio
859 1367 996 1399 Staleno
1014 1367 1080 1400 DC
1101 1367 1205 1401 millia
1223 1367 1310 1400 H-S
1329 1378 1392 1413 pro
1411 1365 1738 1412 numerojudicum,
1764 1367 1827 1413 qui

353 1415 599 1461 corrumpendi
627 1415 743 1456 effent,
771 1414 924 1456 dedisset,
951 1415 1011 1461 qui
1032 1427 1106 1449 eam
1134 1415 1315 1461 pecuniam
1342 1416 1566 1461 interceperat
1593 1426 1627 1449 et
1646 1414 1827 1461 judicibus

352 1476 431 1498 eam
462 1474 539 1498 ante
556 1462 727 1508 judicium
752 1464 962 1509 petentibus,
990 1463 1019 1498 se
1043 1465 1086 1498 ab
1111 1464 1306 1511 Oppianico
1332 1464 1539 1498 destitutum
1561 1465 1706 1506 dixerat,
1736 1466 1827 1501 unde

354 1512 414 1559 ipsi
434 1524 475 1546 eo
499 1512 658 1558 cupidius
680 1512 914 1557 Oppianicum
935 1513 1156 1548 damnabant.
1206 1513 1262 1547 Eo
1287 1513 1400 1559 postea
1428 1513 1583 1553 crimine,
1610 1524 1643 1547 et
1669 1514 1827 1548 Stalenus

354 1561 437 1607 ipse,
464 1570 497 1595 et
524 1573 604 1595 cum
632 1573 673 1595 to
699 1561 845 1602 Bulbus,
873 1562 994 1602 Gutta,
1027 1562 1207 1608 Popillius,
1236 1562 1360 1607 aliique
1387 1560 1538 1607 ejusdem
1569 1563 1686 1597 affines
1716 1563 1828 1609 culpae

347 1609 484 1656 judices
502 1610 654 1644 damnati
674 1609 760 1643 sunt.
814 1610 925 1643 Annis
943 1611 1098 1656 quinque
1116 1611 1190 1657 post
1213 1610 1485 1652 damnationem,
1512 1622 1593 1644 cum
1612 1611 1827 1657 Oppianicus

352 1660 388 1693 in
411 1658 513 1693 exilio
537 1659 694 1704 periiffet,
721 1669 808 1692 uxor
831 1659 930 1693 Saffia
952 1660 1061 1693 moliri
1087 1660 1196 1706 coepit
1215 1659 1346 1694 insidias
1366 1659 1449 1701 filio,
1475 1659 1571 1703 quod
1593 1658 1665 1704 ejus
1688 1660 1827 1695 confilio

353 1708 483 1742 diceret
503 1719 562 1752 per
581 1708 634 1741 M.
653 1706 814 1742 Asellium
832 1708 1007 1752 quendam
1022 1708 1096 1742 viro
1114 1710 1170 1743 suo
1183 1720 1361 1742 venenum
1378 1708 1411 1742 in
1427 1720 1514 1754 pane
1529 1710 1664 1749 datum,
1691 1719 1726 1743 et
1744 1720 1826 1745 cum

353 1756 524 1791 deservis
549 1756 734 1802 quaestione
763 1756 889 1796 habita,
918 1757 1000 1790 nihil
1029 1758 1109 1792 esset
1136 1767 1335 1804 repertum:
1375 1758 1484 1791 rursus
1509 1758 1642 1799 eadem,
1680 1757 1827 1794 triennio

353 1805 442 1852 post,
470 1805 671 1846 adolescenti
691 1805 886 1851 Oppianico
904 1805 972 1840 filia
990 1806 1166 1847 collocata,
1194 1806 1333 1852 impulit
1358 1818 1438 1840 eum
1467 1807 1507 1841 acl
1530 1806 1640 1840 filium
1660 1806 1703 1840 de
1722 1818 1826 1841 vene·

353 1855 434 1888 ficio
462 1853 700 1888 accusandum.
750 1853 782 1887 Is
811 1854 922 1888 actore
954 1853 1032 1888 usus
1057 1855 1104 1889 est
1129 1855 1175 1889 L.
1201 1855 1301 1888 Attio
1328 1855 1536 1889 Pisaurensi:
1576 1865 1695 1889 contra
1718 1866 1826 1901 quem

354 1913 480 1949 praetor
497 1902 618 1937 Cicero
636 1901 838 1937 Cluentium
857 1902 1022 1938 defendit.
1064 1904 1153 1938 Afta
1169 1902 1266 1937 causa
1287 1903 1335 1937 est
1360 1903 1401 1937 ad
1429 1903 1693 1950 QVoconium
1717 1903 1827 1939 Naso-

356 1963 449 1992 nem,
476 1953 534 1997 qui
551 1951 593 1984 de
614 1950 785 1985 veneficiis
807 1962 933 1996 praetor
951 1951 1122 1998 quaesivit,
1147 1951 1286 1998 Lepido
1303 1962 1338 1987 et
1358 1952 1465 1986 Tullo
1483 1951 1574 1987 Coff.
1592 1961 1627 1986 et
1644 1952 1787 1998 quidem
1807 1964 1835 1990 a,

354 2000 521 2035 Cicerone
538 2000 621 2041 solo,
648 1999 750 2036 veteri
770 2010 863 2034 more
883 2000 953 2035 vid.
971 2012 1002 2036 c.
1015 2011 1073 2047 70.

463 2103 615 2152 Argum.
792 2104 856 2142 De
875 2105 976 2157 Lege
991 2104 1164 2156 Agraria
1183 2113 1313 2143 contra
1333 2101 1483 2141 Rullum.
1702 2116 1737 2155 p.
1758 2103 1831 2156 98..

402 2189 443 2224 P.
462 2188 620 2222 Romus
639 2188 739 2223 Trib.
758 2189 805 2235 pl.
825 2200 906 2223 cum
926 2190 1164 2225 Tribunatum
1183 2190 1291 2225 iniffet
1316 2199 1394 2224 ante
1411 2188 1487 2224 Kal.
1512 2188 1590 2232 Jan.
1615 2188 1727 2236 legem
1748 2190 1828 2225 tulit

355 2238 534 2284 agrariam.
574 2236 660 2282 Ejus
689 2237 762 2271 haec
792 2235 861 2272 fere
891 2237 1055 2273 sententia
1084 2239 1164 2280 fuit,
1193 2249 1231 2273 ut
1258 2239 1444 2274 decemviri
1473 2249 1491 2271 a
1518 2237 1636 2272 XVII.
1664 2237 1827 2274 tribubus

355 2287 453 2320 creati
471 2296 504 2321 et
529 2286 606 2331 lege
632 2285 760 2320 curiata
788 2286 989 2333 summaque
1017 2288 1182 2333 potestate
1207 2288 1332 2329 ornati,
1357 2298 1456 2333 agros
1482 2297 1617 2326 omnes,
1643 2287 1703 2332 qui
1729 2296 1828 2322 extra

354 2333 487 2369 Italiam
506 2334 550 2369 L.
571 2334 663 2379 Sylla
682 2344 716 2368 et
736 2334 792 2382 Q
805 2336 974 2390 Pompeio
992 2336 1021 2370 C
1034 2348 1080 2371 os
1093 2348 1120 2370 s.
1149 2345 1207 2370 aut
1225 2337 1342 2382 postea
1359 2334 1489 2382 publici
1507 2333 1587 2369 faffl
1605 2334 1722 2375 essent,
1741 2347 1825 2370 ven·

350 2383 484 2423 derent,
513 2383 546 2416 in
565 2382 684 2417 Africa
703 2393 819 2417 tamen
839 2385 991 2430 exceptis
1010 2384 1062 2426 iis,
1088 2385 1132 2419 de
1150 2384 1278 2432 quibus
1296 2384 1430 2419 foedere
1447 2394 1590 2418 cautum
1617 2384 1710 2425 esset,
1736 2395 1826 2430 quos

350 2431 532 2480 Hiempsal
549 2431 770 2467 Mauritaniae
788 2432 868 2468 Rex
891 2445 908 2468 a
921 2434 988 2469 Cn.
1001 2433 1172 2482 Pompeio
1184 2433 1325 2470 traditos
1342 2432 1551 2482 pqffidebat;
1579 2433 1614 2468 in
1627 2431 1725 2468 Italia
1741 2444 1826 2470 vero
