2201 2792
546 169 623 218 με
979 167 1069 206 ΙΝ
1140 167 1522 206 VERREM

546 267 744 305 damnatos
767 266 901 310 servos,
921 265 1025 317 quod
1045 265 1091 303 ad
1112 265 1292 303 omnium
1313 265 1681 319 liberorum‘caput,
1717 271 1755 302 et
1785 262 1938 317 sangui-

544 346 634 371 nem
656 333 874 386 pertineret.

595 400 631 436 O
653 399 878 451 praeclarum
900 398 1184 449 imperatorem,
1208 410 1278 434 nec
1293 397 1375 448 jam
1396 410 1487 434 cum
1509 398 1584 436 Μ’.
1609 397 1785 450 Aquilio,
1809 394 1939 433 fortis-

545 464 642 501 fimo
662 466 757 508 viro,
789 463 850 501 sed
871 476 958 500 vero
989 476 1080 499 cum
1103 461 1246 506 Paulis,
1281 462 1542 514 Scipionibus,
1576 463 1714 501 Mariis
1735 460 1940 500 conferen-

546 529 642 567 dum
660 529 667 566 !
700 532 926 568 Tantumne
945 527 1075 565 vidiffe
1095 527 1136 564 in
1156 536 1278 571 metu,
1298 527 1550 580 periculoque
1569 527 1802 580 provinciae?
1835 527 1941 564 Cum

545 595 786 634 servitiorum
820 595 967 632 animos
1002 594 1042 631 in
1063 593 1193 631 Sicilia
1225 593 1417 646 suspensos
1452 603 1608 647 propter
1639 593 1789 632 bellum
1822 591 1942 630 Italiae

545 660 802 714 fugitivorum
822 660 966 699 videret
982 678 993 704 ;
1026 673 1073 697 ne
1101 660 1187 712 quis
1212 659 1247 697 se
1277 673 1523 698 commovere
1552 661 1720 705 auderet,
1751 667 1941 712 quantum

547 729 698 765 terroris
733 727 867 779 injecit
885 726 897 762 ?
942 725 1232 778 Comprehendi
1260 726 1379 777 juffit.
1419 727 1518 776 Qis
1551 741 1629 764 non
1665 725 1907 779 pertimescat
1925 724 1938 761 ?

547 794 710 831 Causam
732 794 857 831 dicere
877 792 1070 829 dominos.
1104 792 1212 843 Qid
1234 792 1346 829 servis
1368 801 1447 830 tarn
1468 792 1792 831 formidolosum?
1813 790 1903 830 Feci
1925 805 1943 828 e

545 859 667 899 videri
694 859 970 912 pronuntiavit.
1003 859 1193 896 Exortam
1224 858 1375 895 videtur
1394 858 1594 896 flammam
1625 871 1836 911 paucorum
1867 857 1939 894 do-

544 927 637 971 lore,
659 940 702 964 ac
724 935 847 964 morte
867 925 1087 963 restinxisse.
1121 924 1230 976 Qid
1251 924 1389 962 deinde
1409 925 1607 977 sequitur?
1639 925 1806 969 verbera,
1827 932 1942 975 atque

546 994 666 1045 ignes,
690 1002 726 1030 et
747 993 813 1029 illa
833 1002 1004 1029 extrema
1024 991 1069 1028 ad
1090 990 1324 1042 supplicium
1345 991 1630 1036 damnatorum,
1654 1001 1804 1029 metum
1825 998 1940 1027 caete-

545 1074 691 1105 rorum,
715 1059 920 1103 cruciatus,
942 1068 979 1096 et
1010 1072 1118 1095 crux.
1152 1057 1271 1095 Hisce
1301 1058 1483 1095 omnibus
1505 1058 1703 1111 suppliciis
1725 1057 1810 1095 sunt
1840 1056 1941 1094 libe-

545 1128 628 1165 rati.
677 1127 776 1178 Qis
811 1125 977 1169 dubitet,
1011 1125 1107 1177 quin
1142 1124 1334 1161 servorum
1369 1124 1518 1163 animos
1550 1126 1701 1163 summa
1733 1123 1943 1162 formidine

544 1192 780 1245 opprefl‘erit,
802 1204 892 1228 cum
915 1190 1087 1228 viderent
1107 1203 1148 1227 ea
1168 1189 1351 1227 facilitate
1371 1191 1591 1236 Praetorem,
1613 1200 1657 1228 ut
1676 1190 1723 1228 ab
1744 1203 1801 1234 eo,
1825 1189 1940 1227 scele-

547 1260 610 1304 ris,
642 1256 990 1310 coniurationisque
1011 1257 1298 1300 damnatorum,
1321 1256 1412 1301 vita,
1434 1257 1492 1294 vel
1513 1257 1594 1310 ipso
1620 1256 1798 1294 carnifice
1819 1256 1940 1293 inter-

545 1326 697 1369 nuntio,
720 1322 1000 1361 redimeretur?
1034 1322 1170 1374 Qid?
1204 1321 1279 1359 hoc
1307 1322 1345 1360 in
1377 1323 1642 1375 Apollonienfi
1664 1322 1938 1361 Aristodamo?

543 1391 637 1442 quid
654 1390 665 1426 ?
689 1390 727 1427 in
747 1391 894 1428 Leonte
914 1389 1130 1441 Megarenfi
1151 1402 1229 1426 non
1248 1388 1353 1426 idem
1373 1387 1496 1427 fecisti
1514 1391 1527 1426 ?

600 1459 693 1496 VII.
726 1458 863 1506 Qid?
900 1456 966 1494 iste
997 1466 1125 1494 motus
1159 1456 1367 1501 servorum,
1404 1457 1575 1509 bellique
1607 1456 1730 1495 subita
1763 1456 1939 1509 suspicio,

546 1534 677 1563 utrum
697 1525 770 1562 tibi
791 1524 946 1562 tandem
963 1524 1206 1576 diligentiam
1225 1523 1479 1562 custodiendae
1494 1525 1715 1577 provinciae,
1733 1537 1778 1562 an
1801 1537 1942 1562 novam

544 1592 731 1629 rationem
752 1590 1024 1643 improbiffimi
1055 1590 1218 1642 quaestus
1239 1590 1370 1628 attulit
1388 1591 1401 1628 ?
1434 1589 1673 1642 Halicyensis
1696 1590 1940 1634 Eumenidae,

544 1658 686 1696 nobilis
707 1656 893 1701 hominis,
929 1665 967 1694 et
986 1655 1150 1702 honesti,
1185 1670 1334 1709 magnae
1354 1657 1527 1710 pecuniae
1547 1657 1714 1701 villicus,
1747 1670 1839 1694 cum
1860 1657 1939 1694 im-

545 1724 657 1777 pulsu
679 1734 746 1761 tuo
767 1722 1007 1761 insimulatus
1038 1722 1142 1767 effet,
1176 1715 1268 1760 H-S
1292 1736 1347 1760 Lx
1370 1737 1390 1760 a
1416 1723 1577 1761 domino
1597 1723 1774 1775 accepisti
1795 1738 1803 1761 :
1837 1722 1942 1775 quod

546 1804 667 1843 nuper
687 1789 764 1842 ipse
779 1790 931 1841 juratus
952 1789 1100 1833 docuit,
1115 1788 1449 1840 quemadmodum
1465 1789 1614 1841 gestum
1629 1789 1730 1827 effet.
1750 1789 1813 1826 Ab
1829 1788 1942 1840 equi-

546 1867 582 1893 te
600 1857 794 1900 Romano,
817 1856 864 1892 C.
882 1854 1074 1892 Matrinio
1094 1854 1258 1898 absente,
1281 1868 1372 1892 cum
1394 1855 1425 1892 is
1444 1855 1533 1893 effet
1558 1856 1709 1898 Romae,
1735 1854 1840 1906 quod
1859 1855 1941 1905 ejus

547 1923 709 1966 villicos,
725 1921 962 1973 pastoresque
984 1920 1058 1957 tibi
1078 1921 1116 1957 in
1138 1920 1390 1972 suspicionem
1408 1920 1545 1958 veniffe
1559 1922 1720 1965 dixeras,
1739 1921 1830 1958 H-S
1848 1933 1941 1958 cen-

548 2000 632 2026 tum
668 1986 867 2025 abstulisti.
901 1986 1014 2023 Dixit
1045 1985 1120 2024 hoc
1143 1987 1190 2023 L.
1212 1987 1381 2031 Flavius,
1418 1989 1485 2039 qui
1518 1987 1590 2024 tibi
1621 2001 1704 2024 eam
1736 1987 1942 2040 pecuniam

547 2054 777 2097 numeravit,
814 2061 1035 2104 procurator
1070 2054 1118 2090 C.
1149 2053 1353 2091 Matrinii:
1387 2053 1485 2091 dixit
1520 2053 1598 2106 ipse
1629 2055 1677 2092 C.
1701 2054 1939 2092 Matrinius:

546 2121 649 2159 dicet
665 2120 726 2157 ‘vir
746 2118 971 2156 clariffimus
995 2120 1069 2157 Cn.
1090 2119 1278 2157 Lentulus
1301 2119 1458 2164 Censor,
1480 2120 1563 2171 qui,
1586 2120 1766 2157 Matrinii
1785 2119 1942 2158 honoris

547 2186 666 2231 causa,
686 2185 829 2223 recenti
850 2185 1006 2236 negotio
1025 2185 1070 2222 ad
1091 2193 1128 2222 te
1148 2185 1274 2223 literas
1295 2186 1411 2231 mifit,
1434 2185 1716 2238 mittendasque
1736 2186 1896 2224 curavit.

603 2252 739 2304 Qid?
771 2251 817 2289 de
835 2251 1060 2303 Apollonio,
1082 2251 1214 2289 Diocli
1235 2251 1331 2296 filio,
1365 2253 1652 2296 Panormitano,
1674 2253 1738 2289 cui
1770 2252 1943 2289 Gemino

538 2332 762 2372 cognomen
783 2317 848 2362 est,
868 2317 1050 2369 praeteriri
1082 2317 1203 2369 potest
1222 2318 1234 2354 ?
1266 2318 1408 2369 ecquid
1427 2317 1502 2355 hoc
1524 2327 1604 2355 tota
1624 2318 1752 2354 Sicilia
1771 2318 1908 2355 clarius
1927 2319 1941 2355 ?

545 2385 686 2438 ecquid
706 2384 904 2437 indignius
923 2384 935 2420 ?
969 2383 1109 2436 ecquid
1130 2383 1368 2422 manifestius
1389 2382 1549 2436 proferri
1571 2383 1691 2436 potest
1712 2383 1724 2420 ?
1755 2398 1871 2436 quem
1895 2385 1940 2429 is,

547 2452 603 2489 uti
624 2453 862 2490 Panormum
894 2451 1014 2496 venit,
1045 2450 1090 2488 ad
1111 2450 1146 2487 se
1167 2450 1306 2495 vocari,
1339 2459 1377 2487 et
1403 2450 1448 2487 de
1470 2451 1654 2488 tribunali
1685 2451 1793 2488 citari
1819 2450 1940 2502 juflit,

545 2518 732 2557 concursu
765 2531 906 2570 magno
923 2547 936 2563 ‚
976 2516 1270 2570 frequentiaque
1310 2516 1536 2556 conventus.
1583 2517 1779 2556 Homines
1813 2517 1942 2555 statim
