2201 2792
553 147 900 187 ACT10N1s
940 147 995 186 11.
1054 147 1264 187 LIBER
1301 150 1376 187 111.
1575 163 1651 204 275

251 256 338 288 tum
359 248 542 294 maxime,
563 262 671 295 cum,
698 249 908 288 accubante
926 256 1150 304 praetextato
1170 250 1346 288 Praetoris
1367 248 1462 296 filio,
1497 250 1537 288 in
1558 263 1653 290 con-

249 315 354 355 vivio
372 315 502 354 saltare
521 315 647 354 nudus
668 325 847 369 coeperat.

306 382 359 420 X.
391 383 529 428 Hunc,
561 383 620 420 uti
651 383 777 421 dicere
807 382 970 428 institui,
1002 382 1220 436 principem
1241 381 1378 420 Verres
1409 381 1455 419 ad
1484 380 1655 419 fortunas

251 455 441 486 aratorum
475 449 678 494 vexandaS,
709 448 1016 502 diripiendasque
1046 447 1117 486 effe
1148 447 1296 487 voluit:
1327 446 1444 500 hujus
1476 447 1655 490 audaciae,

249 513 447 564 nequitiae,
476 513 707 559 crudelitati,
739 513 974 552 fideliffimos
1006 513 1146 558 socios,
1178 512 1422 566 optimosque
1452 512 1552 550 cives
1581 511 1656 549 sci-

249 586 330 617 tote
360 578 436 618 hoc
458 581 623 618 Praetore
655 580 827 625 traditos,
849 580 1020 632 Judices‚
1049 589 1163 632 atque
1193 579 1361 618 addictos
1392 578 1516 623 fuisse,
1547 577 1657 615 novis

250 644 435 684 institutis
466 654 504 684 et
534 646 682 692 edistis,
719 655 799 685 tota
823 647 1037 685 Hieronica
1062 646 1148 700 lege
1178 644 1531 699 (quemadmodum
1550 653 1658 682 antea

249 711 348 763 dixi)
373 713 507 764 rejefta
526 721 564 751 et
583 712 795 766 repudiata.

270 773 273 777 ’
306 777 502 824 Primum,
533 779 720 824 ediecum,
751 778 930 831 Judices‚
966 779 1093 818 audite
1119 779 1345 832 praeclarum
1362 796 1373 823 3
1407 778 1656 829 QANTUM

248 842 461 884 decumanus
489 845 640 900 edidfft
671 856 853 886 aratorem
866 846 946 898 fibi
969 846 1121 885 decumae
1138 845 1225 884 dare
1250 854 1422 898 oportere,
1445 854 1488 883 ut
1515 854 1659 883 tantum

250 920 382 950 arator
400 911 586 951 decumano
605 912 692 952 dare
711 922 910 966 cogeretur.
944 913 1156 964 Qomodo
1173 913 1186 949 ?
1219 913 1423 963 Qantum
1444 910 1662 964 poposcerit

250 978 464 1030 Apronius,
496 979 598 1018 dato.
630 979 738 1031 Qid
769 979 822 1017 est
847 978 954 1018 hoc?
986 988 1121 1017 utrum
1152 979 1328 1017 Praetoris
1362 977 1583 1016 institutum
1617 977 1658 1013 in

251 1042 387 1091 socios,
419 1059 465 1083 an
497 1046 538 1083 in
567 1043 693 1083 hostes
723 1046 843 1083 vidtos
878 1045 998 1083 insani
1018 1045 1204 1089 edi&um,
1235 1054 1349 1097 atque
1369 1044 1577 1096 imperium
1599 1051 1661 1094 ty-

253 1111 392 1148 ranni?
424 1111 511 1163 Ego
531 1109 789 1154 tantumdem,
811 1119 1000 1162 quantum
1023 1110 1089 1147 ille
1111 1110 1352 1163 poposcerit?
1380 1109 1508 1163 poscet
1528 1121 1660 1152 omne,

252 1184 444 1228 quantum
465 1189 678 1213 exaravero.
725 1175 834 1226 Qid
855 1176 998 1213 omne?
1032 1175 1156 1213 immo
1177 1176 1263 1228 plus
1293 1175 1425 1221 etiam,
1458 1176 1601 1228 inquit,
1633 1176 1662 1214 fi

252 1242 371 1281 volet.
404 1242 513 1295 Qid
534 1250 621 1280 tum
639 1241 651 1278 ?
685 1241 794 1293 Qid
814 1240 970 1279 censes?
1002 1242 1086 1280 Aut
1107 1241 1228 1286 dabis,
1251 1250 1316 1280 aut
1336 1250 1469 1280 contra
1488 1242 1660 1280 edietum

252 1307 380 1348 feciffe
405 1308 648 1347 damnabere.
682 1309 754 1347 Per
774 1308 879 1347 Deos
900 1307 1162 1347 immortales!
1195 1308 1291 1361 quid
1321 1308 1374 1347 est
1392 1307 1499 1347 hoc?
1531 1309 1661 1347 verifi-

253 1375 349 1414 mile
367 1375 474 1414 enim
504 1388 584 1413 non
614 1374 680 1413 est.
713 1374 775 1413 Sic
804 1372 905 1412 mihi
931 1374 1150 1427 persuadeo,
1181 1374 1354 1426 Judices,
1390 1374 1539 1413 tametfi
1573 1389 1661 1413 om-

253 1441 319 1480 nia
336 1442 378 1480 in
397 1442 515 1480 istum
544 1439 750 1480 hominem
776 1441 981 1480 convenire
1010 1441 1169 1494 putetis,
1201 1450 1329 1479 tamen
1359 1440 1436 1480 hoc
1457 1441 1565 1480 vobis
1585 1440 1661 1479 fal-

254 1507 341 1547 sum
370 1509 505 1548 videri.
551 1508 639 1561 Ego
669 1508 796 1553 enim,
828 1521 920 1546 cum
948 1506 1024 1546 hoc
1058 1516 1139 1546 tota
1172 1507 1300 1546 Sicilia
1334 1507 1501 1553 diceret,
1533 1518 1663 1546 tamen

254 1575 442 1614 affirmare
464 1587 541 1613 non
561 1575 754 1619 auderem,
786 1574 811 1612 fi
838 1573 920 1612 haec
951 1574 1072 1612 edicta
1105 1587 1183 1612 non
1203 1587 1249 1612 ex
1269 1573 1383 1627 ipfius
1405 1574 1546 1613 tabulis
1568 1575 1662 1613 toti-

253 1640 347 1679 dem
367 1641 490 1679 verbis
518 1641 673 1677 recitare
692 1639 837 1692 poffem
853 1657 866 1683 5
898 1639 1009 1676 ficuti
1038 1638 1192 1677 faciam.
1226 1639 1300 1683 Da,
1334 1639 1474 1691 quaeso,
1502 1639 1658 1678 scribae:

257 1707 391 1745 recitet
421 1719 469 1744 ex
499 1706 647 1744 codice.
697 1705 834 1743 Recita
864 1705 1034 1742 edidhxm
1066 1705 1112 1743 de
1141 1703 1383 1757 profeffione.
1429 1706 1659 1744 EmewM

259 1786 313 1812 DE
340 1784 650 1811 PROFESSIONE.
683 1770 811 1824 Negat
832 1784 895 1808 me
915 1772 1070 1810 recitare
1091 1780 1234 1809 totum.
1267 1771 1373 1809 Nam
1394 1771 1433 1809 id
1455 1771 1663 1824 significare

256 1849 355 1878 nutu
376 1838 539 1877 videtur.
573 1837 682 1889 Qid
701 1847 882 1890 praetereo
902 1838 914 1875 ?
937 1851 983 1875 an
1004 1837 1117 1882 illud,
1140 1838 1207 1875 ubi
1228 1850 1335 1875 caves
1358 1846 1486 1875 tamen
1508 1838 1662 1883 Siculis,

256 1914 296 1943 et
329 1905 485 1943 miseros
516 1903 667 1956 respicis
702 1904 893 1942 aratores?
935 1903 1053 1941 edicis
1086 1904 1206 1947 enim,
1243 1913 1280 1941 te
1312 1903 1351 1940 in
1386 1903 1661 1948 decumanum,

257 1971 283 2010 fi
303 1971 413 2025 plura
431 1970 756 2023 sustulerit,quam
778 1970 954 2008 debitum
986 1970 1043 2015 fit,
1074 1970 1115 2008 in
1148 1969 1349 2022 06109100]
1376 1970 1574 2022 judicium
1595 1971 1662 2008 da-

257 2046 392 2075 turum
412 2037 497 2074 effe.
530 2036 647 2075 Nihil
668 2036 767 2074 mihi
794 2037 920 2090 placet
940 2036 1195 2089 praetermitti.
1229 2036 1366 2074 Recita
1397 2035 1471 2075 hoc
1492 2051 1662 2090 quoque,

258 2103 364 2155 quod
398 2102 590 2155 postulat;
623 2111 751 2140 totum
785 2103 913 2141 recita.
958 2103 1182 2141 Emcwm
1207 2116 1263 2140 DE
1289 2115 1477 2153 JUDICIO
1514 2116 1559 2142 IN
1585 2117 1663 2141 oc-

260 2182 470 2208 TUPLUM.
503 2168 659 2220 Judicio
679 2178 721 2206 ut
741 2178 861 2207 arator
877 2169 1135 2207 decumanum
1157 2168 1400 2222 persequatur
1419 2170 1432 2207 ?
1464 2170 1661 2214 miserum,

257 2246 374 2289 atque
393 2236 590 2288 iniquum,
622 2248 670 2274 ex
690 2249 779 2288 agro
799 2234 976 2274 homines
998 2236 1146 2274 traduci
1168 2237 1207 2274 in
1229 2235 1373 2281 forum,
1401 2236 1447 2274 ab
1479 2246 1597 2274 aratro
1617 2236 1663 2273 ad

258 2301 446 2347 subsellia,
475 2301 521 2340 ab
543 2301 610 2339 usu
631 2315 758 2340 rerum
779 2301 1004 2340 rusticarum
1036 2302 1082 2340 ad
1104 2301 1295 2340 insolitam
1318 2303 1442 2345 litem,
1466 2311 1580 2352 atque
1594 2301 1662 2352 ju-

262 2367 424 2407 dicium.

315 2433 387 2471 XI.
421 2435 526 2473 Cum
557 2435 740 2475 omnibus
776 2436 816 2475 in
847 2435 929 2475 aliis
962 2434 1225 2488 veffigalibus,
1255 2433 1365 2477 Afiae,
1408 2431 1662 2477 Macedoniae,

263 2498 472 2552 Hispaniae‚
495 2502 648 2548 Galliae,
669 2502 826 2549 Africae,
848 2503 1041 2547 Sardiniae,
1070 2501 1188 2554 ipsius
1212 2499 1343 2543 Italiae,
1365 2512 1450 2552 quae
1469 2498 1666 2552 vectigalia

1208 2566 1255 2604 M
1276 2579 1317 2604 m
1341 2578 1361 2604 2
