2201 2792
678 141 845 178 PRO
906 142 950 178 P.
1013 141 1447 192 QUINTIO.
1722 160 1767 175 w

1720 176 1766 199 Q)

353 242 487 285 fervet,
510 240 709 292 ferturque
729 242 898 286 avaritia,
934 251 976 280 ut
1007 243 1054 280 de
1076 241 1150 280 suis
1173 242 1392 281 commodis
1423 243 1595 295 aliquam
1623 254 1768 296 partem

352 309 453 346 nolit
474 308 663 352 amittere,
696 322 743 346 ne
775 323 895 361 quam
929 319 1079 362 partem
1099 307 1193 347 huic
1225 310 1447 363 propinquo
1468 311 1534 348 suo
1566 311 1683 349 ullius
1705 326 1768 350 or-

352 376 527 413 namenti
547 376 772 428 relinquat?
806 377 859 414 Et
889 377 922 415 is
942 377 1163 430 pecuniam,
1195 377 1222 414 fi
1243 390 1318 429 qua
1343 377 1559 423 deberetur,
1591 392 1669 416 non
1700 393 1768 432 pe-

351 451 460 487 teret,
496 443 579 495 qui,
611 444 715 495 quia,
748 444 854 496 quod
885 444 1063 483 debitum
1095 458 1300 497 nunquam
1334 444 1416 490 est,
1448 446 1487 483 id
1521 445 1656 484 datum
1692 460 1770 484 non

350 509 417 555 est,
449 523 527 548 non
549 511 756 563 pecuniam
788 511 921 557 modo,
943 525 1079 550 verum
1109 512 1226 550 etiam
1247 510 1419 550 hominis
1452 513 1663 566 propinqui
1685 512 1767 550 san-

350 576 513 628 guinem
533 577 733 630 vitamque
754 579 897 631 eripere
917 587 1077 617 conatur
1096 579 1108 616 ?
1141 578 1252 617 Huic
1284 587 1328 617 tu
1355 579 1538 618 molestus
1570 579 1641 618 effe
1662 579 1767 617 vide«

351 642 443 681 licet
464 643 635 688 noluisti,
667 658 786 696 quem
807 658 912 683 nunc
934 645 1111 698 respirare
1130 644 1252 683 libere
1270 659 1350 684 non
1372 646 1460 684 finis
1479 646 1491 683 ?
1524 659 1644 698 quem
1665 659 1769 684 nunc

349 708 566 747 interficere
587 709 730 748 nefarie
750 712 875 764 cupis,
912 726 1003 750 eum
1025 721 1112 750 tum
1142 711 1333 765 pudenter
1366 711 1556 766 appellare
1577 712 1734 751 nolebas
1755 712 1767 748 ?

350 776 410 814 Ita
430 777 559 816 credo.
593 778 815 816 Hominem
835 780 1118 832 propinquum,
1152 779 1211 818 tui
1237 779 1515 825 observantem,
1546 779 1675 819 virum
1698 780 1769 818 bo-

349 856 461 889 num,
507 844 735 897 pudentem,
771 846 959 898 majorem
992 856 1084 884 natu
1099 876 1109 891 ,
1158 845 1330 891 nolebas,
1366 855 1432 884 aut
1468 860 1546 885 non
1580 846 1768 892 audebas,

349 910 552 961 appellare.
597 912 716 964 Saepe,
754 921 797 949 ut
817 911 875 957 fit,
907 925 1000 950 cum
1021 912 1099 965 ipse
1120 921 1157 950 te
1177 911 1450 958 confirmasses,
1472 926 1566 951 cum
1586 913 1769 952 statuiss‘es

350 974 396 1011 de
416 976 580 1027 pecunia
596 977 838 1015 mentionem
859 977 996 1023 facere,
1018 992 1111 1016 cum
1128 987 1278 1032 paratus
1294 979 1580 1032 meditatusque
1598 978 1768 1024 venisses,

350 1038 472 1078 homo
503 1041 681 1085 timidus,
716 1042 894 1094 virginali
925 1045 1169 1088 verecundia,
1204 1045 1331 1083 subito
1362 1045 1441 1098 ipse
1475 1054 1513 1084 te
1544 1047 1734 1085 retinebas
1753 1066 1767 1091 5

351 1106 552 1144 excidebat
572 1116 737 1159 repente·
759 1110 894 1146 oratio.
939 1110 1046 1147 Cum
1067 1123 1226 1162 cuperes
1247 1110 1452 1164 appellare,
1485 1125 1563 1150 non
1589 1113 1770 1161 audebas,

348 1184 396 1208 ne
416 1171 561 1210 invitus
583 1172 731 1209 audiret
749 1187 758 1210 ε
791 1173 831 1210 id
852 1182 929 1210 erat
950 1173 1138 1226 profecto.

403 1239 498 1277 XII.
533 1238 748 1277 Credamus
783 1238 873 1285 hoc,
907 1241 995 1278 Sex.
1024 1241 1225 1287 Naevium,
1258 1243 1368 1293 cujus
1401 1253 1519 1296 caput
1551 1257 1767 1300 oppugnet,

348 1306 430 1358 ejus
465 1306 620 1344 auribus
652 1307 874 1359 pepercisse.
922 1307 961 1346 Si
987 1307 1188 1353 debuiffet,
1221 1310 1348 1354 Sexte,
1381 1310 1531 1363 petiffes
1552 1312 1708 1359 statim3
1741 1315 1768 1353 si

348 1387 428 1411 non
448 1373 591 1418 statim,
621 1374 736 1427 paulo
756 1375 916 1427 quidem
938 1375 1022 1428 post
1038 1394 1049 1420 ς
1082 1375 1108 1413 fi
1129 1389 1208 1414 non
1228 1377 1359 1429 paulo,
1389 1387 1426 1415 at
1447 1378 1646 1431 aliquanto
1663 1399 1674 1425 ς
1707 1381 1768 1420 sex

349 1440 510 1493 quidem
532 1441 609 1479 illis
642 1441 836 1480 mensibus
858 1441 1056 1495 profect03
1088 1456 1189 1482 anno
1209 1438 1380 1483 vertente
1402 1444 1478 1482 fine
1498 1448 1766 1486 controversia.

348 1509 467 1546 Anno
497 1517 535 1545 et
561 1508 623 1546 sex
644 1508 838 1547 menfibus
860 1523 962 1554 vero,
995 1523 1089 1548 cum
1110 1510 1183 1548 tibi
1204 1511 1379 1563 quotidie
1410 1513 1571 1565 potestas
1593 1512 1767 1552 hominis

348 1573 478 1612 fuifl‘et
497 1575 747 1620 admonendi,
785 1576 948 1614 verbum
970 1576 1126 1615 nullum
1146 1576 1240 1615 facis
1260 1593 1269 1616 :
1304 1578 1462 1616 biennio
1476 1579 1560 1631 jam
1591 1580 1769 1619 confe&o

349 1640 440 1685 fere,
462 1641 645 1693 appellas.
679 1643 779 1693 Qis
802 1652 879 1680 tam
903 1643 1089 1696 perditus,
1120 1657 1163 1682 ac
1191 1643 1369 1697 profusus
1390 1658 1524 1698 nepos,
1557 1659 1635 1684 non
1662 1648 1770 1685 adesa

342 1708 439 1759 jam,
475 1707 537 1745 sed
569 1707 781 1745 abundanti
801 1709 919 1746 etiam
940 1710 1117 1762 pecunia,
1151 1711 1200 1747 fic
1222 1710 1422 1748 dissolutus
1454 1711 1596 1757 fuiffet,
1629 1723 1672 1751 ut
1691 1713 1768 1753 fuit

349 1777 435 1812 Sex.
455 1775 644 1812 Naevius?
679 1776 784 1813 Cum
804 1774 1011 1815 hominem
1031 1777 1208 1822 nomino,
1236 1776 1322 1815 satis
1344 1776 1446 1815 mihi
1467 1778 1598 1817 videor
1626 1780 1765 1820 dicere.

402 1841 555 1880 Debuit
576 1842 649 1880 tibi
671 1843 718 1880 C.
743 1843 933 1894 Qintius
952 1859 961 1882 2
994 1857 1195 1896 nunquam
1216 1844 1357 1897 petisti.
1391 1845 1577 1884 Mortuus
1598 1846 1650 1884 est
1671 1848 1765 1893 ille3

349 1922 403 1946 res
425 1908 471 1946 ad
491 1907 674 1947 heredem
694 1909 812 1947 venit.
847 1910 952 1947 Cum
974 1923 1065 1948 eum
1086 1910 1262 1962 quotidie
1278 1911 1439 1956 videres,
1458 1912 1541 1964 post
1562 1913 1768 1952 biennium

348 1976 516 2028 denique
534 1975 714 2028 appellas.
760 1976 1032 2022 Dubitabitur,
1055 1986 1189 2015 utrum
1212 1978 1257 2015 fit
1275 1978 1529 2031 probabiliuS,
1560 1980 1645 2018 Sex.
1670 1982 1766 2019 Nae-

347 2042 457 2080 vium
479 2042 621 2087 statim,
644 2042 669 2080 si
692 2042 787 2095 quid
809 2043 1023 2089 deberetur,
1054 2045 1272 2096 petiturum
1293 2043 1431 2090 fuiffe;
1465 2059 1526 2091 an,
1557 2060 1605 2084 ne
1632 2048 1765 2100 appel-

350 2109 519 2146 laturum
541 2110 701 2161 quidem
732 2110 889 2148 biennio
909 2111 921 2148 ?
953 2111 1189 2164 Appellandi
1211 2121 1364 2165 tempus
1385 2126 1463 2151 non
1489 2123 1566 2151 erat
1585 2114 1597 2150 ?
1630 2117 1685 2152 At
1708 2124 1766 2152 te-

348 2189 441 2213 cum
462 2176 549 2229 plus
571 2190 717 2215 annum
739 2177 850 2216 vixit.
884 2179 929 2216 In
953 2178 1083 2216 Gallia
1103 2180 1163 2232 agi
1184 2193 1261 2217 non
1284 2180 1412 2232 potuit
1432 2180 1443 2217 ?
1478 2182 1533 2218 At
1554 2191 1591 2218 et
1612 2181 1651 2218 in
1672 2195 1765 2233 pro-

347 2243 474 2280 vincia
498 2244 563 2295 jus
598 2243 826 2289 dicebatur3
860 2255 897 2282 et
919 2245 1220 2298 Romaejudicia
1247 2246 1404 2285 fiebant.
1456 2247 1600 2291 Restat,
1637 2256 1680 2284 ut
1701 2257 1766 2285 aut

349 2309 498 2347 summa
519 2310 756 2363 negligentia
777 2312 849 2349 tibi
869 2311 1074 2357 obstiterit,
1107 2322 1173 2350 aut
1194 2313 1306 2351 unica
1327 2314 1545 2351 liberalitas.
1580 2314 1617 2350 Si
1640 2314 1766 2366 negli-

349 2377 522 2428 gentiam
557 2377 674 2423 dices,
717 2379 976 2425 mirabimur,
1019 2380 1045 2417 fi
1076 2380 1306 2424 bonitatem,
1343 2380 1555 2417 ridebimus
1575 2395 1583 2417 :
1627 2394 1764 2432 neque,

351 2453 525 2493 praeterea
541 2444 635 2496 quid
658 2445 770 2497 poffis
792 2447 931 2492 dicere,
950 2447 1118 2486 invenio.
1141 2448 1236 2485 Satis
1254 2448 1305 2483 est
1323 2447 1556 2498 argumenti,
1576 2447 1674 2485 nihil
1696 2448 1766 2486 effi:

351 2509 529 2548 debitum
549 2512 703 2557 'Nm-io,
726 2513 832 2564 quod
854 2515 1004 2552 tamdiu
1024 2514 1125 2552 nihil
1145 2514 1297 2566 petivit.

1379 2581 1409 2617 13
1440 2594 1457 2617 a
