2201 2792
776 117 912 156 PRo
970 120 1022 157 A.
1083 120 1391 160 cAEc1NA.
1703 140 1777 179 513

447 216 596 254 Verum
617 216 643 254 s1
664 215 823 269 quidem
853 216 926 254 erit
956 229 1152 255 armorum
1166 217 1361 269 judicium
1380 237 1392 263 ς
1425 228 1509 257 tum
1534 219 1601 258 ista
1632 220 1778 260 dicito:

384 283 484 335 juris
501 283 696 336 judicium
716 296 809 321 cum
829 283 914 328 erit,
947 292 986 321 et
1006 284 1224 336 aequitatis,
1256 297 1346 323 cave
1371 285 1411 322 in
1439 285 1505 323 ista
1525 295 1602 324 tarn
1624 286 1779 340 frigida,

392 359 472 387 tam
488 351 634 401 jejuna,
661 349 857 387 calumnia
876 349 1085 389 delitescas.
1117 350 1213 389 Non
1233 351 1339 389 enim
1361 351 1520 405 reperies
1541 366 1780 404 quemquam

385 416 574 467 judicem,
596 424 661 453 aut
682 424 999 468 recuperatorem,
1021 416 1103 469 qui,
1127 425 1311 469 tanquam
1331 418 1357 454 fi
1378 431 1481 456 arma
1501 418 1638 457 militis
1659 418 1779 472 inspi-

389 483 526 521 cienda
545 484 630 528 fint,
652 483 705 521 ita
723 482 859 536 probet
874 493 1090 527 armatum3
1112 482 1174 521 sed
1193 483 1349 536 perinde
1369 484 1522 530 valebit,
1545 485 1647 538 quasi
1668 499 1779 524 orna-

391 549 523 587 tiffimi
543 548 701 594 fuerint,
737 549 763 586 fi
785 549 1021 601 reperientur
1039 549 1091 587 ita
1116 550 1234 602 parati
1255 548 1378 596 fuiffe,
1412 559 1456 589 ut
1476 551 1557 589 vim
1584 552 1685 597 vstae,
1716 562 1780 590 aut

390 616 556 667 corpori,
577 615 775 667 potuerint
794 613 939 652 afferre.

445 682 579 719 XXII.
612 682 757 732 Atque,
780 688 823 718 ut
843 680 964 732 magis
985 679 1191 733 intelligas,
1214 693 1333 733 quam
1353 681 1465 720 verba
1481 681 1583 721 nihil
1602 683 1749 722 valeant
1767 699 1777 722 t

391 747 429 784 Si
450 756 492 785 tu
513 746 626 791 solus,
644 756 708 785 aut
728 747 853 798 quivis
875 760 986 791 unus,
1008 760 1099 785 cum
1116 747 1236 791 scuto,
1256 761 1348 786 cum
1367 748 1510 801 gladio,
1529 749 1724 803 impetum
1739 751 1779 789 in

390 827 455 852 me
474 813 634 858 feciffes,
656 822 769 865 atque
789 826 860 865 ego
880 813 933 850 ita
952 813 1118 865 dejeetus
1145 813 1258 852 effem
1276 833 1287 859 ς
1319 815 1520 853 auderesne
1550 816 1688 862 dicere,
1715 818 1778 855 in-

391 881 597 919 terdictum
630 880 700 918 effe
731 880 777 917 de
810 880 963 918 armatis
983 879 1226 926 hominibus,
1261 879 1327 919 hic
1346 890 1474 920 autem
1494 882 1698 922 hominem
1718 897 1778 923 ar-

389 957 541 985 matum
563 961 686 985 unum
707 945 846 984 fuiffe?
880 947 989 991 Non,
1011 947 1162 999 opinor,
1194 956 1273 985 tam
1293 948 1499 1000 impudens
1519 948 1622 987 effes.
1655 951 1780 1004 Atqui

389 1014 489 1058 vide,
511 1027 559 1051 ne
580 1014 707 1052 multo
727 1026 830 1050 nunc
851 1013 895 1051 fis
923 1013 1213 1066 impudentior:
1246 1027 1336 1052 nam
1358 1024 1443 1053 tum
1464 1016 1624 1068 quidem
1643 1030 1777 1055 omnes

390 1081 570 1119 mortales
591 1080 795 1133 implorare
815 1079 948 1133 poffes,
982 1079 1088 1132 quod
1107 1079 1285 1118 homines
1307 1081 1347 1119 in
1368 1090 1436 1119 tuo
1456 1083 1613 1135 negotio
1642 1084 1780 1123 Latine

390 1147 498 1200 loqui
519 1147 833 1186 obliviscerentur
848 1165 859 1191 5
892 1146 997 1198 quod
1017 1146 1181 1184 inermes
1199 1147 1334 1185 armati
1347 1147 1614 1199 judicarentur
1625 1166 1637 1194 3
1657 1150 1777 1202 quod,

389 1227 482 1251 cum
502 1213 750 1252 interdiftum
771 1212 858 1250 effet
878 1212 925 1251 de
944 1211 1135 1265 pluribus,
1172 1212 1373 1252 commissa
1401 1227 1457 1252 res
1479 1212 1567 1253 effet
1593 1215 1640 1253 ab
1670 1229 1748 1255 uno
1762 1234 1776 1261 3

389 1293 488 1318 unus
506 1279 626 1318 homo
646 1280 775 1332 plures
795 1279 867 1317 effe
886 1278 1064 1317 homines
1079 1279 1358 1331 judicarentur.

415 1347 562 1385 Verum
582 1347 623 1384 in
642 1345 703 1384 his
723 1345 840 1384 causis
865 1359 944 1383 non
964 1345 1077 1383 verba
1095 1345 1256 1384 veniunt
1276 1346 1316 1384 in
1330 1347 1542 1399 judicium,
1565 1347 1626 1386 sed
1645 1361 1687 1386 ea
1705 1362 1777 1394 res,

387 1413 496 1465 cujus
517 1413 625 1451 causa
655 1413 768 1450 verba
787 1410 868 1449 haec
899 1412 940 1449 in
971 1411 1219 1450 interdietum
1240 1413 1408 1464 conjecta
1428 1413 1528 1452 sunt,
1560 1414 1670 1459 Vim,
1692 1429 1778 1467 quae

386 1479 433 1516 ad
452 1488 567 1531 caput
586 1487 624 1516 et
643 1478 689 1515 ad
705 1478 823 1514 vitam
845 1477 1024 1529 pertinet,
1043 1477 1186 1514 restitui
1206 1478 1283 1515 fine
1303 1478 1382 1516 ulla
1396 1480 1623 1532 exceptione
1641 1481 1776 1519 volue—

388 1554 491 1583 runt.
525 1545 581 1582 Ea
610 1544 655 1582 fit
675 1543 902 1596 plerumque
921 1557 988 1595 per
1019 1542 1197 1581 homines
1219 1545 1368 1583 coactos
1398 1546 1662 1599 armatosque:
1692 1561 1777 1601 quae

386 1611 413 1649 fi
433 1611 507 1649 alio
527 1610 698 1655 confilio,
720 1609 855 1648 eodem
871 1610 1057 1662 periculo,
1074 1608 1173 1648 faeta
1192 1610 1237 1649 fit
1249 1629 1261 1655 5
1292 1611 1426 1650 eodem
1443 1613 1531 1665 jure
1550 1612 1621 1651 effe
1641 1614 1776 1652 volue-

387 1687 490 1715 runt.
522 1677 617 1715 Non
637 1677 742 1714 enim
770 1676 891 1728 major
920 1676 973 1714 est
992 1676 1144 1727 injuria,
1175 1677 1201 1715 fi
1223 1686 1286 1715 tua
1306 1676 1468 1723 familia,
1502 1692 1619 1731 quam
1640 1679 1666 1717 s1
1687 1689 1776 1718 tuus

388 1743 540 1781 villicus
559 1758 568 1781 ι
602 1756 693 1787 non,
716 1742 741 1780 fi
763 1743 820 1780 tui
840 1742 946 1787 servi,
969 1755 1086 1794 quam
1107 1742 1133 1780 fi
1154 1743 1266 1780 alieni
1287 1756 1330 1781 ac
1350 1744 1575 1782 mercenarii
1593 1759 1602 1783 z
1630 1758 1722 1790 non,
1750 1745 1776 1784 fi

387 1819 475 1847 tuus
495 1819 731 1862 procurator,
753 1821 870 1860 quam
892 1808 917 1846 fi
938 1808 1101 1853 vicinus,
1133 1818 1197 1847 aut
1217 1809 1378 1847 libertus
1399 1819 1486 1848 tuus
1505 1825 1513 1848 :
1546 1824 1638 1856 non,
1660 1811 1686 1849 fi
1707 1825 1775 1850 co-

387 1877 478 1914 aftis
498 1875 739 1920 hominibus,
771 1889 888 1928 quam
909 1875 933 1912 fi
962 1876 1199 1920 voluntariis,
1234 1886 1298 1914 aut
1318 1877 1433 1915 etiam
1455 1877 1604 1915 affiduis
1636 1891 1677 1915 ac
1704 1878 1776 1917 do-

387 1942 579 1981 mesticis:
613 1955 705 1986 non,
727 1941 753 1979 fi
773 1942 940 1986 armatis,
970 1955 1085 1993 quam
1109 1942 1134 1979 si
1155 1942 1382 1987 inermibus,
1404 1944 1469 1995 qui
1493 1944 1571 1981 vim
1592 1942 1777 1982 haberent

387 2018 621 2046 armatorum
641 2008 686 2045 ad
708 2008 925 2045 nocendum
945 2023 953 2045 ;
988 2022 1078 2051 non,
1103 2008 1127 2045 fi
1149 2009 1340 2060 pluribus,
1369 2023 1484 2061 quam
1507 2010 1531 2048 fi
1555 2023 1630 2048 uno
1651 2024 1775 2049 arma-

387 2087 442 2114 to.
475 2077 630 2127 Qibus
651 2076 755 2114 enim
777 2077 888 2114 rebus
910 2076 1138 2128 plerumque
1170 2077 1225 2113 vis
1248 2076 1304 2121 fit,
1336 2077 1523 2128 ejusmodi
1554 2077 1612 2115 hae
1633 2091 1687 2116 res
1709 2092 1774 2131 ap-

386 2143 579 2196 pellantur
598 2143 799 2181 interdi&o
817 2158 826 2181 :
859 2143 884 2180 fi
905 2156 972 2195 per
992 2142 1081 2180 alias
1103 2156 1158 2181 res
1180 2143 1312 2181 eadem
1332 2143 1429 2182 faeta
1454 2145 1510 2183 vis
1530 2144 1607 2189 est3
1639 2159 1693 2190 ea,
1718 2155 1774 2182 ta-

387 2210 495 2248 metfi
514 2210 639 2247 verbis
669 2209 861 2247 interdicti
894 2223 971 2247 non
1002 2208 1263 2255 concluditur,
1295 2219 1423 2248 tamen
1456 2211 1636 2249 sententia
1660 2211 1774 2262 juris,

386 2284 501 2327 atque
521 2276 756 2320 auctoritate,
779 2276 977 2313 retinetur.

443 2342 598 2380 XXIII.
630 2342 758 2380 Venio
778 2342 945 2380 nuncad
965 2340 1063 2379 illud
1085 2350 1226 2380 tuum:
1259 2343 1335 2380 'Vm
1356 2341 1470 2393 dijecf,
1488 2343 1528 2394 st
1543 2341 1698 2392 nonstw
1711 2357 1774 2381 ac-

391 2405 521 2445 cedere.
554 2408 655 2445 Puto
675 2416 711 2445 te
731 2408 871 2462 ipsum,
895 2407 994 2454 Piso,
1019 2409 1239 2460 perspicere,
1263 2417 1406 2459 quanto
1427 2407 1492 2444 ista
1519 2407 1560 2445 sit
1586 2407 1776 2459 angustior

472 2474 539 2511 To
552 2485 602 2511 M.
626 2473 697 2512 IV.
1366 2475 1403 2510 T
1427 2483 1440 2512 t
1462 2483 1476 2511 t
