2201 2792
723 166 895 209 PRO
954 164 1001 204 P.
1061 158 1499 213 QUINTIO.
1768 169 1823 210 45

404 271 624 331 postulatio,
659 268 779 309 mitto
799 279 922 320 aequa,
947 276 1085 303 verum
1115 270 1203 300 ante
1221 259 1298 299 hoc
1330 268 1486 312 tempus
1519 269 1567 295 ne
1587 254 1704 294 fando
1735 256 1827 309 qui-

406 344 494 382 dem
516 340 658 379 audita.
690 338 754 377 De
783 349 823 375 re
842 332 1064 388 pecuniaria
1090 329 1210 384 cupio
1229 327 1488 367 contendere:
1526 323 1731 363 nonlicet.
1775 325 1831 361 At

407 424 450 449 ea
469 405 723 448 controverfia
742 403 808 442 est.
852 400 972 442 Nihil
993 399 1039 438 ad
1070 411 1135 437 me
1160 396 1323 442 attinet;
1356 393 1508 434 causam
1539 390 1676 445 capitis
1712 390 1831 433 dicas,

407 486 574 532 oportet.
617 472 782 517 Accusa,
804 469 874 509 ubi
894 469 948 507 ita
966 465 1113 506 neceffe
1132 464 1200 503 est.
1243 463 1354 509 Non,
1382 460 1527 514 inquit,
1560 458 1630 497 nifi
1662 467 1705 496 tu
1730 465 1831 500 ante,

410 558 512 582 novo
532 540 664 586 modo,
695 538 821 592 priore
841 535 929 574 loco
950 533 1092 572 dixeris
1111 546 1122 571 ι
1156 529 1370 569 dicendum
1402 524 1605 566 neceffario
1625 523 1701 562 est:
1736 536 1834 576 prae-

411 609 610 649 stituendae
630 607 735 646 horae
755 604 802 643 ad
821 601 1028 642 arbitrium
1049 597 1223 638 nostrum
1242 611 1251 636 :
1278 595 1402 649 judex
1422 593 1501 648 ipse
1521 590 1736 631 arceffetur.

469 676 579 729 Qid
600 674 716 713 tum?
748 673 817 711 Tu
848 670 1023 722 aliquem
1049 675 1259 721 patronum
1280 663 1466 707 invenies,
1497 659 1704 700 hominem
1734 655 1837 694 anti-

414 744 484 798 qui
504 742 639 787 officii,
659 740 727 794 qui
748 737 991 793 splendorem
1012 733 1188 773 nostrum
1207 740 1246 770 et
1266 730 1431 784 gratiam
1452 727 1624 781 negligat
1643 725 1655 762 ?
1679 725 1754 763 Pro
1775 735 1840 760 me

414 810 607 866 pugnabit
638 810 687 848 L.
712 806 936 859 Philippus,
969 800 1205 855 eloquentia,
1236 798 1437 852 gravitate,
1469 795 1618 834 honore
1648 790 1840 831 florentis-

417 880 535 918 fimus
567 876 763 916 civitatis:
795 873 899 912 dicet
920 868 1168 913 Hortensius,
1194 865 1387 906 excellens
1419 862 1593 917 ingenio,
1624 858 1841 902 nobilitate,

418 944 702 984 existimatione
721 957 730 980 :
762 940 924 978 aderunt
943 946 1075 976 autern
1097 934 1279 974 homines
1299 929 1542 975 nobiliffirni,
1565 942 1608 967 ac
1625 923 1844 981 potentifli-

421 1011 493 1056 mi,
516 1022 686 1062 quorum
714 1005 976 1057 frequentiam
1008 1012 1047 1040 et
1077 999 1292 1040 conseffum
1319 1011 1398 1037 non
1425 996 1545 1036 modo
1566 996 1611 1034 P.
1636 991 1844 1044 QintiUS,

424 1076 494 1128 qui
515 1075 561 1113 de
578 1073 705 1126 capite
731 1069 916 1113 decernit,
948 1066 1010 1105 sed
1041 1065 1185 1118 quivis,
1217 1064 1286 1116 qui
1305 1072 1414 1101 extra
1433 1060 1654 1115 periculum
1675 1058 1734 1102 fit,
1756 1068 1846 1108 per-

424 1141 630 1181 horrescat.
682 1139 781 1177 Haec
812 1136 865 1173 est
899 1135 1036 1186 iniqua
1059 1131 1247 1176 certatio,
1284 1143 1363 1168 non
1397 1129 1488 1174 illa,
1525 1140 1602 1180 qua
1636 1135 1680 1164 tu
1714 1131 1848 1162 contra

425 1207 657 1262 Alphenum
678 1202 927 1245 velitabaris;
959 1199 1069 1243 huic,
1101 1210 1149 1235 ne
1180 1196 1250 1234 ubi
1282 1195 1501 1233 consisteret
1532 1193 1694 1246 quidem
1716 1199 1850 1229 contra

426 1285 477 1321 te,
508 1275 643 1312 locum
664 1268 869 1322 reliquisti.
914 1268 1045 1318 Qare
1067 1272 1133 1302 aut
1161 1262 1295 1301 doceas
1317 1269 1485 1314 oportet,
1518 1257 1749 1311 Alphenum
1780 1269 1849 1293 ne-

429 1341 526 1397 gafl‘e
546 1341 581 1380 se
612 1346 902 1393 procuratorem
923 1334 1008 1379 effe,
1046 1345 1125 1370 non
1156 1329 1329 1382 dejecifl‘e
1364 1328 1532 1372 libellos,
1560 1325 1758 1379 judicium
1786 1337 1851 1360 ac-

430 1410 557 1463 cipere
577 1404 761 1450 noluiffe3
790 1412 868 1448 aut,
891 1415 986 1440 cum
1006 1399 1090 1438 haec
1110 1398 1164 1437 ita
1183 1396 1282 1435 facta
1303 1395 1389 1441 sint,
1411 1408 1458 1434 ex
1479 1393 1606 1432 edieto
1628 1401 1664 1430 te
1684 1391 1785 1429 bona
1807 1390 1852 1428 P,

433 1474 592 1528 Qintii
613 1486 693 1511 non
713 1468 910 1524 poffediffe
930 1466 1133 1506 concedas.

478 1542 637 1583 XXIII.
670 1538 849 1583 Etenim,
885 1536 912 1574 fi
932 1549 980 1574 ex
1011 1535 1138 1573 edieto
1158 1530 1365 1587 poffedisti,
1398 1538 1543 1582 quaero,
1565 1540 1635 1565 cur
1655 1525 1757 1564 bona
1777 1535 1856 1561 non

434 1609 653 1650 venierint?
697 1620 766 1645 cur
786 1605 915 1644 caeteri
949 1601 1143 1656 sponsores
1170 1610 1208 1639 et
1228 1598 1436 1638 creditores
1457 1609 1537 1634 non
1573 1590 1854 1632 convenerint?

435 1677 623 1716 Nemone
643 1672 734 1718 fuit,
749 1671 820 1712 cui
829 1670 985 1708 deberet
1008 1667 1199 1719 Qintius
1219 1667 1231 1704 ?
1251 1667 1428 1704 Fuerunt
1440 1681 1452 1708 ;
1476 1670 1514 1700 et
1527 1659 1749 1712 complures
1769 1655 1857 1694 fue·

437 1752 552 1783 runt:
581 1747 783 1795 propterea
802 1736 909 1790 quod
930 1737 979 1774 C.
996 1733 1110 1773 frater
1132 1733 1378 1785 aliquantum
1398 1729 1480 1767 aeris
1501 1727 1617 1765 alieni
1637 1725 1857 1776 reliquerat.

438 1808 550 1862 Qid
570 1820 663 1860 ergo
682 1805 735 1844 est
753 1804 765 1840 ?
798 1802 995 1843 Homines
1027 1807 1135 1838 erant
1155 1798 1202 1837 ab
1222 1796 1299 1836 hoc
1321 1807 1458 1834 omnes
1479 1790 1722 1834 alieniffimi3
1755 1797 1794 1827 et
1814 1788 1861 1826 iis

439 1875 652 1916 debebatur
665 1891 677 1918 ;
700 1884 826 1924 neque
843 1879 973 1908 tamen
990 1867 1197 1920 quisquam
1214 1865 1394 1903 inventus
1416 1861 1469 1899 est
1485 1869 1565 1899 tam
1582 1857 1761 1910 infignite
1782 1856 1862 1893 im-

442 1943 602 1998 probus,
634 1940 703 1993 qui
732 1938 873 1979 violare
895 1938 940 1975 P.
964 1934 1122 1986 Qintii
1143 1930 1472 1972 existimationem
1504 1926 1670 1965 absentis
1691 1923 1862 1963 auderet.

443 2013 558 2050 Unus
590 2008 681 2053 fuit,
715 2006 856 2051 affinis,
888 2003 1026 2048 socius,
1060 2000 1300 2045 necefi‘arius,
1333 1999 1418 2037 Sex.
1441 1994 1629 2039 Naevius;
1662 1991 1745 2045 qui,
1772 2003 1866 2028 cum

445 2078 524 2132 ipse
545 2078 648 2116 ultro
679 2074 848 2119 deberet,
885 2071 988 2125 quasi
1021 2069 1168 2109 eximio
1199 2066 1361 2121 praemio
1396 2063 1545 2103 sceleris
1577 2060 1762 2114 exposito,
1794 2070 1865 2095 cu-

447 2143 640 2198 pidiffime
659 2140 923 2183 contenderet,
956 2147 998 2175 ut
1019 2150 1086 2189 per
1107 2135 1143 2173 se
1163 2134 1352 2173 afflietum
1374 2141 1489 2184 atque
1509 2128 1682 2168 eversum
1704 2124 1866 2179 propin-

447 2225 573 2265 quum
595 2210 708 2248 suum
737 2221 817 2246 non
847 2205 965 2244 modo
984 2202 1142 2242 honeste
1163 2201 1279 2255 partis
1302 2199 1431 2243 bonis,
1454 2210 1590 2236 verum
1611 2195 1727 2232 etiam
1755 2203 1867 2228 com-

449 2278 563 2318 muni
584 2277 685 2321 luce,
718 2275 896 2328 privaret.
944 2271 1023 2310 Ubi
1046 2278 1151 2308 erant
1173 2267 1301 2308 caeteri
1322 2265 1528 2304 creditores
1548 2264 1560 2300 ?
1595 2260 1762 2309 denique
1792 2254 1869 2293 hoc

450 2355 627 2398 ternpore
658 2343 727 2381 ubi
748 2341 866 2380 sunt?
899 2339 986 2392 quis
1008 2338 1074 2382 est,
1107 2336 1177 2389 qui
1208 2333 1461 2373 fraudationis
1489 2328 1598 2368 causa
1628 2323 1775 2363 latuisse
1807 2323 1869 2361 di-

453 2422 514 2451 cat
533 2413 545 2449 ?
577 2411 679 2464 quis,
712 2409 780 2462 qui
801 2407 997 2446 absentem
1017 2403 1218 2443 defensum
1240 2409 1355 2453 neget
1376 2397 1447 2436 effe
1468 2394 1683 2446 Qintium
1702 2392 1714 2429 ?
1738 2391 1873 2430 Nemo

456 2479 664 2518 invenitur.
698 2478 753 2515 At
773 2474 908 2515 contra
938 2485 1088 2517 omnes,
1125 2468 1363 2522 quibuscum
1393 2463 1488 2503 ratio
1507 2460 1602 2500 huic
1633 2468 1699 2498 aut
1719 2458 1785 2502 est,
1807 2465 1875 2494 aut
