2201 2792
527 164 603 202 292
954 153 1043 191 IN
1115 153 1496 192 VERREM

525 250 718 287 dicturum
739 248 810 287 effe
829 250 993 288 dicebat.
1028 252 1276 303 Iniquiffimis
1297 253 1434 298 verbis,
1454 251 1744 305 improbiffimis
1767 264 1924 303 recupe-

526 315 727 359 ratoribus,
762 315 971 353 conflictari
1001 317 1209 362 malebant,
1242 331 1358 369 quam
1392 319 1606 370 quidquam
1638 332 1729 356 cum
1761 317 1830 355 isto
1862 316 1925 353 sua

526 382 722 419 voluntate
743 382 927 420 decidere.
951 384 1226 421 Summittebat
1247 384 1312 422 iste
1332 385 1642 429 Timarchidem,
1665 385 1734 436 qui
1754 393 1927 422 moneret

527 462 605 493 eos,
641 449 667 486 fi
689 448 871 501 saperent,
904 458 945 486 ut
978 450 1236 502 tranfigerent.
1281 451 1556 504 Pernegabant.
1589 452 1697 502 Qid
1728 464 1818 503 ergo
1836 451 1849 486 ?
1882 450 1928 487 In

527 515 694 566 singulos
717 515 808 552 H-S
831 515 1111 567 quinquagenis
1144 515 1320 554 millibus
1354 516 1526 554 damnari
1557 517 1769 554 mavultis?
1804 515 1927 553 Malle

527 580 720 617 dicebant.
752 581 862 617 Tum
896 580 962 617 iste
994 581 1109 626 clare,
1136 582 1320 619 omnibus
1351 583 1609 627 audientibus,
1636 581 1712 633 Qu*
1740 581 1931 619 damnatus

527 647 612 691 erit,
635 646 777 698 inquit,
799 646 916 699 virgis
934 646 986 685 ad
999 662 1113 685 necem
1131 648 1301 686 caedetur.
1331 650 1412 687 Hic
1432 648 1491 686 illi
1511 649 1643 687 flentes
1665 661 1795 700 rogare
1814 656 1941 699 atque*

528 726 632 750 orare
653 721 866 765 coeperunt,
889 722 931 750 ut
952 713 1020 751 fibi
1041 713 1120 752 suas
1141 714 1296 767 segetes,
1313 713 1535 767 fructusque
1554 728 1704 759 omnes,
1726 713 1928 751 arationes-

528 793 604 831 que
624 792 757 817 vacuas
772 779 946 831 Apronio
963 779 1106 818 tradere
1125 780 1256 819 liceret
1264 799 1275 826 5
1300 790 1342 819 ut
1363 781 1430 834 ipsi
1447 781 1523 819 fine
1543 781 1771 834 ignominia,
1790 779 1930 818 moles-

528 845 657 897 tiaque
678 844 924 883 discederent.
957 845 1045 883 Hac
1063 846 1160 898 lege,
1182 847 1355 898 Judices,
1377 846 1556 885 decumas
1577 846 1751 884 vendidit
1777 846 1929 883 Verres.

528 911 647 950 Dicat
666 911 758 948 licet
776 911 1020 956 Hortensius,
1043 912 1068 949 fi
1087 913 1202 957 volet,
1224 926 1366 965 magno
1386 914 1547 950 Verrem
1567 911 1785 951 vendidisse.

583 978 737 1015 XXIX.
770 977 867 1016 Haec
888 977 1062 1015 conditio
1096 977 1173 1016 fuit
1206 979 1276 1016 isto
1297 980 1461 1017 Praetore
1486 987 1692 1023 aratorum,
1727 987 1770 1016 ut
1801 977 1932 1015 secum

528 1043 704 1097 praeclare
725 1043 785 1095 agi
804 1043 1091 1088 arbitrarentur,
1105 1043 1130 1082 fi
1149 1057 1286 1082 vacuos
1307 1057 1414 1097 agros
1428 1045 1603 1097 Apronio
1622 1044 1764 1082 tradere
1783 1043 1930 1081 liceret.

528 1109 679 1148 Multas
713 1109 817 1146 enim
853 1122 983 1147 cruces
1014 1110 1222 1162 propofitas
1256 1109 1424 1162 effugere
1461 1111 1681 1164 cupiebant.
1727 1111 1932 1162 Qantum

529 1177 727 1229 Apronius
747 1175 918 1213 edidiffet
938 1176 1081 1221 deberi,
1099 1185 1252 1215 tantum
1273 1190 1319 1214 ex
1337 1177 1461 1215 edicto
1477 1177 1646 1215 dandum
1664 1186 1754 1214 erat.
1777 1176 1931 1214 Etiam-

529 1256 578 1280 ne
597 1243 622 1280 fi
643 1242 731 1294 plus
751 1241 936 1286 edidisset,
959 1255 1076 1293 quam
1105 1251 1294 1294 quantum
1315 1251 1450 1280 natum
1478 1242 1597 1280 effet?
1629 1243 1776 1280 Etiam.
1818 1242 1932 1292 Qo-

530 1308 674 1346 modo?
698 1306 944 1359 Magistratus
966 1320 1012 1344 ex
1032 1306 1147 1359 ipsius
1167 1307 1291 1345 edicto
1311 1309 1460 1360 exigere
1491 1308 1694 1346 debebant.
1728 1309 1782 1346 At
1810 1316 1932 1344 arator

529 1383 695 1426 repetere
715 1382 885 1426 poterat:
918 1371 1051 1411 verum
1071 1374 1319 1412 Artemidoro
1346 1383 1619 1427 recuperatore.
1653 1375 1775 1425 Qid,
1799 1374 1824 1411 fi
1852 1373 1931 1411 mi-

530 1454 602 1478 nus
623 1450 744 1477 arator
758 1438 929 1484 dedisset,
948 1453 1065 1491 quam
1082 1439 1305 1492 poposciffet
1325 1441 1519 1493 Apronius
1536 1441 1548 1477 ?
1571 1441 1773 1492 Judicium
1794 1440 1833 1477 in
1850 1453 1930 1477 ara-

531 1515 656 1543 torem
690 1506 730 1543 in
752 1505 1026 1558 quadruplum.
1060 1506 1121 1543 Ex
1153 1520 1230 1558 quo
1257 1506 1439 1558 judicum
1459 1507 1650 1544 numero?
1682 1508 1745 1544 Ex
1775 1506 1933 1544 cohorte

531 1572 706 1610 Praetoris
738 1571 913 1623 praeclara
943 1570 1151 1610 hominum
1185 1571 1550 1610 honestiffimorum.
1594 1573 1703 1625 Qid
1734 1571 1930 1624 amplius?

532 1639 660 1676 minus
679 1648 713 1676 te
727 1639 911 1690 jugerum
930 1637 1137 1690 professum
1154 1638 1223 1676 effe
1239 1639 1340 1678 dico.
1363 1640 1666 1693 Recuperatores
1683 1639 1809 1691 rejice,
1827 1638 1933 1690 quod

531 1703 729 1743 adversum
749 1704 918 1741 edictum
939 1704 1088 1743 feceris.
1121 1705 1182 1742 Ex
1203 1702 1282 1757 quo
1303 1719 1465 1744 numero
1484 1707 1496 1743 ?
1528 1719 1575 1744 ex
1605 1706 1738 1744 eadem
1758 1704 1931 1743 cohorte.

533 1771 641 1822 Qid
663 1771 733 1808 erit
753 1780 971 1809 extremum
990 1770 1003 1806 ?
1036 1771 1073 1808 Si
1095 1770 1296 1810 damnatus
1322 1772 1408 1817 eris,
1433 1773 1541 1823 (nam
1562 1772 1753 1810 dubitatio
1772 1772 1931 1809 damna-

534 1826 664 1882 tionis,
682 1837 758 1874 illis
780 1837 1122 1888 recuperatoribus,
1137 1851 1221 1889 quae
1236 1848 1383 1890 poterat
1403 1838 1474 1875 effe
1490 1839 1522 1890 ?)
1546 1838 1661 1890 virgis
1678 1847 1714 1875 te
1734 1838 1780 1875 ad
1798 1850 1933 1875 necem

533 1904 625 1941 candi
647 1902 789 1941 neceffe
810 1903 893 1939 erit.
926 1903 1002 1939 His
1024 1902 1188 1954 legibuS,
1220 1902 1280 1940 his
1302 1904 1608 1948 conditionibus,
1637 1904 1708 1941 erit
1729 1903 1934 1956 quisquam

534 1980 613 2007 tam
635 1969 785 2013 stultus,
808 1968 875 2019 qui
895 1967 1076 2005 decumas
1107 1968 1244 2006 venisse
1264 1969 1498 2007 arbitretur?
1529 1970 1597 2022 qui
1628 1970 1763 2007 aratori
1795 1983 1934 2008 novem

534 2044 656 2087 partes
677 2035 840 2085 reliquas
860 2033 974 2072 factas
996 2034 1065 2072 effe
1085 2034 1302 2073 existimet?
1326 2036 1393 2087 qui
1409 2050 1485 2073 non
1506 2036 1711 2088 intelligat,
1733 2036 1848 2074 istum
1866 2036 1935 2074 fibi

537 2101 693 2153 quaestui
715 2100 924 2153 praedaeque
945 2099 1114 2138 habuisse
1132 2101 1244 2147 bona,
1258 2101 1508 2154 poffeffiones,
1526 2102 1697 2141 fortunas
1718 2103 1932 2141 aratorum?

536 2168 743 2219 virgarum
776 2177 883 2204 metu
904 2167 1172 2218 Agyrinenses,
1206 2168 1311 2220 quod
1331 2169 1566 2222 imperatum
1587 2168 1688 2214 esset,
1715 2168 1879 2207 facturos
1901 2169 1935 2206 se

536 2233 605 2271 csse
626 2234 818 2270 dixerunt.

598 2299 728 2336 XXX.
761 2298 939 2350 Accipite
961 2312 1079 2342 nunc,
1115 2299 1208 2350 quid
1229 2300 1451 2352 imperarit3
1482 2309 1520 2338 et
1540 2300 1782 2344 dissimulate,
1805 2313 1886 2344 VOS,
1909 2300 1934 2338 fi

539 2364 706 2417 potestis,
738 2378 804 2402 vos
825 2364 1051 2416 intelligere,
1076 2365 1201 2417 ipsum
1230 2367 1450 2410 Praetorem,
1473 2367 1577 2417 quod
1599 2375 1677 2403 tota
1699 2366 1826 2403 Sicilia
1847 2379 1933 2418 per-—

538 2431 714 2483 spexerit,
751 2430 1032 2483 redemptorem
1064 2431 1333 2477 decumarum,
1367 2441 1481 2483 atque
1515 2432 1606 2470 adeo
1640 2442 1830 2470 aratorum
1863 2432 1934 2470 do·-

539 2495 695 2534 minum
713 2509 754 2533 ac
776 2510 905 2548 regem
924 2494 1047 2535 fuiffe.
1080 2497 1246 2549 Imperat
1267 2497 1582 2550 Agyrinensibus,
1604 2507 1647 2536 ut
1667 2497 1845 2535 decumas
1866 2497 1934 2550 ipfi
