2201 2792
427 192 502 230 144
850 179 939 219 IN
1016 179 1398 218 VERREM

418 276 528 316 causa
547 276 848 316 condemnarent
865 296 877 323 ς
909 277 1016 330 quod
1036 279 1216 317 inventus
1238 278 1290 317 est
1310 278 1469 324 senator,
1492 277 1574 331 qui,
1595 291 1691 318 cum
1703 278 1826 331 judex

420 343 523 388 esset,
544 344 584 381 in
606 343 743 382 eodem
758 343 924 396 judicio,
958 354 996 382 et
1016 345 1063 383 ab
1083 358 1147 383 reo
1167 345 1374 397 pecuniam
1400 346 1602 398 acciperet,
1625 359 1744 398 quam
1758 346 1825 398 ju-

420 410 572 449 dicibus
593 411 792 455 divideret,
823 420 861 448 et
881 411 927 450 ab
948 411 1176 456 accusatore,
1201 421 1243 450 ut
1263 425 1372 450 reum
1393 412 1602 451 damnaret.

475 478 564 528 Jam
590 490 679 515 vero
699 476 898 529 quomodo
928 477 1038 515 illam
1068 478 1209 522 labem,
1238 478 1511 530 ignominiam,
1545 478 1826 517 calamitatem-

421 556 498 595 que
519 543 638 581 totius
658 543 803 581 ordinis
830 544 1069 596 conquerar?
1100 543 1177 582 hoc
1208 543 1354 582 faG‘mm
1385 544 1455 582 effe
1487 545 1527 582 in
1561 543 1631 583 hac
1659 544 1827 589 civitate,

420 623 513 648 cum
534 609 741 648 senatorius
762 610 856 648 ordo
877 611 1081 663 judicaret,
1113 620 1156 650 ut
1186 610 1436 649 discoloribus
1469 611 1583 663 signis
1609 611 1830 663 juratorum

419 675 631 715 hominum
652 676 846 715 sententiae
876 678 1129 715 notarentur?
1162 678 1259 717 Haec
1280 678 1411 716 omnia
1439 691 1503 716 me
1523 677 1742 731 diligenter,
1769 676 1828 715 se-

421 755 587 794 vereque
606 743 781 780 acturum
801 741 873 780 effe
893 742 1093 795 polliceor.

476 809 590 847 XIV.
623 809 716 860 Qo
735 821 799 846 me
820 809 976 847 tandem
997 809 1128 848 animo
1148 809 1230 848 fore
1249 810 1408 863 putetis,
1431 810 1456 848 fi
1477 809 1572 862 quid
1592 810 1632 848 in
1652 807 1728 848 hoc
1749 807 1830 861 ipso

412 874 567 926 judicio
587 875 813 913 intellexero
825 875 941 913 fimili
961 875 1089 928 aliqua
1108 877 1253 915 ratione
1274 876 1343 915 esse
1359 877 1562 921 violatum,
1581 885 1696 928 atque
1717 888 1829 914 com-

420 939 607 978 miffum?
640 954 732 979 cum
753 941 961 994 praesertim
992 942 1152 994 planum
1172 941 1296 980 facere
1327 943 1462 981 multis
1490 943 1648 980 testibus
1674 940 1829 994 poffim,

420 1008 469 1045 C.
492 1008 654 1045 Verrem
688 1008 729 1045 in
761 1007 902 1052 Sicilia,
935 1008 1070 1046 multis
1099 1008 1360 1052 audientibus,
1392 1008 1485 1061 saepe
1516 1007 1664 1052 dixiffe,
1695 1008 1740 1046 Se
1758 1007 1830 1046 ha-

418 1073 500 1113 bere
533 1073 702 1111 hominem
725 1082 920 1126 potentem,
954 1073 1053 1125 cujus
1064 1073 1206 1126 fiducia
1229 1074 1459 1128 provinciam
1478 1075 1659 1128 spoliaret
1669 1093 1683 1120 ;
1721 1088 1832 1128 neque

402 1140 559 1194 stbisolz‘
577 1140 767 1193 pecuniam
786 1155 960 1194 quaerere‚
977 1141 1050 1194 std
1063 1142 1116 1180 itcz
1137 1142 1333 1180 triennium
1351 1141 1442 1180 illud
1449 1151 1633 1194 praeturae
1666 1141 1830 1180 Sicilien-

404 1207 461 1259 fis
480 1206 706 1259 dssributum
725 1206 867 1251 habere,
900 1217 942 1245 ut
960 1208 1084 1259 ficum
1103 1208 1286 1259 praeclare
1304 1207 1369 1260 agi
1385 1207 1529 1253 diceret,
1545 1208 1589 1259 fi
1611 1207 1715 1246 unius
1743 1206 1836 1245 anni

419 1272 587 1326 quaestum
607 1272 644 1309 in
663 1286 738 1310 rem
758 1273 869 1324 fitam
889 1281 1115 1311 converteret
1128 1291 1139 1317 3
1171 1273 1325 1311 alterum
1338 1273 1508 1327 patronis
1534 1283 1570 1312 et
1598 1273 1833 1328 dffeqsoribus

405 1339 490 1394 fitis
520 1337 710 1383 traderet,
743 1339 893 1377 tertium
913 1339 1010 1377 illum
1046 1339 1263 1378 uberrimmn
1297 1340 1669 1394 quaestucsssp'mumque
1697 1353 1833 1379 annum

419 1414 536 1444 totum
550 1405 734 1458 judicibus
753 1407 971 1459 reservaret.
1018 1407 1081 1444 Ex
1101 1420 1180 1458 quo
1201 1406 1302 1445 mihi
1332 1408 1438 1443 venit
1468 1407 1509 1444 in
1530 1415 1705 1444 mentem
1731 1405 1833 1444 illud

420 1471 560 1517 dicere,
597 1471 703 1524 quod
729 1472 830 1524 apud
861 1473 938 1510 Μ’.
962 1472 1218 1510 Glabrionem
1251 1485 1388 1525 nuper,
1424 1485 1517 1510 cum
1546 1473 1587 1510 in
1615 1471 1832 1524 rejiciendis

414 1538 618 1591 judicibus
639 1537 1012 1583 commemorassem,
1046 1538 1222 1576 intellexi
1254 1537 1501 1576 vehementer
1531 1538 1724 1591 populum
1745 1538 1831 1576 Ro-

421 1618 586 1643 manum
607 1605 846 1642 commoveri
862 1623 874 1649 3
907 1618 970 1643 me
1001 1605 1189 1650 arbitrari,
1211 1604 1308 1650 fore,
1346 1605 1404 1643 uti
1425 1605 1597 1643 nationes
1617 1613 1754 1643 exterae
1772 1604 1832 1642 le·

419 1679 528 1723 gatos
550 1670 595 1708 ad
616 1670 809 1723 populum
832 1671 1059 1709 Romanum
1081 1671 1294 1716 mitterent,
1316 1681 1359 1708 ut
1379 1671 1442 1709 lex
1462 1671 1508 1709 de
1527 1671 1702 1724 pecuniis
1722 1684 1832 1724 repe-

420 1736 552 1774 tundis
569 1736 846 1788 judiciumque
867 1736 1078 1775 tolleretur.
1104 1738 1143 1775 Si
1158 1738 1264 1776 enim
1278 1737 1428 1790 judicia
1446 1737 1555 1776 nulla
1573 1737 1660 1782 fint,
1678 1746 1832 1775 tantum

421 1816 744 1854 unumquemque
778 1802 998 1840 ablaturum
1032 1813 1185 1855 putant,
1217 1813 1408 1856 quantum
1435 1803 1505 1841 fibi
1534 1817 1576 1842 ac
1605 1803 1736 1841 liberis
1757 1803 1832 1840 suis

422 1869 507 1907 satis
528 1868 598 1906 esse
618 1869 902 1907 arbitrarentur.
930 1870 1064 1913 Nunc,
1083 1870 1189 1920 quod
1205 1869 1393 1920 ejusmodi
1404 1869 1552 1921 judicia
1573 1870 1658 1914 fint,
1676 1877 1831 1908 tantum

422 1947 747 1986 unumquemque
765 1933 923 1979 auferre,
945 1944 1136 1986 quantum
1157 1935 1240 1980 fibi,
1272 1936 1456 1987 patronis,
1488 1935 1695 1980 advocatis,
1728 1936 1832 1974 Prae-

422 2000 586 2044 toribus,
604 1999 803 2051 judicibus
824 1999 908 2038 satis
929 1999 1109 2038 futurum
1131 2000 1187 2045 fit,
1218 2000 1294 2039 hoc
1314 2000 1486 2054 profecto
1507 2000 1707 2039 infinitum
1735 2001 1831 2046 effe,

423 2065 460 2104 se
486 2064 687 2103 avariffimi
718 2064 890 2105 hominis
922 2066 1125 2119 cupiditati
1159 2065 1371 2105 satisfacere
1404 2067 1521 2120 posse,
1556 2067 1833 2106 nocentiffimae

423 2132 590 2171 victoria:
611 2145 689 2170 non
709 2132 824 2184 poffe.

492 2199 529 2236 O
569 2199 910 2237 commemoranda
941 2199 1089 2250 judicia
1109 2229 1120 2244 ,
1171 2201 1470 2253 praeclaramque
1507 2199 1833 2238 existimationem

426 2263 544 2303 nostri
576 2264 747 2303 ordinis!
789 2279 882 2303 cum
918 2264 1009 2303 socii
1037 2267 1173 2318 populi
1200 2267 1370 2306 Romani
1398 2266 1547 2318 judicia
1576 2265 1623 2303 de
1656 2265 1832 2318 pecuniis

426 2326 645 2378 repetundis
677 2326 759 2364 fieri
779 2327 930 2371 nolunt,
965 2340 1048 2378 qua:
1078 2341 1098 2364 a
1118 2328 1328 2379 majoribus
1356 2327 1490 2366 nostris
1512 2326 1703 2364 sociorum
1723 2325 1834 2364 causa

425 2402 645 2443 comparata
665 2392 764 2431 sunt.
811 2394 875 2430 An
897 2392 962 2430 iste
984 2406 1155 2445 unquam
1177 2393 1223 2431 de
1254 2394 1290 2431 se
1316 2394 1457 2432 bonam
1492 2392 1599 2446 spem
1629 2391 1831 2437 habuisset,

427 2457 497 2496 nifi
519 2458 564 2495 de
584 2459 692 2497 vobis
725 2460 868 2498 malam
889 2459 1114 2512 opinionem
1145 2461 1274 2499 animo
1294 2458 1505 2499 imbibisset
1523 2459 1535 2496 ?
1568 2461 1660 2512 Qo
1689 2461 1833 2512 majore

427 2524 560 2570 ctiam,
593 2525 618 2562 fi
639 2524 720 2563 fieri
741 2526 875 2578 potest,
908 2526 1007 2578 apud
1040 2540 1105 2566 vos
1127 2526 1216 2566 odio
1247 2527 1317 2566 effe
1337 2527 1466 2573 debet,
1497 2540 1616 2579 quam
1647 2527 1699 2566 est
1731 2525 1833 2580 apud
