2201 2792
550 134 678 173 PRO
710 130 848 169 SEX.
880 127 1138 166 ROSCIO
1172 124 1524 162 AMERINOe

1697 134 1746 144 m..

1699 150 1744 173 l)

341 234 451 274 saluti
485 232 579 271 solet
609 230 693 275 effe,
726 237 769 267 ut
803 228 925 266 servos
952 227 993 264 in
1026 224 1276 277 quaestionem
1302 221 1543 274 polliceatur,
1587 220 1623 256 id
1662 220 1745 256 Sex„

342 301 483 339 Roscio
514 297 639 336 facere
669 295 874 334 nonlicet.
906 293 1002 337 Vos,
1038 291 1107 344 qui
1137 289 1244 329 hunc
1275 287 1473 331 accusatis,
1504 298 1637 323 omnes
1670 286 1750 335 ejus

341 366 462 404 servos
482 364 647 403 habetis.
680 363 794 400 Unus
816 374 922 414 puer,
945 357 1067 397 victus
1089 355 1306 410 quotidiani
1326 353 1560 396 administer,
1583 366 1629 389 ex
1651 359 1752 388 tant-³.

341 429 490 470 familia
511 432 596 469 Sex.
619 428 760 467 Roscio
781 427 934 465 relictus
956 438 1034 463 non
1053 424 1120 462 est.
1139 425 1201 462 Te
1222 435 1326 460 nunc
1347 419 1514 474 appello,
1539 419 1583 456 P.
1608 417 1753 468 Scipio,

342 506 394 543 te,
430 497 619 536 Metelle:
651 496 760 533 vobis
792 492 999 537 advocatis,
1031 490 1141 530 vobis
1172 488 1389 541 agentibus,
1424 485 1629 538 aliquoties
1660 483 1754 520 duos

341 563 465 602 servos
485 572 662 616 paternos
683 561 722 599 in
744 559 995 613 quaestionem
1013 557 1062 596 ab
1082 554 1300 595 adversariis
1327 555 1415 592 Sex.
1438 551 1601 591 Roscius
1624 548 1755 602 postu-

344 629 451 668 lavit.
484 627 754 668 Nleministine
785 636 836 670 te,
858 626 912 664 T.
934 623 1067 669 Rosci,
1100 620 1293 661 recusare?
1336 619 1477 671 Qid?
1509 619 1537 656 ii
1568 616 1662 655 servi
1690 615 1757 654 ubi.

346 695 432 734 sunt
451 695 464 733 ?
497 694 809 747 Chrysogonum,
832 691 1005 744 Judices,
1028 690 1244 733 sectantum
1275 686 1377 740 apud
1398 699 1490 723 eum
1511 684 1598 722 sunt
1621 684 1662 720 in
1681 681 1756 720 ho-

346 776 452 808 nore,
474 772 513 801 et
532 763 573 801 in
594 763 741 815 pretio:
773 761 892 798 etiam
913 772 1031 802 nunc,
1054 766 1099 795 ut
1118 770 1166 794 ex
1186 754 1246 794 his
1267 762 1472 807 quaeratur‚
1494 765 1565 804 ego
1585 749 1756 804 postulo:

346 827 413 868 hic
432 839 528 875 orat,
550 839 664 881 atque
683 826 868 866 obsecrat.
901 825 1009 875 Qid
1029 823 1156 862 facitis
1176 824 1188 860 ?
1224 835 1294 860 cur
1314 819 1490 858 recusatis
1506 819 1523 854 ἓ

404 895 593 933 Dubitate
613 894 731 932 etiam
751 905 872 937 nunc,
903 891 1074 943 Judice5‚
1097 889 1122 927 fi
1145 887 1314 942 potestis,
1337 899 1358 924 a
1376 899 1456 938 quo
1477 884 1521 922 s1t
1549 886 1634 922 Sex.
1659 881 1760 920 Ros-

349 963 432 1000 cius
453 962 600 1000 occisus
619 976 628 999 :
660 961 707 998 ab
726 973 837 1004 eone,
873 958 942 1010 qui
973 965 1127 1010 propter
1148 956 1253 993 illius
1275 962 1445 992 mortem
1471 952 1511 989 in
1533 950 1695 1004 egestate
1724 957 1763 986 et

351 1027 496 1064 infidiis
516 1026 695 1070 versatur,
717 1025 782 1062 cui
802 1037 849 1061 ne
869 1023 1064 1075 quaerendi
1079 1022 1240 1073 quidem
1261 1020 1308 1058 de
1324 1027 1450 1056 morte
1466 1018 1582 1070 patris
1600 1015 1764 1069 potestas

351 1093 620 1145 permittitur3
652 1105 700 1129 an
720 1090 767 1128 ab
787 1090 850 1134 iis,
871 1089 941 1141 qui
961 1087 1210 1140 quaestionem
1231 1085 1414 1138 fugitant,
1438 1084 1539 1122 bona
1558 1082 1763 1135 poffident‚

351 1160 394 1196 in
414 1159 516 1196 caede
536 1166 652 1209 atque
681 1169 729 1194 ex
759 1155 862 1192 caede
891 1154 1059 1192 vivunt?
1093 1152 1253 1195 Omnia,
1277 1150 1450 1201 Judices,
1487 1149 1527 1186 in
1549 1147 1622 1185 hac
1657 1146 1767 1185 causa

353 1225 448 1263 sunt-
475 1223 624 1267 misera,
655 1230 772 1273 atque
804 1219 990 1271 indigna:
1024 1227 1154 1255 tamen
1188 1215 1265 1253 hoc
1298 1214 1398 1253 nihil
1432 1228 1556 1265 neque
1576 1214 1763 1256 acerbius,

353 1304 480 1344 neque
499 1289 673 1342 iniquius
695 1285 857 1341 proferri
878 1284 1000 1338 potest
1018 1299 1026 1322 :
1060 1282 1198 1321 mortis
1218 1290 1384 1334 paternae
1399 1279 1448 1317 de
1468 1279 1582 1317 servis
1600 1279 1767 1331 paternis

355 1357 607 1411 quaestionem
626 1353 767 1393 habere
788 1352 871 1391 filio
898 1365 976 1390 non
997 1351 1116 1389 licet:
1149 1362 1197 1387 ne
1224 1347 1373 1386 tamdiu
1395 1346 1556 1399 quidem
1586 1345 1769 1383 dominus

355 1426 428 1464 erit
447 1425 488 1463 in
509 1423 609 1468 suos,
641 1422 738 1460 dum
758 1434 804 1459 ex
825 1420 872 1458 iis
892 1419 940 1457 de
960 1418 1076 1472 patris
1098 1424 1223 1455 morte
1243 1423 1448 1467 quaeratur.
1481 1413 1663 1458 Veniam,
1699 1425 1770 1450 ne-

357 1505 434 1545 que
455 1492 508 1530 ita
524 1489 653 1529 multo
674 1488 770 1541 post,
799 1486 846 1525 ad
866 1485 973 1525 hunc
992 1485 1127 1523 locum
1147 1498 1156 1523 :
1189 1496 1279 1521 nam
1299 1480 1375 1519 hoc
1396 1489 1526 1519 totum
1546 1479 1592 1518 ad
1610 1478 1771 1518 Roscios

357 1559 548 1612 pertinet:
580 1557 628 1595 de
648 1568 818 1608 quorum
837 1553 994 1592 audacia
1022 1561 1109 1590 tum
1141 1563 1205 1589 me
1231 1548 1429 1587 dicturum
1450 1546 1649 1601 pollicitus
1670 1544 1770 1589 sum,

359 1639 452 1663 cum
473 1623 609 1663 Erucii
629 1622 793 1661 crimina
812 1619 1020 1658 diluissem.

413 1690 569 1728 XXIX.
592 1688 729 1732 Nunc,
752 1686 887 1730 Eruci,
909 1685 956 1722 ad
978 1693 1013 1721 te
1033 1683 1159 1721 venio.
1192 1680 1408 1719 Conveniat
1429 1677 1529 1717 mihi
1550 1687 1682 1715 tecum
1703 1690 1773 1715 ne-

360 1755 458 1796 ceffe
477 1755 542 1800 est,
574 1754 600 1792 fi
631 1753 678 1791 ad
711 1751 818 1790 hunc
849 1749 1088 1788 maleficium
1120 1746 1219 1785 istud
1248 1745 1429 1798 pertinet,
1461 1752 1526 1781 aut
1552 1742 1681 1795 ipsum
1711 1742 1776 1780 sua

362 1836 482 1862 manu
501 1820 642 1865 fecifl'e,
664 1819 704 1857 id
724 1818 829 1871 quod
851 1829 962 1869 negas
980 1834 992 1860 ;
1024 1824 1088 1852 aut
1108 1827 1175 1867 per
1195 1813 1344 1864 aliquos
1367 1811 1523 1854 liberos,
1550 1817 1616 1847 aut
1636 1808 1775 1847 servos.

362 1887 598 1929 Liberosne?
631 1899 728 1938 quos
750 1897 874 1936 neque
895 1892 938 1921 ut
958 1881 1163 1921 convenire
1182 1879 1364 1933 potuerit,
1389 1889 1513 1929 neque
1535 1888 1611 1928 qua
1631 1876 1777 1913 ratione

363 1956 560 2000 inducere,
582 1965 706 2005 neque
727 1951 810 1996 ubi,
846 1962 972 2002 neque
1005 1961 1074 2001 per
1093 1959 1206 2000 quos,
1238 1958 1363 1997 neque
1394 1957 1470 1995 qua
1497 1942 1574 1995 spe,
1605 1951 1670 1979 aut
1698 1954 1777 1994 quo

365 2022 502 2075 pretio,
533 2028 640 2074 potes
674 2017 882 2056 ostendere.
930 2017 1017 2068 Ego
1047 2022 1183 2053 contra
1215 2011 1387 2054 ostendo,
1421 2023 1498 2047 non
1532 2008 1650 2046 modo
1678 2006 1777 2045 nihil

366 2101 502 2126 eorum
523 2084 650 2124 feciffe
669 2087 754 2123 Sex.
777 2083 980 2126 Roscium,
1000 2081 1061 2119 sed
1082 2093 1130 2118 ne
1149 2078 1310 2132 potuisse
1326 2077 1485 2129 quidem
1503 2074 1626 2113 facere
1638 2093 1649 2119 ς
1674 2075 1779 2126 quod

368 2167 492 2206 neque
513 2153 651 2190 Romae
672 2150 806 2188 multis
826 2148 936 2187 annis
957 2147 1089 2190 fuerit,
1120 2158 1246 2197 neque
1278 2144 1324 2181 dc
1350 2142 1501 2196 praediis
1524 2154 1698 2193 unquam
1720 2150 1778 2178 te-

367 2229 472 2260 mer'e
491 2217 708 2258 discefferit.
754 2215 910 2254 Restare
939 2214 1012 2252 tibi
1046 2212 1247 2251 videbatur
1278 2209 1473 2248 servorum
1495 2221 1652 2251 nomen,
1685 2220 1778 2257 quo,

369 2286 473 2340 quafi
511 2287 553 2324 in
591 2294 763 2338 portum,
796 2283 954 2335 rejestus
993 2294 1014 2318 a
1052 2278 1197 2318 caeteris
1237 2276 1532 2330 suspicionibus,
1574 2271 1780 2323 confugere

369 2352 516 2407 poffes:
548 2352 616 2389 ubi
650 2350 853 2402 scopulum
881 2347 1045 2386 offendis
1076 2344 1279 2398 ejusmodi,
1311 2353 1354 2381 ut
1376 2356 1453 2380 non
1475 2339 1592 2377 modo
1624 2338 1670 2375 ab
1704 2336 1779 2374 hoc

369 2420 518 2457 crimen
539 2417 675 2456 refilire
697 2416 837 2460 videas,
860 2427 994 2454 verum
1014 2426 1175 2453 omnem
1197 2411 1450 2463 suspicionem
1471 2406 1512 2443 in
1536 2403 1780 2457 vosmetipsos

373 2484 539 2522 recidere
560 2483 765 2534 intelligas.

1395 2540 1475 2577 liz
