2201 2792
329 189 399 225 22*
510 181 1042 221 ARGUMENTA
1109 158 1639 217 ORATontJM,

439 305 600 356 Argum.
894 298 1103 354 Philzppica
1131 298 1238 338 VIII.
1648 310 1683 351 p.
1715 297 1806 350 386.

377 392 526 428 Mortuo
544 390 616 425 Ser.
636 388 789 436 Sulpicio
808 388 841 423 in
860 388 1032 433 legatione
1051 387 1093 421 ad
1114 386 1323 428 Antonium,
1350 386 1394 420 L.
1416 385 1490 420 Piso
1507 395 1543 420 et
1561 385 1605 420 L.
1623 384 1808 431 Philippus

325 440 554 478 intolerabilia
583 438 751 485 postulata
779 437 822 471 ab
855 436 1010 471 Antonio
1038 435 1079 469 ad
1107 435 1260 470 senatum
1290 435 1492 469 retulerunt.
1546 435 1644 469 Tum
1676 434 1808 468 bellum

325 492 462 529 senatus
481 488 604 524 indixit
623 488 793 527 Antonio,
811 486 865 520 sed
884 486 917 520 in
937 485 1031 518 SCto
1049 485 1240 518 tumultum
1261 483 1506 518 nonnullorum
1526 483 1617 517 suasu
1637 483 1810 530 appellare

327 540 453 576 maluit
469 550 574 584 quam
595 537 738 571 bellum.
777 536 816 570 Id
836 534 1052 582 reprehendit
1069 533 1205 574 Cicero,
1225 542 1389 579 tanquam
1409 533 1537 567 leniore
1554 532 1683 573 senatu,
1702 543 1808 579 quam

329 591 365 627 in
391 600 472 624 eum
496 587 560 622 effe
585 594 754 632 oporteat,
783 584 843 631 qui
871 584 902 618 ei
930 594 996 617 non
1026 592 1154 629 pareat,
1182 582 1430 627 Mutinamque
1456 581 1563 615 nihilo
1583 580 1716 627 segnius
1735 581 1810 627 post

326 638 485 675 auditam
507 635 728 682 legationem,
755 645 859 679 quarn
885 643 995 672 antea,
1021 640 1214 678 oppugnet.
1266 631 1401 665 Deinde
1426 642 1507 665 curn
1527 630 1669 672 Caleno,
1696 630 1810 664 adhuc

325 689 374 724 de
391 698 475 732 pace
494 693 629 731 agente,
657 693 690 717 et
708 684 799 729 pacis
817 681 1003 716 commoda
1020 690 1328 721 commemorante,
1356 679 1687 725 Maffilienfiumque
1710 690 1812 713 com-

329 737 436 773 moda
452 741 690 781 oppugnante,
717 731 839 766 acerbe
857 729 1104 777 conqueritur·‚
1132 739 1166 764 et
1185 729 1283 763 simul
1301 740 1358 763 eos
1378 727 1522 769 accusat,
1542 729 1602 775 qui
1622 728 1811 762 mittendos

330 787 458 823 iterum
483 785 524 818 ad
548 782 746 817 Antonium
774 780 904 826 legatos
930 779 1140 813 censuerant.
1192 777 1350 812 Pisonem
1370 787 1405 812 et
1422 777 1625 825 Philippum
1645 777 1811 824 increpat,

328 836 392 883 qui
415 832 576 869 mandata
593 831 752 871 Antonii,
773 839 938 875 tanquam
962 827 1034 873 ejus
1055 827 1172 873 legati,
1192 838 1261 862 non
1285 836 1450 873 tanquam
1469 839 1487 861 a
1504 827 1619 861 senatu
1642 825 1739 867 misti,
1759 838 1810 861 re-

329 883 492 920 tulissent.
543 879 783 927 Reprehendit
813 878 981 913 senatores
1011 876 1168 911 Antonio
1194 875 1372 911 faventes:
1402 876 1660 910 decernendum
1688 875 1812 917 censet,

331 943 373 968 ut
402 933 457 974 iis,
482 929 544 977 qui
571 940 653 964 cum
681 927 840 963 Antonio
870 927 946 968 sint,
972 926 1117 973 potestas
1145 925 1247 960 detur
1273 926 1316 960 ad
1341 923 1517 959 sanitatem
1544 924 1708 959 redeundi
1732 934 1811 960 ante

331 983 416 1018 Idus
439 979 585 1016 Martias
609 979 757 1025 primas:
787 978 874 1011 bene
893 975 1103 1011 merentibus
1122 976 1242 1020 gratiae
1266 973 1456 1008 referantur
1473 987 1480 1007 :
1497 973 1744 1020 proficiscendi
1768 974 1810 1008 ad

330 1030 542 1070 Antonium,
560 1037 708 1075 excepto
722 1025 794 1072 ejus
812 1026 928 1072 legato
942 1024 1111 1071 QVario
1125 1023 1261 1070 Cotyla,
1280 1023 1409 1057 nemini
1427 1021 1570 1057 facultas
1589 1022 1809 1058 concedatur.

443 1133 603 1186 Argum,
914 1125 1122 1179 Phihppica
1150 1127 1219 1164 [Χ.
1644 1139 1682 1177 p·
1715 1138 1807 1178 397-

379 1219 569 1256 Referente
583 1214 688 1252 Pansa
702 1214 838 1250 consule
853 1214 897 1248 de
913 1213 1042 1248 honore
1059 1212 1131 1247 Ser.
1149 1212 1306 1259 Sulpicii,
1325 1212 1385 1259 qui
1399 1212 1533 1258 legatus
1549 1212 1590 1246 ad
1610 1211 1809 1247 Antonium

331 1281 415 1306 cum
444 1268 562 1304 Pisone
585 1276 621 1301 et
638 1264 802 1310 Philippo
821 1263 949 1303 missus,
974 1273 1082 1309 prope
1105 1261 1209 1296 castra
1231 1261 1373 1308 quidem
1400 1270 1613 1307 pervenerat,
1640 1259 1693 1294 sed
1718 1270 1813 1295 ante-

332 1330 441 1366 quam
459 1317 592 1352 senatus
617 1313 776 1349 mandata
793 1321 994 1359 exponeret,
1020 1312 1171 1346 obierat:
1202 1311 1239 1345 P.
1259 1310 1420 1345 Servilius
1439 1309 1640 1344 sententiam
1660 1320 1811 1356 rogatus,

331 1367 590 1403 decernendum
609 1364 638 1398 ei
657 1362 794 1410 publice
813 1361 1006 1407 sepulcrum
1025 1359 1166 1402 censuit,
1194 1359 1337 1394 statuam
1358 1371 1425 1393 non
1450 1358 1600 1393 censuit:
1627 1359 1723 1405 quod
1750 1358 1813 1393 sta-

332 1426 407 1453 tuae
425 1415 562 1451 decerni
583 1413 727 1448 solerent
750 1411 799 1453 iis,
827 1411 886 1456 qui
907 1410 939 1444 in
965 1409 1030 1456 ipsa
1049 1409 1220 1455 legatione
1238 1409 1341 1443 essent
1360 1407 1543 1449 interfesti,
1571 1419 1652 1449 non,
1678 1407 1807 1454 quibus

332 1475 484 1502 mortem
507 1462 601 1498 casus
625 1460 794 1496 attulisset.
847 1459 925 1493 Post
950 1470 1028 1493 eum
1054 1458 1176 1492 Cicero
1199 1468 1350 1504 rogatus,
1379 1457 1544 1492 honorem
1569 1456 1712 1503 sepulcri
1735 1456 1812 1490 Sul-

331 1515 425 1563 picio
443 1525 511 1548 non
531 1513 672 1551 ademit,
699 1509 754 1544 sed
773 1520 854 1542 eum
872 1508 1015 1542 omnino
1034 1507 1140 1542 statua
1156 1507 1348 1541 ornandum
1368 1507 1430 1541 effe
1449 1505 1591 1548 censuit,
1619 1517 1659 1540 ea
1682 1505 1811 1552 potissi-

334 1575 435 1599 mum
461 1562 589 1597 ratione
618 1560 706 1600 usuS,
733 1558 840 1605 quod,
867 1569 948 1592 cum
971 1557 1013 1591 ad
1036 1557 1234 1596 Antonium
1257 1556 1353 1602 gravi
1373 1556 1514 1590 affectus
1534 1555 1656 1589 morbo
1673 1554 1714 1589 sit
1731 1565 1812 1600 pro-

333 1613 458 1653 fectu&
485 1623 552 1645 non
572 1610 603 1644 ei
622 1608 726 1649 casus,
750 1619 870 1641 verum
891 1606 958 1652 ipsa
976 1605 1105 1652 legatio
1121 1615 1267 1639 mortem
1285 1605 1429 1640 attulisse
1447 1605 1626 1638 videatur:
1655 1613 1759 1649 atque
1778 1603 1813 1637 in

334 1662 423 1697 hanc
440 1659 640 1696 sententiam
661 1658 823 1704 graviter,
842 1665 973 1697 ornate,
992 1654 1124 1701 copiose
1142 1653 1302 1700 disputat.
1355 1655 1388 1689 S.
1408 1654 1449 1688 C.
1471 1654 1504 1687 in
1523 1653 1596 1699 ejus
1613 1651 1813 1687 sententiam

333 1711 464 1747 factum
483 1710 562 1749 effe,
588 1719 631 1741 ex
649 1719 690 1741 eo
706 1704 920 1753 perspicitur,
948 1704 1027 1750 quia
1046 1703 1260 1750 Pomponius
1278 1703 1320 1738 de
1337 1702 1470 1750 origine
1483 1701 1581 1749 juris,
1606 1700 1733 1736 exstare
1750 1712 1814 1749 pro

333 1759 447 1797 rostris
465 1757 615 1805 Augusti
633 1756 776 1791 statuam
798 1755 889 1789 illam
909 1754 1026 1788 auctor
1043 1753 1101 1787 est.

446 1838 605 1915 Argum.
916 1856 1122 1909 Philzppica
1151 1857 1203 1895 X.
1649 1867 1690 1907 p.
1720 1865 1813 1905 404.

387 1947 454 1982 Ac
467 1957 512 1980 ιτ
532 1944 656 1991 gratias
679 1940 807 1982 Pansae,
834 1939 914 1985 quia
933 1939 1038 1973 literis
1057 1939 1111 1974 M.
1132 1939 1228 1973 Bruti
1246 1937 1393 1985 acceptis
1412 1936 1565 1972 senatum
1585 1936 1696 1972 statim
1715 1947 1814 1971 voca-

335 1994 399 2031 vit.
450 1994 619 2040 Qeritur
636 2002 716 2026 cum
735 1990 876 2029 Caleno,
904 1989 998 2034 quod
1019 1998 1206 2034 utrumque
1226 1988 1370 2021 Brutum
1390 1998 1489 2032 aeque
1509 1997 1576 2020 non
1596 1986 1741 2032 probare
1761 1986 1814 2020 vi-

335 2045 471 2086 deatur,
490 2043 549 2089 qui
570 2039 820 2088 rempublicam
838 2037 1048 2078 defendant3
1077 2036 1273 2071 Antonium
1291 2046 1423 2076 autem,
1439 2035 1498 2081 qui
1517 2044 1711 2081 oppugnet,
1737 2046 1814 2081 pro-

335 2094 397 2129 bet
416 2094 508 2128 idem
525 2091 579 2126 vel
595 2089 766 2125 maxime:
787 2090 1047 2122 Commemorat
1065 2098 1116 2127 ea,
1136 2097 1216 2132 quae
1237 2085 1290 2119 M.
1308 2086 1434 2119 Brutus
1450 2084 1482 2118 in
1502 2085 1637 2118 Graecia
1652 2084 1814 2130 gesserat,

336 2153 372 2178 et
390 2143 433 2177 ab
452 2153 493 2176 eo
513 2140 595 2175 nihil
616 2138 871 2177 turbulentum,
892 2136 974 2170 niliil
993 2147 1059 2169 non
1079 2136 1162 2170 utile
1180 2135 1379 2180 reipublicae
1398 2134 1591 2167 timendum
1610 2133 1674 2167 effe
1693 2133 1815 2168 confir-

337 2202 422 2228 mat.
476 2191 618 2232 Suadet,
648 2199 697 2230 ut,
724 2198 804 2233 quze
823 2185 877 2219 M.
897 2186 1021 2219 Brutus
1039 2186 1147 2231 egerit
1169 2184 1301 2229 privato
1324 2183 1474 2224 consilio,
1502 2181 1641 2229 publica
1668 2182 1816 2216 auctori-

336 2250 420 2284 tate,
447 2249 486 2275 ut
515 2239 604 2274 idem
633 2239 663 2272 ei
696 2236 878 2275 tribuatur,
905 2234 998 2279 quod
1027 2234 1073 2269 D.
1102 2235 1208 2267 Bruto
1236 2242 1269 2266 et
1300 2232 1341 2266 C.
1368 2231 1505 2272 Caesmi,
1532 2230 1814 2276 comprobentur.

335 2290 459 2325 Censet
484 2289 601 2329 etiam,
630 2288 685 2334 Q
701 2283 900 2324 Hortensio,
929 2283 1150 2318 Macedoniae
1168 2280 1373 2329 proconsuli,
1399 2281 1460 2326 qui
1485 2281 1632 2314 Brutum
1660 2279 1693 2313 in
1721 2291 1816 2314 com-

335 2340 489 2386 parando
507 2338 662 2372 exercitu
683 2334 870 2379 adjuverat,
897 2333 1169 2368 confirmandam
1188 2332 1252 2366 effe
1270 2330 1458 2378 provinciae
1478 2328 1817 2371 administrationem,

336 2389 453 2436 quoad
472 2388 503 2423 ei
520 2399 562 2422 ex
579 2387 670 2422 SCto
687 2384 874 2420 succeffum
893 2382 983 2417 effet.
