2201 2792
310 151 357 188 23
482 138 1015 177 ARGUMENTA
1076 135 1618 174 ORATIONUM.

418 261 580 312 Argum.
723 258 802 298 Pro
822 258 919 311 Rege
938 256 1119 308 Dejotaro
1138 255 1189 295 ad
1205 256 1395 309 Caesttrem.
1638 267 1676 307 p.
1700 254 1749 293 26
1756 269 1799 309 3.

359 346 597 390 DEJoTARUS
624 345 794 380 tetrarcha
812 343 1078 380 Gallo-Graeciae
1096 343 1162 378 sive
1181 342 1326 378 Galatiae
1344 341 1421 378 fuit.
1474 341 1522 383 Is,
1549 341 1645 389 quod
1663 341 1798 378 summa

311 393 386 440 ejus
406 397 437 430 in
458 396 636 430 Romanos
657 395 741 429 fides
761 394 950 435 constabat,
977 405 995 427 a
1018 392 1190 438 Pompeio
1208 403 1316 438 regno
1334 390 1513 427 Armeniae
1535 391 1673 425 minoris
1691 392 1799 426 dona-

313 453 383 487 tuS,
410 455 445 479 et
472 457 490 479 a
518 445 645 478 Senatu
670 444 747 478 Rex
775 443 822 478 est
844 443 1046 488 appellatus.
1100 441 1169 475 His
1200 441 1373 476 beneficiis
1399 441 1546 475 Senatus
1572 441 1801 486 Pompeiique

314 505 493 540 permotus
524 505 604 527 cum
636 493 668 527 in
701 493 792 526 bello
822 491 913 526 civili
942 490 1111 536 Pompeio
1139 490 1267 524 auxilia
1298 491 1445 532 misisset,
1473 488 1614 524 Caesaris
1642 491 1800 525 animum

314 542 472 577 offendit.
528 544 646 588 ltaque
666 541 757 577 bello
776 540 1014 575 Alexandrino
1031 539 1234 586 compofito,
1262 550 1343 574 curn
1363 539 1473 574 Caesar
1492 539 1524 572 in
1542 538 1673 579 Asiam,
1698 539 1801 574 Phar-

316 592 408 626 nacis
427 591 531 626 Ponti
555 591 645 635 regis
667 591 758 625 bello
782 589 1008 636 persequendi
1033 590 1143 631 causa,
1169 588 1326 631 venisset,
1353 600 1394 623 eo
1416 586 1567 628 devieto,
1593 587 1802 635 Dejotarum

314 641 418 676 etiam
443 651 551 686 regno
576 640 757 674 Armeniae
782 638 956 680 multavit,
985 650 1111 673 nomen
1139 647 1254 672 autem
1283 637 1417 684 regium
1441 646 1475 671 et
1507 636 1639 682 reliqua
1667 635 1801 672 senatus

316 689 484 724 beneficia
511 689 681 723 conceffit.
733 688 820 735 Qo
845 698 1000 734 tempore
1024 699 1105 722 cum
1138 686 1178 720 ad
1207 698 1287 721 eum
1307 686 1501 721 devertisset
1525 685 1651 727 Caelar,
1678 685 1804 722 libera-

316 737 435 773 liffime
453 750 471 773 a
491 750 569 784 rege
590 738 726 771 habitus
744 737 804 778 est,
834 736 1086 783 magnificeque
1105 736 1264 770 donatus.
1316 736 1448 770 Graves
1475 744 1589 770 autem
1610 734 1803 770 inimicitiae

317 787 580 822 intercedebant
598 785 764 831 Dejotaro
782 798 862 820 cum
882 785 1035 827 Castore,
1061 797 1102 819 ex
1121 784 1188 819 filia
1209 794 1347 831 nepote,
1367 795 1447 831 quae
1465 783 1695 818 Saocondario
1713 794 1804 830 nup-

316 835 412 870 serat.
468 837 586 882 ltaque
605 846 686 869 cum
705 835 823 869 Castor
840 846 982 869 omnem
1002 846 1066 868 avo
1086 833 1229 868 nocendi
1249 833 1460 868 occasionem
1479 842 1644 879 captaret,
1665 832 1705 867 ad
1725 843 1803 867 eam

318 896 392 920 rem
408 884 530 919 abusus
549 885 596 918 est
615 894 769 930 tempore
784 884 855 925 illo,
874 895 946 930 quo
959 883 1070 918 Caesar
1084 883 1124 917 ad
1139 880 1345 928 Dejotarum
1363 881 1555 916 deversatus
1574 891 1655 916 erat.
1692 880 1803 923 Nam,

321 934 473 968 abdusto
489 934 532 967 ab
551 945 615 967 avo
631 933 724 967 servo
744 933 879 967 medico
898 932 1085 978 Phidippo,
1116 932 1202 966 misit
1220 943 1300 965 eum
1321 943 1400 965 cum
1421 931 1534 976 legato
1555 931 1722 973 Romam,
1748 941 1803 964 ac-

320 982 458 1017 cusandi
477 982 534 1016 avi
554 981 661 1023 causa,
688 982 784 1028 quod
807 981 930 1016 Caesari
955 982 1046 1027 apud
1070 981 1100 1016 se
1125 981 1313 1014 deversanti
1334 980 1466 1014 infidias
1483 978 1623 1014 fecisset.
1675 978 1804 1024 Legati

320 1031 474 1077 Dejotari
499 1029 630 1066 causam
659 1031 700 1064 ad
726 1030 929 1065 Ciceronem
958 1031 1170 1069 detulerunt,
1198 1029 1381 1074 antiquum
1404 1026 1559 1073 Dejotari
1582 1026 1750 1075 hospitem
1768 1036 1805 1062 et

321 1081 485 1115 amicum.
542 1080 573 1114 Is
598 1079 694 1114 causa
713 1078 874 1125 suscepta,
900 1090 1014 1113 coram
1034 1078 1178 1118 Caesare‚
1207 1077 1294 1112 intra
1311 1076 1514 1111 domesticos
1532 1077 1676 1123 parietes
1694 1075 1805 1123 Dejo-

321 1140 434 1166 tarum
453 1127 621 1170 defendit,
639 1139 671 1162 et
692 1140 758 1162 non
780 1129 885 1162 modo
900 1137 1004 1174 caput
1019 1127 1239 1162 accusationis
1254 1127 1369 1168 diluit,
1387 1125 1440 1160 sed
1460 1136 1572 1160 cetera
1586 1126 1702 1167 etiam,
1722 1136 1805 1172 quae

322 1178 474 1213 criminis
492 1177 718 1213 confirmandi
737 1177 834 1211 causa
852 1177 950 1211 allata
967 1186 1076 1218 erant,
1104 1186 1283 1221 tanquam,
1308 1175 1352 1210 de
1370 1174 1450 1209 odio
1468 1172 1622 1220 Dejotari
1641 1173 1676 1208 in
1693 1173 1805 1209 Caesa-

323 1239 409 1269 rem,
436 1228 478 1262 de
495 1227 646 1261 exercitu
667 1236 785 1260 contra
803 1237 884 1260 eum
903 1236 1117 1272 comparato,
1143 1235 1178 1259 et
1196 1224 1271 1259 alia.

434 1346 596 1396 Argum.
748 1344 791 1382 In
814 1343 871 1380 M.
893 1342 1092 1381 Antonium
1114 1340 1327 1394 Philzpffica
1354 1342 1388 1379 I.
1642 1352 1680 1393 p.
1712 1350 1806 1394 277.

375 1430 626 1464 INTERFECTO
646 1429 767 1464 Idibus
786 1429 894 1463 Mart.
915 1429 956 1463 C.
973 1428 1117 1469 Caesare,
1144 1428 1198 1463 M.
1218 1428 1408 1468 Antonius,
1427 1427 1560 1473 collega
1579 1425 1651 1473 ejus
1671 1426 1704 1460 in
1723 1437 1806 1460 con-

325 1479 449 1519 sulatu,
478 1478 537 1513 sibi
558 1488 725 1520 metuens,
753 1490 820 1512 non
841 1473 949 1512 solum
968 1489 1009 1511 eo
1028 1477 1083 1511 die
1101 1478 1213 1517 latuit,
1240 1488 1360 1510 verum
1380 1477 1481 1511 etiam
1502 1475 1588 1510 texit
1607 1476 1805 1522 aliquandiu

325 1528 463 1562 consilia
481 1527 550 1569 sua,
577 1527 791 1562 simulatione
810 1527 850 1561 ad
871 1537 1009 1572 tempus
1028 1526 1300 1560 accommodata.
1340 1525 1506 1560 Postridie
1525 1526 1606 1559 Idus
1625 1525 1740 1560 aetum
1760 1525 1808 1560 est

326 1589 408 1611 cum
427 1589 467 1610 eo
484 1577 525 1610 de
544 1576 720 1610 communi
742 1576 922 1610 concordia
941 1588 999 1621 per
1018 1575 1206 1610 consulares
1226 1575 1337 1609 viros:
1366 1575 1439 1621 post
1458 1575 1550 1608 diem
1570 1574 1727 1615 tertium,
1745 1574 1807 1620 qui

326 1624 394 1660 fuit
411 1626 511 1659 XVI.
534 1625 608 1659 kal.
631 1627 715 1671 Apr.
740 1625 772 1658 in
792 1625 905 1659 aedem
925 1624 1077 1658 Telluris
1096 1633 1289 1659 convocato
1311 1624 1442 1666 senatu,
1469 1623 1604 1665 Cicero,
1631 1633 1804 1670 quantum

327 1674 361 1713 in
389 1674 458 1721 ipso
482 1673 561 1714 fuit,
582 1672 667 1719 jecit
692 1673 921 1708 fundamenta
948 1674 1053 1719 pacis,
1079 1673 1395 1719 discordiarumque
1422 1672 1626 1707 memoriam
1649 1684 1806 1714 omnem,

326 1733 443 1758 vetere
463 1723 725 1758 Atheniensium
741 1723 916 1769 exemplo,
934 1723 1110 1757 oblivione
1125 1722 1328 1768 sempiterna
1341 1723 1522 1757 delendam
1542 1722 1681 1756 censuit.
1720 1722 1808 1769 Qio

326 1772 382 1807 die
408 1772 569 1819 praeclare
599 1773 642 1806 de
666 1784 737 1818 rep.
764 1773 900 1806 locutus
923 1772 1113 1812 Antonius,
1141 1770 1428 1817 consequentibus
1454 1774 1556 1806 etiam
1582 1771 1706 1805 diebus
1737 1782 1806 1805 non

328 1821 436 1856 dubia
454 1821 523 1855 suae
540 1821 722 1855 voluntatis
741 1831 946 1866 argumenta
959 1821 1039 1855 date
1054 1820 1140 1855 visus
1159 1820 1217 1861 est,
1239 1821 1333 1854 mifl'o
1348 1832 1453 1866 parvo
1468 1820 1551 1861 filio,
1571 1819 1662 1866 pacis
1677 1820 1807 1862 obfide,

331 1871 364 1904 in
389 1871 618 1916 Capitolium,
645 1870 687 1904 C.
714 1871 862 1904 Cassium
888 1870 968 1917 ipse,
996 1870 1050 1904 M.
1076 1870 1223 1904 Brutum
1249 1869 1421 1915 Lepidus,
1450 1870 1609 1903 Pontilex
1637 1880 1725 1903 max.
1751 1869 1809 1903 alii

330 1919 413 1954 alios
441 1931 482 1952 ex
510 1919 778 1964 tyrannoctonis,
805 1920 864 1965 qui
887 1919 960 1965 post
982 1919 1122 1953 Caesaris
1142 1930 1274 1958 necem,
1303 1919 1422 1964 populi
1440 1928 1472 1952 et
1492 1917 1638 1951 Antonii
1659 1918 1809 1952 maxime

329 1968 473 2003 consulis
494 1977 601 2008 metu,
621 1968 653 2001 in
673 1968 886 2014 Capitolium
908 1969 936 2002 se
956 1968 1183 2008 contulerant,
1205 1979 1312 2001 caenae
1331 1968 1574 2002 adhibuerunt.
1608 1968 1672 2000 Sed
1692 1968 1810 2001 ficiam

330 2018 507 2064 personam
533 2017 689 2051 sustinere
715 2018 774 2051 diu
802 2029 904 2051 nemo
923 2017 1041 2063 potest.
1092 2018 1184 2051 Cum
1210 2016 1393 2057 Caesarem,
1419 2028 1618 2062 quanquam
1644 2016 1676 2050 in
1703 2016 1811 2050 libera

332 2066 483 2105 civitate,
513 2065 671 2112 singulari
691 2066 854 2112 potestate
876 2066 986 2108 usum,
1014 2065 1135 2100 funere
1155 2076 1268 2099 tamen
1294 2065 1403 2099 efferri
1424 2066 1596 2112 placuill'et
1615 2078 1622 2099 2
1651 2065 1712 2111 qui
1730 2065 1810 2100 fons

333 2115 502 2150 malorum
529 2116 684 2148 omnium
713 2115 800 2149 fuit:
836 2116 895 2159 (lic
923 2116 1015 2149 enim
1045 2126 1227 2160 tyrannum
1257 2127 1322 2148 non
1353 2115 1448 2149 fuisse
1474 2113 1700 2159 judimbatur,
1731 2126 1811 2149 nam

331 2175 556 2210 tyrannorum
576 2175 719 2209 corpora
738 2163 961 2210 projiciuntur
976 2164 1191 2206 inhumataz)
1208 2165 1358 2198 laudavit
1373 2177 1452 2198 eum
1469 2165 1511 2197 de
1528 2175 1619 2197 more
1637 2164 1812 2198 Antonius

334 2213 367 2247 in
396 2213 495 2253 foro,
531 2214 875 2259 commemoratilqtie
908 2214 1008 2247 rebus
1044 2214 1087 2247 ab
1118 2225 1158 2246 eo
1187 2213 1300 2258 gestia,
1337 2213 1560 2259 maximisque
1588 2224 1669 2258 erga
1700 2224 1810 2258 remp.

335 2261 477 2304 meritis,
504 2262 671 2306 explicata
697 2263 839 2296 demum
868 2272 1008 2297 cruenta
1034 2262 1135 2302 veste,
1164 2262 1195 2295 in
1224 2274 1293 2308 qua
1319 2262 1422 2296 efesus
1449 2262 1572 2302 fuerat,
1601 2261 1719 2295 multis
1746 2272 1813 2306 pu-

335 2311 478 2356 gionum
509 2310 631 2344 ic‘tibus
660 2310 814 2357 perfossa,
842 2312 1008 2345 convertit
1034 2311 1221 2345 orationem
1249 2312 1288 2344 ad
1317 2311 1567 2345 miserationem
1587 2321 1812 2344 commoven-

334 2360 428 2400 dam,
458 2359 709 2406 populumque,
732 2359 804 2406 jam
831 2361 947 2395 dolore
978 2359 1166 2401 incensum,
1195 2360 1227 2393 in
1252 2372 1325 2394 eam
1352 2359 1561 2394 iracundiam
1586 2357 1811 2404 furoremque

332 2408 485 2455 impulit,
502 2409 663 2443 utstatim
683 2422 699 2444 a
717 2409 837 2445 funere
856 2411 898 2445 atl
915 2411 1062 2446 domum
1079 2409 1177 2444 Bruti
1190 2418 1225 2444 et
1239 2409 1339 2444 Cassii
1358 2421 1437 2444 cum
1452 2407 1586 2444 facibus
1601 2417 1810 2444 accurreret:
