2201 2792
624 176 967 218 ACTIONIS
1010 179 1062 217 11.
1121 178 1331 218 LIBER
1362 180 1413 218 v,
1637 195 1717 235 419

323 274 461 328 loqui:
493 275 638 321 mirari,
674 275 779 328 quod
799 276 1047 329 Apollonius,
1080 275 1202 315 homo
1229 275 1469 329 pecuniosus,
1503 275 1651 314 tamdiu
1671 276 1718 313 ab

324 340 394 378 isto
415 351 583 379 maneret
603 342 751 394 integer
768 357 777 381 ε
810 343 1043 395 excogitavit
1060 357 1068 381 :
1101 342 1227 380 nescio
1247 342 1342 395 quid
1363 342 1492 380 attulit
1510 356 1519 380 :
1548 340 1719 394 profecto

322 405 445 446 homo
465 408 568 447 dives
589 418 744 462 repente
764 423 785 447 a
804 411 924 448 Verre
954 423 1031 448 non
1063 409 1139 448 fine
1165 409 1272 448 causa
1306 409 1460 447 citatur.
1493 407 1719 460 Expectatio

324 473 475 513 summa
493 477 687 521 omnium,
710 477 898 528 quidnam
920 477 959 515 id
980 476 1095 521 effet3
1128 490 1220 515 cum
1241 476 1479 514 exanimatus
1501 475 1627 513 subito
1644 473 1720 526 ipse

323 541 490 579 accurrit
520 555 612 580 cum
640 542 877 580 adolescente
908 542 1016 581 filio:
1050 557 1139 581 nam
1170 551 1288 595 pater,
1320 542 1473 594 grandis
1505 550 1611 585 natu,
1638 540 1721 591 jam

325 605 393 644 diu
414 606 513 645 lecto
534 608 747 646 tenebatur.
781 609 973 646 Nominat
993 608 1060 646 iste
1080 608 1242 653 servum,
1265 621 1383 660 quem
1404 607 1631 660 magistrum
1652 619 1720 658 pe-

326 675 424 711 coris
445 673 516 711 effe
535 674 677 712 diceret
695 689 703 712 :
736 687 826 712 eum
847 675 941 712 dicit
972 674 1193 727 conjuraffe,
1227 684 1264 712 et
1284 674 1372 712 alias
1393 673 1559 712 familias
1586 672 1721 711 conci—

327 738 427 777 taffe.
461 740 497 777 Is
517 740 680 778 omnino
714 740 838 779 servus
859 742 899 779 in
931 740 1080 779 familia
1100 755 1178 779 non
1198 751 1289 780 erat.
1322 741 1427 779 Eum
1451 740 1579 778 statim
1609 737 1721 777 exhi-

327 804 415 842 bere
431 805 558 857 jubet.
590 806 824 858 Apollonius
844 807 1044 852 affirmare,
1067 806 1218 845 servum
1239 806 1274 844 se
1293 807 1457 844 omnino
1475 805 1544 844 illo
1565 805 1724 842 nomine

327 868 467 909 habere
488 872 702 911 neminem.
735 873 806 911 Iste
826 872 1030 912 hominem
1051 874 1174 926 abripi
1204 887 1225 910 a
1245 872 1443 917 tribunali,
1475 881 1511 909 et
1533 872 1573 909 in
1592 884 1722 908 carce-

329 950 410 975 rem
431 938 574 990 conjici
602 939 730 990 jubet.
763 939 940 977 Clamare
959 940 1039 985 ille,
1075 954 1167 977 cum
1188 949 1393 992 raperetur,
1432 937 1532 976 nihil
1552 937 1588 975 se
1607 935 1722 975 mise-

329 1017 416 1041 rum
437 1003 577 1049 feciffe,
599 1004 699 1042 nihil
720 1005 949 1043 commisiffe
967 1021 975 1044 :
1007 1006 1213 1058 pecuniam
1232 1005 1302 1044 fibi
1321 1005 1390 1043 effe
1410 1005 1450 1042 in
1470 1003 1722 1047 nominibus,

330 1080 570 1109 numeratam
591 1072 630 1109 in
651 1072 845 1124 praesentia
864 1085 942 1110 non
961 1072 1113 1110 habere.
1148 1073 1244 1110 Haec
1265 1085 1356 1110 cum
1378 1071 1548 1110 maxime
1573 1068 1726 1108 summa

331 1135 541 1175 hominum
562 1136 778 1190 frequentia
809 1138 1084 1183 testificaretur,
1121 1148 1164 1176 ut
1197 1139 1323 1190 quivis
1357 1137 1571 1190 intelligere
1590 1135 1724 1189 posset,

331 1216 436 1247 eum,
460 1204 565 1255 quod
582 1206 787 1256 pecuniam
808 1218 886 1242 non
908 1205 1078 1249 dedisset,
1110 1205 1254 1242 idcirco
1274 1204 1340 1242 illa
1360 1214 1439 1243 tam
1465 1203 1599 1240 acerba
1618 1203 1724 1254 inju-

332 1269 386 1306 ria
405 1270 533 1314 affici3
566 1284 658 1308 cum
680 1271 863 1315 maxime,
901 1280 944 1309 ut
964 1271 1066 1316 dico,
1103 1269 1178 1308 hoc
1199 1270 1245 1308 de
1265 1271 1428 1323 pecunia
1458 1269 1655 1312 clamaret,
1685 1268 1724 1305 in

332 1335 460 1373 vincla
480 1336 675 1387 conjectus
696 1336 761 1374 est.

330 1411 335 1414 ·
379 1401 494 1440 VIII.
518 1401 657 1439 Videte
677 1401 929 1440 constantiam
952 1403 1142 1446 Praetoris,
1166 1412 1202 1445 et
1222 1403 1302 1454 ejus
1326 1401 1513 1445 Praetoris,
1534 1399 1602 1452 qui
1624 1410 1726 1436 nunc

324 1481 418 1506 reus
440 1482 516 1506 non
538 1469 590 1506 ita
621 1467 858 1513 defendatur,
894 1478 935 1506 ut
957 1469 1161 1506 mediocris
1184 1470 1353 1513 Praet0r;
1384 1468 1447 1506 sed
1467 1469 1518 1505 ita
1537 1467 1725 1508 laudetur,

334 1543 378 1572 ut
397 1535 569 1587 optimus
591 1535 810 1586 imperator.
845 1536 949 1572 Cum
982 1535 1173 1572 servorum
1202 1535 1349 1572 bellum
1372 1542 1618 1576 metueretur,
1650 1545 1727 1583 quo

334 1600 523 1653 supplicio
550 1600 727 1638 dominos
760 1600 1000 1638 indemnatos
1032 1601 1235 1644 afficiebat,
1268 1599 1342 1638 hoc
1375 1600 1496 1637 servos
1528 1598 1726 1636 damnatos

334 1667 533 1706 liberabat.
566 1667 840 1720 Apollonium,
861 1667 1203 1720 locupletiffinium
1225 1666 1442 1711 hominem,
1466 1666 1548 1718 qui,
1573 1665 1596 1702 ii
1621 1664 1727 1716 fugi-

337 1734 405 1771 tivi
428 1733 576 1771 bellum
612 1733 653 1770 in
685 1733 813 1772 Sicilia
832 1732 1012 1778 facerent,
1044 1733 1289 1786 ampliflimas
1320 1732 1493 1770 fortunas
1521 1730 1727 1774 amitteret,

335 1799 427 1838 belli
463 1798 720 1852 fugitivorum
756 1800 927 1845 nomine,
971 1800 1114 1837 indicta
1147 1799 1267 1843 causa,
1301 1799 1341 1836 in
1376 1798 1501 1836 vincla
1536 1796 1726 1848 conjecit:

336 1865 472 1911 servo5,
508 1879 604 1918 quos
626 1865 703 1918 ipse
723 1879 816 1904 cum
847 1866 1019 1911 consilio,
1057 1865 1149 1903 belli
1180 1864 1345 1903 faciendi
1375 1864 1482 1902 causa
1512 1861 1730 1901 consensisse

332 1932 534 1984 judicavit,
556 1945 618 1970 eos
650 1932 726 1970 fine
746 1932 893 1970 consilii
913 1932 1111 1977 sententia,
1146 1930 1209 1969 sua
1230 1931 1376 1984 sponte,
1411 1930 1521 1968 omni
1542 1927 1731 1981 supplicio·

340 1999 528 2038 liberavit.

394 2065 502 2115 Qid
537 2064 563 2102 fi
597 2064 643 2102 ab
675 2065 888 2117 Apollonio
922 2065 1069 2118 aliquid
1099 2064 1348 2103 commiffum
1376 2063 1442 2108 est,
1478 2061 1731 2115 quamobrem

334 2132 422 2183 jure
452 2131 491 2168 in
523 2143 614 2168 eum
633 2131 1022 2176 animadverteretur;
1055 2141 1234 2169 tamenne
1265 2129 1362 2167 hanc
1390 2143 1469 2168 rem
1492 2129 1540 2166 sic
1561 2140 1730 2180 agemus,

341 2206 382 2234 ut
416 2197 585 2242 crimini,
616 2206 681 2235 aut
714 2197 867 2236 invidiae
889 2211 951 2236 reo
982 2207 1164 2250 putemus
1196 2196 1266 2236 effe
1298 2205 1486 2249 oportere,
1519 2194 1543 2231 fi
1576 2207 1654 2245 quo
1685 2193 1731 2228 de

340 2262 501 2301 homine
523 2263 682 2301 severIus
704 2263 924 2315 judicavit?
958 2264 1049 2302 Non
1088 2277 1197 2316 agam
1233 2272 1311 2300 tam
1344 2262 1500 2299 acerbe:
1539 2273 1614 2296 non
1651 2268 1732 2295 utar

341 2329 408 2366 ista
428 2329 656 2367 accusatoria
687 2329 975 2375 consuetudine,
1009 2331 1034 2368 si
1057 2331 1150 2382 quid
1178 2329 1229 2367 est
1262 2328 1408 2366 factum
1437 2326 1659 2366 clementer,
1692 2331 1733 2360 ut

342 2395 518 2433 dissolute
538 2395 685 2434 fartum
705 2397 914 2442 criminer;
947 2397 973 2435 fi
1005 2397 1100 2449 quid
1121 2396 1357 2434 vindicatum
1379 2392 1498 2429 severe
1528 2389 1594 2432 est,
1625 2398 1668 2425 ut
1689 2401 1734 2425 ex

343 2475 388 2498 eo
407 2462 643 2500 crudelitatis
664 2463 850 2501 invidiam
871 2464 1067 2516 colligam.
1102 2463 1195 2500 Non
1226 2473 1336 2512 agam
1368 2459 1433 2495 ista
1467 2457 1637 2494 ratione:
1672 2464 1735 2491 tua

343 2527 664 2580 sequarjudicia:
698 2537 804 2567 tuam
830 2529 1033 2569 defendam
1069 2527 1348 2569 auctoritatem,
1380 2522 1506 2576 quoad
1540 2531 1583 2560 tu
1618 2520 1732 2558 voles.

339 2601 343 2603 ⁷
1248 2592 1284 2629 G
1399 2602 1420 2628 2

1307 2605 1376 2643 gg
