2201 2792
530 137 1069 176 ARGUMENTA
1133 138 1674 177 ORATIONUM.
1805 154 1852 182 12

469 240 632 292 Argum.
983 237 1060 275 Pro
1089 238 1141 277 L.
1162 238 1342 277 Murena.
1706 254 1741 294 p.
1760 243 1855 284 208.⁴

406 325 652 361 Censorinus
677 325 847 360 Cicerone
866 334 901 359 et
920 324 1094 367 Antonio,
1122 337 1205 360 cum
1224 325 1395 361 Cicerone
1414 325 1556 361 comitia
1580 326 1770 364 consularia
1795 329 1856 367 ha.

358 374 463 411 bente
482 376 653 411 Decimus
672 375 807 409 Silanus
833 384 869 409 et
896 375 940 410 L.
966 375 1121 409 Murena
1143 376 1250 410 effent
1278 375 1312 410 in
1332 375 1492 411 futurum
1522 387 1654 411 annum
1673 378 1857 426 designati,

357 424 527 472 repulsam
548 435 667 460 autem
687 424 814 459 tulisset
830 425 927 459 Serv.
942 424 1138 471 Sulpicius:
1167 437 1207 460 ea
1222 426 1437 461 contumelia
1454 436 1654 461 commotus
1669 427 1858 477 Sulpicius,

357 475 512 510 ambitus
541 475 733 509 Murenam
760 473 929 508 accusavit
956 485 1039 508 cum
1068 474 1179 509 tribus
1205 474 1506 521 subscriptoribuS‚
1533 476 1590 513 M.
1611 478 1759 522 Catone,
1787 481 1858 518 Cn.-

356 523 550 566 Postumio,
569 535 604 559 et
623 525 722 559 SerV.
746 523 903 569 Sulpicio
922 523 1148 559 adolescente.
1190 525 1324 559 Tribus
1343 537 1429 572 ergo
1447 526 1657 570 affionibus,
1683 540 1747 574 pro
1766 529 1859 566 illius

357 574 526 620 temporis
546 585 654 617 more,
682 574 780 608 causa
798 574 846 609 est
865 584 1034 621 perorata.
1091 573 1206 609 Prima
1232 574 1367 609 afflone
1394 575 1554 611 defensus
1582 577 1630 612 est
1650 589 1668 612 a
1687 578 1738 625 Q
1759 580 1857 615 Hor—

357 625 478 667 tensio,
506 624 611 658 altera
628 636 648 658 a
665 623 721 658 M.
743 623 873 665 Crasso,
893 623 993 658 tertia
1012 635 1030 658 a
1049 623 1217 659 Cicerone
1235 624 1385 659 consule.
1428 625 1467 660 In
1489 636 1560 661 tota
1581 627 1688 673 igitur
1702 629 1858 666 oratione

359 673 426 709 hoc
444 674 572 720 agitur,
601 683 640 708 ut
658 685 740 707 cum
761 683 888 708 ceterae
905 672 1164 708 criminationes
1183 674 1423 716 retundantur,
1454 685 1528 710 tum
1557 676 1714 722 inprimis
1741 679 1798 714 illa
1815 681 1860 716 de

358 724 522 758 tribubus
542 723 725 770 largitione
741 723 924 770 corruptis
964 724 1169 770 Antequam
1191 723 1296 770 ipsam
1316 724 1450 760 causam
1472 727 1677 772 mgreditur,
1697 727 1860 767 satisfacit

357 773 415 808 M.
441 773 567 808 Catoni
595 784 629 807 et
657 773 756 807 SerV.
781 773 962 819 Sulpicio;
1000 784 1151 819 quorum
1184 774 1269 808 alter
1299 774 1450 821 negabat
1474 774 1525 809 fas
1543 776 1619 818 effe,
1647 777 1856 814 Ciceronem

357 822 549 863 consulem,
577 821 637 869 qui
657 822 700 856 de
718 822 854 858 ambitu
876 823 991 869 legem
1013 823 1151 865 tulisset,
1179 822 1368 858 defendere
1387 837 1486 859 reum
1506 825 1550 860 de
1569 826 1704 861 ambitu
1722 843 1732 868 3
1772 828 1859 864 alter

357 883 475 908 autem
495 875 703 918 conquestus
718 882 803 914 erat,
826 872 992 908 Murenae
1007 874 1141 907 causam
1158 885 1177 907 a
1191 872 1327 908 summo
1342 874 1455 908 amico
1471 873 1530 909 suo
1544 886 1664 911 contra
1677 877 1707 911 se
1726 877 1861 926 suscipi.

357 922 496 957 Deinde
515 923 556 956 ad
576 921 725 968 singulas
743 921 966 957 accusationis
986 933 1098 969 partes
1118 922 1264 963 accedit,
1292 935 1374 970 quae
1391 923 1537 959 omnino
1557 935 1624 960 tres
1641 937 1760 968 erant·,
1789 928 1859 974 pri-

359 983 417 1006 ma
435 973 468 1006 in
490 971 750 1018 reprehensione
769 971 862 1012 vitae‚
891 973 996 1007 altera
1016 971 1048 1006 in
1069 972 1292 1008 contentione
1310 974 1502 1020 dignitatis,
1533 974 1608 1010 b.e.
1637 986 1757 1011 utrum
1777 978 1861 1013 Sul-

358 1020 483 1067 picius,
512 1033 553 1056 an
573 1031 654 1054 vero
668 1020 821 1055 Murena
839 1021 979 1067 dignior
997 1021 1189 1062 consulatu,
1217 1024 1316 1056 tertia
1337 1023 1369 1057 in
1388 1023 1593 1059 criminibus
1613 1026 1768 1060 ambitus
1783 1039 1861 1062 ver-

359 1070 506 1105 sabatur.
546 1070 671 1104 Habet
690 1080 807 1104 autem
829 1069 903 1105 haec
928 1070 1039 1105 oratio
1063 1070 1257 1118 plurimum
1284 1072 1458 1107 suavitatis
1485 1084 1518 1108 et
1539 1075 1630 1109 artis.
1677 1075 1773 1111 Nam
1803 1077 1860 1112 illa

359 1120 542 1155 contentio
558 1119 795 1163 Jurisconsulti
813 1131 894 1153 cum
916 1120 1142 1166 Imperatore,
1170 1132 1203 1154 et
1223 1121 1539 1168 reprehensiojuris
1558 1123 1705 1159 scientiae
1723 1137 1761 1159 ac
1780 1126 1860 1174 phi-

360 1169 524 1215 losopbiae
554 1168 682 1203 Stoicae
713 1169 817 1214 longe
841 1167 1087 1214 jucundiffima
1111 1170 1170 1212 est,
1199 1170 1252 1204 sed
1282 1171 1328 1205 ita
1356 1183 1567 1218 comparata,
1595 1182 1635 1208 ut
1661 1185 1729 1209 non
1750 1177 1862 1223 posset

360 1230 575 1265 magnopere
593 1228 653 1253 aut
679 1218 876 1264 Sulpicium
905 1230 963 1253 aut
988 1219 1162 1254 Catonem
1187 1219 1378 1262 offendere,
1419 1234 1622 1268 quanquam
1651 1224 1859 1260 Plutarchus

359 1279 625 1309 commemorat,
656 1268 843 1309 Catonem,
871 1279 953 1303 cum
978 1270 1023 1304 ita
1050 1269 1240 1316 disputaret
1268 1270 1406 1312 Cicero,
1434 1272 1553 1306 dixisse
1576 1273 1743 1308 omnibus
1762 1275 1862 1310 audi-

358 1317 509 1358 entibus,
538 1327 577 1352 ut
603 1327 676 1352 erat
699 1318 733 1352 in
760 1317 821 1352 isto
847 1330 974 1364 genere
1000 1331 1128 1365 magna
1146 1319 1274 1353 Romae
1295 1320 1455 1356 libertas:
1497 1323 1553 1356 O!
1582 1321 1628 1356 dii
1655 1322 1739 1365 boni,
1766 1336 1860 1371 quam

357 1366 526 1402 ridiculum
545 1367 704 1412 Consulem
719 1367 877 1402 habemus.
918 1369 1087 1403 Ceterum
1109 1368 1213 1415 juvat
1240 1370 1283 1403 de
1310 1370 1374 1404 hac
1401 1371 1530 1406 Stoicae
1550 1371 1777 1419 philosophiae
1806 1386 1860 1409 re-

359 1417 586 1464 prehensione
605 1417 735 1458 audire,
761 1417 885 1452 Cicero
905 1419 989 1462 quid
1009 1418 1135 1453 dixerit
1154 1418 1198 1452 L.
1214 1418 1273 1453 IV.
1293 1419 1336 1454 de
1356 1420 1432 1455 Fin.
1453 1421 1491 1454 B.
1512 1431 1546 1455 et
1567 1422 1620 1456 M.
1642 1433 1671 1456 c.
1686 1434 1743 1470 ²7·
1783 1425 1860 1458 Om-

359 1468 416 1502 nia
436 1474 569 1513 peccata
590 1469 688 1511 paria
705 1466 819 1500 dicitis.
862 1465 939 1501 Non
956 1480 1007 1512 ego
1022 1469 1100 1514 jam
1120 1476 1217 1502 lesum
1235 1470 1284 1502 ita
1301 1468 1425 1516 loquar,
1455 1471 1546 1510 Calo,
1576 1479 1612 1505 ut
1631 1472 1733 1517 iffdem
1751 1472 1802 1506 his
1823 1473 1863 1507 de

359 1516 463 1559 rebus,
483 1527 550 1550 cum
571 1517 611 1550 L.
627 1517 814 1557 Murenam,
833 1524 864 1550 te
880 1518 1058 1562 accusante,
1078 1517 1278 1563 defenderem.
1323 1519 1423 1563 apud
1437 1522 1600 1565 imperitos
1616 1529 1682 1555 tum
1699 1522 1756 1556 illa
1774 1522 1860 1557 diem

351 1567 457 1613 sunt:
494 1565 618 1613 aliquid
640 1566 735 1599 etiam
754 1578 869 1600 coronae
886 1566 1010 1601 datam.
1051 1567 1151 1602 Nunc
1175 1567 1326 1613 agendum
1342 1569 1499 1614 subtilirrs.
1544 1571 1599 1604 De
1624 1572 1768 1607 artificio
1797 1584 1860 1607 au-

361 1626 446 1656 tem,
474 1627 546 1662 quo
565 1615 760 1661 Sulpicium
780 1625 814 1650 et
833 1615 1006 1650 Catonem
1025 1617 1258 1664 reprehendis,
1287 1618 1332 1652 ita
1351 1619 1591 1662 Quintilianus
1610 1619 1655 1655 L.
1671 1621 1735 1656 Xl.
1763 1633 1793 1656 c.
1817 1635 1828 1657 1
1850 1636 1859 1657 ;

360 1665 505 1701 Nlultum
524 1665 565 1708 cst
581 1664 790 1710 dtfficultatis,
818 1664 873 1698 ubi
890 1666 979 1711 ipsos,
1008 1674 1120 1701 contra
1139 1679 1211 1713 quos
1230 1666 1370 1709 dicimus,
1399 1680 1546 1702 veremur
1563 1669 1728 1715 offendere.
1774 1671 1860 1707 Duae

348 1714 452 1759 simul
475 1713 646 1760 hujusmodi
667 1715 807 1760 personae
824 1714 967 1748 Ciceroni
987 1725 1049 1761 pro
1067 1718 1212 1750 Murena
1231 1715 1345 1750 dicenti
1372 1717 1570 1760 obsiderunt,
1600 1721 1656 1753 M.
1677 1719 1807 1754 Catenis
1828 1727 1859 1756 et

360 1767 452 1800 Serv.
474 1764 616 1809 Sulpicii.
657 1763 766 1809 Qtam
784 1763 925 1798 det-enter
943 1772 1049 1799 tamen
1067 1765 1211 1812 Sulpicio,
1238 1778 1304 1800 cum
1323 1778 1424 1800 omnes
1439 1766 1607 1814 conceffi'set
1625 1770 1776 1811 virtutes,
1795 1770 1862 1815 sci-

361 1815 480 1849 entiam
502 1813 630 1860 petendi
653 1813 827 1858 cousulatus
855 1813 998 1848 ademit!
1036 1815 1111 1861 quid
1134 1819 1214 1849 enim
1241 1815 1332 1849 als‘ud
1354 1816 1432 1862 effet,
1459 1829 1517 1863 quo
1537 1818 1572 1862 se
1590 1818 1678 1852 homo
1696 1818 1808 1852 nobilis
1831 1826 1863 1853 et

352 1864 444 1911 juris
463 1863 591 1906 antistes
618 1866 738 1898 vicJum
763 1865 864 1908 magis
881 1863 1018 1908 ferret?
1053 1867 1098 1900 Ut
1122 1877 1200 1899 vero
1223 1868 1376 1900 rasicnem
1393 1867 1463 1910 sitae
1490 1867 1665 1912 defeuyonis
1690 1868 1862 1904 radidit?

361 1914 440 1949 Cum
458 1913 494 1958 β’
510 1912 658 1959 studugffl’
677 1914 826 1958 petitioni
853 1913 984 1958 Sulpicii
1007 1922 1119 1948 contra
1144 1916 1286 1950 honorem
1305 1919 1463 1958 inurente,
1491 1929 1549 1951 mu
1571 1917 1650 1951 idem
1677 1916 1786 1951 dffbeve
1806 1930 1861 1952 ac-

363 1963 515 2006 cusationi
537 1970 646 1996 contra
665 1970 772 2008 caput,
799 1961 913 1996 diceret
927 1976 938 1996 :
978 1964 1086 2010 ⁴Quam
1115 1965 1201 1999 molli
1221 1974 1326 1999 aulem
1352 1966 1486 1999 amnuo
1503 1969 1662 2000 trebiam-it
1680 1969 1828 2002 Colonen]
1842 1968 1861 2001 ἓ

360 2013 449 2058 cujus
474 2020 627 2046 naturam
644 2012 765 2058 summe
792 2011 984 2052 admiratus,
1012 2025 1073 2047 non
1100 2015 1194 2059 ipstus
1220 2013 1395 2058 vitio‚std
1419 2016 1530 2050 Stoicae
1547 2015 1649 2061 fraite.
1678 2018 1865 2062 quibusdam

361 2062 455 2096 rebus
472 2060 630 2096 duriorem
647 2060 751 2096 videri
767 2060 898 2106 fabiam
917 2061 1054 2101 volebat,
1082 2071 1118 2098 ut
1134 2067 1218 2098 inter
1238 2076 1284 2098 eos
1301 2076 1360 2098 non
1377 2064 1534 2109 forensem
1552 2069 1785 2106 ccnmzsionem,
1804 2066 1864 2112 sed

353 2110 524 2157 studiosam
542 2110 781 2156 disputationem
798 2111 934 2145 crederes
957 2111 1105 2157 incidsse.
1149 2115 1272 2160 ltaque
1297 2125 1359 2148 nec
1380 2114 1523 2155 mirum,
1551 2115 1571 2148 s1
1593 2114 1746 2149 Murena
1765 2115 1862 2150 abso-

362 2160 456 2195 lutus
475 2160 535 2203 est,
562 2160 659 2206 quod
678 2172 720 2194 ex
738 2161 835 2194 Orat.
857 2171 920 2206 pro
939 2161 1065 2195 Flacco
1092 2173 1121 2198 c.
1142 2174 1196 2208 ¹3·
1218 2163 1450 2211 intelligitur:
1492 2165 1608 2198 Nonne
1630 2166 1693 2211 ipso
1716 2167 1867 2210 Pompeio-

361 2214 501 2254 aufiore,
529 2209 637 2244 Silano
661 2216 691 2244 et
711 2211 851 2245 Murena
874 2210 987 2245 COSS.
1014 2210 1218 2248 decrevimus.

471 2314 633 2368 Argum.
997 2315 1079 2355 Pro
1108 2317 1161 2356 L.
1183 2316 1330 2356 Flacco.
1712 2331 1750 2370 p.
1766 2330 1865 2371 245.

410 2400 611 2436 CAESARE
641 2409 678 2437 et
701 2400 831 2439 Bibulo
859 2402 949 2440 Coff.
979 2403 1155 2440 accusatus
1182 2404 1230 2440 est
1257 2404 1301 2440 de
1329 2405 1531 2451 repetundis
1548 2404 1593 2440 L.
1612 2404 1772 2445 Flaccus,
1800 2406 1863 2452 qui

362 2448 486 2488 Asiam
506 2451 693 2488 triennium
710 2463 776 2502 pro
789 2453 945 2493 Prae‘tore
962 2452 1176 2499 obtinuerat,
1195 2466 1214 2491 a
1230 2455 1277 2492 D.
1296 2454 1424 2492 Laelio.
1461 2455 1556 2492 Inter
1573 2453 1646 2504 ejus
1665 2453 1867 2493 defensores
