2201 2792
704 129 1249 170 DIVINATlo.
1611 150 1687 192 117

285 234 448 273 crimina
465 231 526 270 vel
552 229 724 268 maxima
743 227 1028 276 minuerentur,
1065 244 1149 283 quae
1180 243 1273 268 cum
1299 229 1360 269 his
1395 232 1614 274 civitatibus
1635 238 1684 276 C.

283 300 394 338 Verri
414 296 701 336 communicata
721 295 821 334 sunt.

336 366 399 410 At,
410 364 516 401 enim
537 376 606 400 cur
635 375 657 399 a
676 375 740 400 me
760 359 1001 414 potiffimhm
1021 361 1097 400 hoc
1118 362 1335 415 praefidium
1363 364 1609 417 petiverunt?
1648 369 1687 406 Si

280 429 370 470 effet
399 430 581 474 dubium,
611 428 787 481 petiffent
816 442 836 466 a
868 442 932 466 me
962 429 1193 481 praesidium,
1225 444 1372 476 necne,-
1405 431 1587 477 dicerem,
1619 447 1688 472 cur

279 495 470 550 petiffent.
502 495 623 534 Nunc
644 508 745 540 vero,
768 508 861 532 cum
882 494 922 532 id
937 495 990 533 ita
1008 494 1256 548 perspicuum
1277 497 1334 541 fit,
1366 507 1408 535 ut
1429 499 1552 536 oculis
1575 500 1685 550 judi-

280 575 364 600 care
383 562 529 616 poffitis
546 580 559 607 3
591 560 717 599 nescio
747 575 816 599 cur
835 560 911 599 1100
932 560 1033 600 mihi
1065 561 1298 600 detrimento
1318 563 1390 601 effe
1409 565 1556 610 debeat,
1591 566 1617 604 fi
1647 567 1688 604 id

280 627 383 667 mihi
403 628 622 681 objiciatur,
652 641 717 665 me
749 625 991 680 potiffimum
1021 628 1091 665 effe
1112 628 1318 668 deleemm.
1352 631 1498 669 Verum
1525 633 1564 670 id
1585 633 1687 671 mihi

280 708 359 733 non
379 695 503 740 sumo,
521 694 691 746 Judices,
721 703 758 731 et
778 693 854 732 1100
874 708 952 732 11011
973 695 1090 733 1110ἀο
1111 695 1152 733 in
1172 696 1344 734 oratione
1365 711 1450 735 mea
1469 711 1547 736 11011
1568 713 1685 751 pono,

280 760 344 799 sed
376 774 426 799 ne
455 762 496 799 in
517 761 700 814 opinione
728 761 889 813 quidem
923 761 1153 813 cujusquam
1185 763 1376 815 relinquo,
1409 778 1471 801 me
1501 766 1686 804 omnibus

280 828 448 880 patronis
479 827 550 865 effe
570 827 830 880 praepofitum.
874 828 968 866 Non
988 828 1040 866 ita
1057 828 1133 873 est,
1166 828 1229 866 sed
1250 830 1548 882 uniuscujusque
1582 842 1686 870 tem-

279 894 398 944 poris,
428 893 672 937 valetudinis,
704 892 896 931 facultatis
927 894 974 931 ad
993 894 1201 946 agendum,
1233 895 1346 933 dueta
1366 897 1461 934 ratio
1481 896 1546 934 est.
1593 898 1687 935 R'Iea

280 957 357 996 fuit
377 959 523 1011 semper
542 957 623 995 haec
643 959 684 995 in
704 957 777 995 hac
798 972 836 995 re
855 959 1031 996 voluntas
1062 969 1100 997 et
1120 960 1316 1006 sententia,
1349 963 1525 1014 quemvis
1548 973 1590 1001 ut
1610 963 1686 1002 1100

281 1024 441 1061 mallem
462 1024 508 1060 de
534 1024 596 1067 iis,
629 1023 697 1074 qui
729 1023 844 1060 effent
864 1024 1005 1067 idonei,
1037 1025 1235 1076 suscipere,
1269 1041 1384 1078 quam
1420 1042 1511 1074 me,
1544 1044 1609 1067 me
1643 1040 1687 1068 ut

280 1089 456 1134 mallem,
477 1102 601 1141 quam>
616 1089 830 1128 neminem.

336 1155 387 1191 V.
411 1154 627 1206 Reliquum
649 1155 701 1192 est
715 1155 813 1206 jam,
847 1164 890 1193 ut
919 1156 1019 1193 illud
1039 1167 1268 1208 quaeramus,
1299 1159 1408 1209 (cum
1430 1159 1504 1199 1100
1525 1162 1688 1206 constet,-

279 1220 426 1259 Siculos
447 1233 467 1258 a
486 1233 549 1257 me
576 1221 724 1272 petiffe)
757 1221 896 1272 ecquid
917 1220 1016 1259 hanc
1037 1236 1119 1260 rem
1140 1224 1240 1275 apud
1260 1238 1340 1268 vos,
1361 1227 1583 1278 animosque
1604 1230 1684 1266 ves-

276 1296 354 1326 tros
375 1286 497 1325 valere
530 1296 727 1339 oporteat,
759 1287 900 1339 ecquid
934 1289 1169 1327 au&0ritatis
1203 1290 1305 1342 apud
1335 1305 1400 1329 vos
1432 1293 1473 1329 in
1505 1293 1570 1331 suo
1598 1295 1687 1345 jure

277 1352 490 1404 repetundo
510 1352 603 1390 socii
621 1353 759 1405 populi
780 1352 965 1398 Romani,
988 1353 1178 1407 supplices
1200 1356 1326 1401 vestri,
1347 1355 1486 1395 habere
1507 1358 1683 1398 debeant.

246 1415 250 1417 ’
276 1419 341 1457 De
369 1431 449 1471 quo
469 1418 564 1471 quid
592 1430 664 1470 ego
693 1419 804 1470 plura
829 1422 1172 1459 commemorem?
1203 1422 1306 1474 quafi
1327 1436 1416 1461 vero
1436 1424 1602 1463 dubium
1624 1426 1683 1472 fit,

277 1485 374 1537 quin
394 1494 475 1523 tota
505 1484 567 1523 lex
588 1484 634 1521 de
653 1484 830 1536 pecuniis
862 1485 1084 1538 repetundis
1118 1486 1311 1526 sociorum
1347 1489 1456 1528 causa
1479 1491 1686 1530 constituta

276 1550 333 1589 fit.
369 1551 476 1589 Nam
496 1550 646 1589 civibus
667 1563 759 1588 cum
779 1551 868 1588 sunt
898 1562 1034 1604 ereptae
1065 1554 1254 1605 pecuniae‚
1285 1554 1392 1593 civili
1411 1555 1491 1594 fere
1520 1558 1687 1604 attione,

277 1624 315 1654 et
334 1616 481 1667 privato
504 1617 591 1668 jure
611 1625 849 1668 repetuntur.
894 1618 993 1655 Haec
1014 1618 1077 1656 lex
1097 1618 1244 1657 socialis
1271 1620 1349 1659 est:
1382 1620 1457 1660 hoc
1471 1623 1535 1674 jus
1556 1625 1683 1662 natio-

276 1694 374 1719 num
394 1689 611 1718 exterarum
631 1681 711 1718 est:
743 1680 843 1718 hanc
871 1679 1014 1719 habent
1044 1695 1171 1720 arcem
1201 1684 1329 1722 minus
1351 1686 1548 1738 aliquanto
1578 1702 1683 1726 nuno

276 1747 437 1800 quidem
466 1747 674 1792 munitam,
697 1760 815 1799 quam
835 1756 968 1785 antea:
1000 1758 1265 1794 veruntamen,
1294 1750 1320 1787 fi
1342 1764 1417 1803 qua
1436 1752 1582 1805 reliqua
1601 1754 1682 1807 spes

275 1812 342 1857 est,
374 1826 459 1865 quae
478 1812 670 1852 sociorum
703 1813 852 1852 animos
884 1813 1069 1852 consolari
1089 1814 1214 1867 poffit,
1248 1829 1290 1853 ea
1324 1825 1404 1854 tota
1424 1819 1465 1855 in
1494 1817 1566 1856 hac
1597 1819 1683 1872 lege

274 1879 393 1932 pofita
411 1879 464 1917 est
478 1897 490 1924 3
512 1880 623 1931 cujus
643 1879 738 1932 legis
758 1893 836 1918 non
857 1880 975 1918 modo
995 1894 1015 1918 a
1033 1881 1182 1933 populo
1202 1882 1396 1929 Romano,
1416 1884 1478 1922 sed
1498 1886 1614 1924 etiam
1634 1887 1682 1925 ab

276 1945 425 1984 ultimis
445 1946 680 1991 nationibus,
697 1946 933 1999 jampridem
954 1946 1069 1985 severi
1089 1947 1261 1986 custodes
1281 1951 1542 2002 requiruntur.

332 2011 432 2063 Qis
453 2012 573 2063 igitur
599 2012 664 2056 est,
699 2013 767 2064 qui
787 2021 901 2064 neget
921 2022 1095 2065 oportere
1125 2027 1260 2052 eorum
1287 2016 1471 2054 arbitratu
1492 2017 1575 2070 lege
1604 2019 1679 2072 agi,

275 2089 444 2128 quorum
465 2076 573 2114 causa
591 2077 654 2115 lex
672 2077 716 2115 fit
737 2077 943 2115 constituta
961 2079 973 2114 ?
1006 2078 1134 2116 Sicilia
1154 2089 1246 2124 tota,
1278 2082 1304 2118 fi
1325 2094 1400 2119 una
1419 2096 1512 2120 voce
1541 2084 1679 2136 loque-

275 2150 392 2185 retur,
413 2140 489 2179 hoc
510 2141 680 2187 diceret,
714 2143 833 2193 Qod
853 2143 947 2187 auri,
979 2144 1083 2195 quod
1113 2146 1273 2197 argenti,
1305 2149 1410 2199 quod
1430 2159 1679 2188 ornamento-

273 2221 362 2245 rum
381 2207 422 2245 in
442 2208 538 2246 meis
561 2208 736 2254 urbibus,
754 2209 919 2254 sedibus,
940 2209 1112 2248 delubris*
1128 2210 1229 2256 fuit;
1264 2214 1369 2265 quod
1390 2215 1429 2252 in
1450 2228 1678 2267 unaquaque

274 2287 314 2311 re
334 2273 521 2312 beneficio
542 2274 703 2320 senatus,
734 2276 948 2328 populique
969 2277 1139 2315 Romani
1159 2279 1256 2330 juris
1284 2278 1417 2325 habui,
1439 2281 1478 2318 id
1498 2280 1596 2318 mihi
1619 2291 1674 2325 tu,

276 2339 322 2376 C.
341 2340 492 2385 Verres,
509 2342 692 2393 eripuisti,
711 2352 825 2395 atque
840 2342 1042 2381 abstulisti:
1061 2357 1139 2396 quo
1155 2346 1315 2383 nomine
1332 2347 1396 2383 abs
1412 2355 1447 2382 te
1463 2346 1675 2384 sestertium

274 2404 415 2443 millies
435 2420 482 2443 ex
503 2406 587 2459 lege
610 2418 750 2460 repeto.
785 2409 823 2446 Si
844 2409 1028 2454 universa,
1062 2420 1104 2447 ut
1125 2410 1219 2454 dixi,
1243 2411 1438 2461 provincia
1458 2411 1566 2462 loqui
1585 2412 1677 2464 pos-

275 2468 342 2513 set,
363 2468 435 2509 hac
455 2485 547 2510 voce
569 2482 749 2513 uteretur.
783 2475 982 2528 Qoniam
1012 2475 1053 2512 id
1085 2489 1162 2513 non
1182 2484 1343 2527 poterat,
1375 2474 1513 2515 harum
1545 2491 1673 2516 rerum
