2201 2792
475 133 550 174 302
904 122 995 161 IN
1065 123 1447 162 VERREM

471 236 564 260 cum
585 224 779 260 Senatores
801 221 962 260 summis
983 222 1134 275 injuriis
1155 223 1302 261 afficis?
1323 223 1418 274 quid
1438 222 1542 261 aliud
1559 222 1668 267 dicis,
1687 222 1755 261 nisi
1772 220 1871 260 hoc?

470 288 566 326 cedo
587 287 687 326 mihi
707 289 823 326 etiam
844 287 957 325 istum
980 289 1198 326 Senatorem
1217 303 1226 326 :
1259 297 1302 326 ut
1336 287 1411 326 hoc
1431 289 1708 342 amplissimum
1731 301 1876 326 nomen

471 354 702 392 senatorium
723 369 799 392 non
833 355 952 391 modo
983 354 1029 391 ad
1048 354 1235 392 invidiam
1266 355 1553 406 imperitorum,
1584 355 1647 393 sed
1680 355 1797 392 etiam
1827 354 1874 391 ad

472 422 751 459 contumeliam
771 421 1056 472 improborum,
1089 431 1225 458 natum
1256 419 1327 457 effe
1353 421 1538 458 videatur.
1571 421 1710 473 Neque
1731 420 1805 459 hoc
1834 421 1876 457 in

472 501 549 524 uno
580 487 673 524 fecit
694 487 861 530 Anneio,
893 485 954 523 sed
981 487 1022 523 in
1055 486 1237 523 omnibus
1260 486 1533 531 Senatoribu53
1567 496 1610 524 ut
1631 487 1775 524 ordinis
1802 500 1875 524 no-

471 567 561 591 men
584 567 659 591 non
683 550 834 590 tantum
856 552 901 588 ad
922 551 1125 596 honorem,
1148 561 1339 603 quantum
1360 553 1405 590 ad
1427 553 1698 604 ignominiam,
1722 553 1874 589 valeret.

472 620 517 656 In
539 621 586 657 C.
612 618 747 662 Caino,
770 619 852 655 viro
871 617 1074 655 clarissimo
1106 626 1143 655 et
1163 617 1382 662 fortissimo,
1413 631 1506 656 cum
1537 619 1568 655 is
1599 631 1645 655 eo
1672 617 1751 670 ipso
1773 626 1874 655 tem-

470 699 575 737 pore,
598 686 724 738 primo
744 684 849 721 istius
871 697 985 728 anno,
1008 683 1153 721 Consul
1174 683 1275 728 efi'et,
1309 693 1411 722 tanta
1430 684 1678 737 improbitate
1701 683 1786 721 usus
1807 683 1873 727 est,

471 760 527 796 ut,
550 765 640 788 cum
663 752 743 802 ejus
776 764 884 794 uxor,
917 749 1080 787 foemina
1100 750 1292 803 primaria,
1315 760 1485 802 paternas
1516 749 1670 788 haberet
1691 750 1875 787 arationes

470 818 511 856 in
546 818 740 856 Leontino
758 846 768 861 ,
804 815 1047 854 frumentum
1083 830 1199 854 omne
1241 817 1281 853 in
1316 817 1496 855 decumas
1535 815 1680 854 auferre
1709 815 1871 866 jusserit.

471 885 593 922 Hunc
615 893 655 921 tu
682 884 721 920 in
753 881 825 919 hac
846 883 953 920 causa
975 883 1121 927 testem,
1145 882 1295 927 Verres,
1317 881 1502 927 habebis;
1535 883 1734 934 quoniam,
1764 881 1874 933 judi-

469 963 555 987 cem
578 963 624 987 ne
644 948 814 992 haberes,
838 948 1048 1000 providisti.

527 1016 606 1053 Vos
628 1024 770 1059 autem,
802 1015 972 1065 judices,
1006 1023 1135 1066 putare
1157 1013 1316 1058 debetis,
1348 1013 1418 1052 effe
1439 1013 1623 1066 quiddam
1647 1013 1756 1051 nobis
1777 1013 1879 1051 inter

469 1096 538 1121 nos
560 1093 769 1119 commune
790 1090 904 1131 atque
923 1081 1191 1132 conjunftum.
1224 1079 1356 1117 Multa
1386 1079 1473 1118 sunt
1491 1079 1667 1132 imposita
1697 1078 1791 1118 huic
1811 1092 1876 1116 or-

469 1149 553 1186 dini
574 1160 745 1191 munera,
778 1145 894 1183 multi
924 1145 1086 1189 labores,
1119 1145 1242 1182 multa
1273 1145 1455 1198 pericula,
1486 1159 1562 1183 non
1586 1145 1710 1183 solum
1742 1145 1875 1197 legum

470 1228 512 1252 ac
528 1214 782 1265 judiciorum,
806 1212 867 1249 sed
887 1212 1003 1249 etiam
1022 1225 1226 1249 rumorum
1246 1225 1288 1249 ac
1311 1221 1545 1263 temporum.
1571 1212 1630 1248 Sic
1653 1210 1704 1248 est
1723 1210 1788 1248 hic
1809 1224 1874 1249 or·-

471 1282 521 1319 do
542 1281 644 1332 quasi
665 1279 891 1333 propositus,
914 1287 1028 1330 atque
1048 1278 1172 1315 editus
1193 1278 1233 1316 in
1254 1278 1391 1323 altum,
1419 1288 1461 1316 ut
1480 1279 1527 1315 ab
1548 1278 1730 1316 omnibus
1751 1277 1875 1315 ventis

469 1346 622 1385 invidiae
642 1344 876 1384 circumflari
896 1343 997 1397 poffe
1027 1344 1211 1382 videatur.
1245 1345 1288 1382 In
1310 1343 1380 1381 hac
1413 1357 1490 1382 tam
1512 1345 1647 1381 misera
1677 1353 1713 1381 et
1743 1344 1876 1395 iniqua

469 1413 690 1452 conditione
710 1412 810 1456 vitae‚
842 1425 889 1448 ne
909 1409 983 1448 hoc
1005 1411 1163 1462 quidem
1184 1410 1450 1454 retinebimus,
1473 1411 1643 1461 judices,
1668 1420 1710 1447 ut
1732 1409 1874 1462 magis-

470 1481 631 1520 tratibus
648 1479 781 1518 nostris
803 1479 841 1516 in
860 1478 1070 1516 obtinendo
1084 1478 1172 1530 jure
1192 1478 1318 1515 nostro
1338 1490 1385 1515 ne
1405 1477 1724 1530 contemptiffimi
1741 1491 1783 1514 ac
1804 1477 1872 1515 de-

470 1546 687 1601 speetiffimi
709 1545 779 1583 effe
797 1545 995 1582 videamur
1012 1545 1025 1582 ?

525 1613 656 1650 XLII.
688 1610 935 1649 Thermitani
968 1610 1168 1656 miserunt,
1199 1610 1267 1662 qui
1299 1610 1478 1648 decumas
1499 1619 1671 1648 emerent
1701 1609 1781 1662 agri
1802 1609 1874 1648 sui.

471 1679 610 1732 Magni
642 1678 705 1716 sua
736 1678 921 1731 putabant
955 1676 1141 1722 interesse,
1171 1677 1327 1730 publice
1357 1678 1500 1730 potius,
1537 1677 1712 1730 quamvis
1735 1689 1877 1728 magno

469 1746 560 1790 emi,
584 1758 702 1797 quam
724 1745 763 1782 in
784 1744 953 1796 aliquem
975 1744 1080 1782 istius
1101 1743 1334 1782 emissarium
1356 1744 1535 1781 incidere.
1570 1744 1776 1796 Appositus
1798 1752 1876 1781 erat

470 1812 684 1850 Venuleius
706 1811 878 1863 quidam,
900 1811 968 1863 qui
988 1820 1144 1848 emeret.
1179 1811 1214 1848 Is
1237 1810 1342 1848 liceri
1364 1823 1440 1848 non
1462 1810 1631 1847 destitit:
1656 1810 1729 1853 illi,
1749 1808 1876 1861 quoad

469 1879 670 1917 videbatur
690 1876 780 1915 ferri
800 1878 929 1929 aliquo
950 1876 1067 1914 modo
1086 1875 1200 1928 posse,
1222 1876 1502 1913 contenderunt
1521 1891 1529 1913 :
1558 1875 1747 1927 postremo
1767 1874 1875 1912 liceri

471 1945 708 1983 destiterunt.
752 1943 962 1981 Addicitur
982 1943 1172 1980 Venuleio
1203 1942 1320 1980 tritici
1351 1942 1529 1980 modium
1553 1955 1654 1980 vi11
1682 1942 1873 1981 millibus,

470 2012 638 2062 Legatus
662 2008 877 2047 Poffidorus
899 2008 1111 2046 renunciat.
1145 2009 1249 2046 Cum
1271 2008 1454 2046 omnibus
1486 2007 1560 2046 hoc
1587 2007 1876 2046 intolerandum

470 2076 674 2120 videretur,
707 2084 834 2113 tamen
854 2074 1044 2112 Venuleio
1079 2074 1231 2118 dantur,
1263 2088 1310 2112 ne
1344 2074 1510 2119 accedat,
1546 2075 1666 2112 tritici
1697 2074 1876 2112 modium

472 2156 531 2181 v1.
554 2151 730 2195 praeterea
750 2142 841 2179 H-S
865 2154 943 2179 cm
967 2153 1061 2180 cm.
1109 2141 1170 2178 Ex
1191 2154 1270 2192 quo
1289 2139 1402 2178 facile
1421 2150 1589 2193 apparet,
1621 2155 1706 2193 quae
1728 2153 1873 2179 merces

470 2208 688 2251 decumani,
720 2220 804 2259 qua:
826 2207 1000 2244 Praetoris
1023 2206 1159 2258 praeda,
1186 2206 1257 2244 esse
1278 2206 1461 2245 videatur.
1513 2206 1620 2245 Cedo
1641 2205 1869 2244 Thermita-

471 2288 611 2314 norum
634 2272 732 2310 mihi
753 2272 892 2316 literas,
916 2281 953 2309 et
974 2271 1252 2310 testimonium.
1286 2273 1494 2310 TABULAE
1518 2273 1869 2309 THERMITANO-

472 2353 589 2385 RUM,
623 2353 680 2377 ET
708 2351 1060 2377 TESTIMONIUM.

527 2404 824 2449 lmacharenses,
850 2405 932 2456 jam
953 2404 1062 2442 omni
1083 2402 1280 2441 frumento
1296 2403 1436 2448 ablato,
1461 2403 1543 2455 jam
1564 2403 1747 2441 omnibus
1768 2402 1873 2454 inju-

469 2472 534 2512 riis
556 2471 632 2509 tuis
653 2470 881 2515 exinanitos,
902 2470 1094 2508 tributum
1114 2468 1251 2514 facere,
1270 2468 1424 2508 miseros
1444 2481 1486 2507 ac
1502 2468 1670 2522 perditos
1691 2468 1845 2522 coegisti
1858 2487 1872 2514 ς
