2201 2792
499 153 575 192 340
922 142 1012 181 IN
1087 142 1468 182 VERREM

495 243 601 280 enim
621 242 861 295 magistratus
882 243 921 280 in
943 244 1139 296 provincia
1158 243 1298 296 affequi
1319 244 1455 296 potest,
1478 252 1520 282 ut
1542 243 1598 282 ibi
1619 242 1794 296 accipiat,
1827 242 1896 281 ubi

496 308 548 345 est
569 308 817 346 cariffimum.
850 308 941 346 Ideo
975 309 1073 346 valet
1092 309 1158 346 ista
1177 309 1273 346 ratio
1303 309 1561 347 aestimationis
1592 310 1633 347 in
1654 309 1765 353 Afia3
1798 308 1898 346 valet

496 375 536 412 in
559 375 773 428 Hispania3
807 375 904 412 valet
938 375 978 412 in
1009 374 1069 412 his
1104 375 1326 427 provinciis,
1359 376 1398 413 in
1420 376 1562 428 quibus
1584 390 1707 414 unum
1726 375 1898 428 pretium

496 440 693 482 frumento
713 440 783 478 effe
805 454 878 478 non
899 440 1005 478 solet.
1029 441 1073 478 ln
1096 441 1226 478 Sicilia
1240 455 1328 479 vero
1346 442 1440 494 quid
1461 442 1686 495 cujusquam
1703 442 1896 485 intererat,

497 521 575 559 quo
596 507 682 545 loco
702 507 804 544 daret
824 507 836 543 ?
869 520 992 558 neque
1025 507 1131 544 enim
1150 508 1383 560 portandum
1413 517 1490 545 erat
1509 522 1518 546 :
1550 517 1601 552 et,
1637 522 1716 560 quo
1735 506 1898 560 quisque

496 572 633 610 vehere
648 573 769 624 jussus
789 571 890 617 esset,
912 572 966 609 ibi
989 573 1176 610 tantidem
1197 572 1439 611 frumentum
1461 582 1617 619 emeret,
1641 574 1773 625 quanti
1791 573 1899 610 domi

498 638 732 677 vendidisset.
767 639 1034 689 Qamobrem
1054 639 1079 676 fi
1101 640 1209 691 quid,
1247 640 1442 684 Hortenfi,
1476 640 1611 678 docere
1636 640 1720 684 vis;
1751 638 1899 691 aliquid

498 706 545 742 ab
566 705 636 742 isto
657 705 791 749 fimile,
814 705 854 741 in
874 705 1135 750 aestimatione,
1167 715 1282 758 atque
1302 719 1321 743 a
1341 706 1498 751 emeris,
1529 706 1599 744 effe
1619 705 1765 744 faenum
1783 724 1794 750 ς
1827 705 1898 742 do-

498 785 580 809 ceas
596 780 760 824 oportet,
782 771 912 823 aliquo
932 771 972 808 in
992 771 1079 809 loco
1099 772 1251 817 Siciliae,
1272 773 1435 811 Praetore
1447 773 1580 818 Verre,
1602 772 1719 810 ternis
1737 771 1898 809 denariis

496 838 618 875 tritici
639 836 817 874 modium
839 835 962 875 fuisse.

552 903 780 941 LXXXIV.
812 903 926 948 Vide,
954 917 1071 956 quam
1093 904 1166 942 tibi
1195 903 1453 942 defensionem
1473 904 1719 957 patefecerim
1735 922 1747 948 ;
1779 916 1898 955 quam

496 969 672 1022 iniquam
693 969 733 1006 in
754 969 889 1014 socios,
912 983 1029 1021 quam
1052 979 1240 1009 remotam
1259 972 1306 1009 ab
1326 971 1493 1008 utilitate
1513 971 1746 1023 reipublicae,
1779 983 1898 1022 quam

497 1036 703 1088 sejunctam
738 1049 758 1073 a
779 1036 976 1074 voluntate
995 1046 1110 1088 atque
1144 1036 1326 1075 sententia
1346 1037 1455 1089 legis.
1501 1039 1581 1082 Tu,
1614 1051 1705 1075 cum
1734 1036 1806 1075 tibi
1826 1049 1899 1088 ego

497 1101 740 1140 frumentum
761 1103 801 1140 in
823 1103 918 1140 meis
939 1103 1052 1155 agris,
1087 1112 1201 1156 atque
1232 1104 1273 1141 in
1305 1118 1389 1142 mea
1412 1104 1579 1148 civitate,
1613 1104 1777 1155 denique
1804 1116 1897 1140 cum

495 1169 537 1206 in
558 1168 603 1206 iis
625 1168 735 1212 locis,
758 1168 797 1205 in
819 1168 959 1220 quibus
981 1182 1032 1213 es,
1049 1169 1216 1214 versaris,
1239 1183 1320 1206 rem
1341 1171 1452 1222 geriS‚
1470 1170 1709 1222 provinciam
1730 1168 1897 1206 admini-

496 1234 600 1279 stras,
621 1243 771 1286 paratus
793 1234 862 1272 fim
881 1234 968 1272 dare
981 1253 993 1279 3
1022 1234 1209 1287 angulum
1230 1234 1330 1273 mihi
1350 1235 1519 1287 aliquem
1538 1235 1655 1287 eligas
1675 1234 1896 1288 provinciae,

497 1301 740 1338 reconditum
772 1313 815 1337 ac
849 1300 1104 1338 derelictum?
1129 1301 1265 1353 jubeas
1299 1301 1356 1339 ibi
1387 1315 1450 1339 me
1481 1301 1624 1346 metiri,
1649 1315 1728 1353 quo
1748 1309 1898 1353 portare

496 1380 574 1405 non
594 1365 770 1418 expediat
788 1366 801 1402 ?
833 1366 900 1403 ubi
920 1379 1044 1404 emere
1064 1380 1142 1404 non
1162 1365 1313 1419 poffum
1331 1366 1344 1403 ?

552 1431 784 1484 Improbum
806 1430 969 1477 facinus,
992 1432 1175 1482 Judices3
1199 1446 1276 1470 non
1296 1431 1514 1477 ferendum,
1530 1432 1676 1470 nemini
1698 1433 1780 1485 lege
1800 1445 1897 1470 con-

497 1498 656 1543 ceffum,
687 1498 746 1536 sed
778 1497 928 1536 fortaffe
947 1497 1072 1536 adhuc
1102 1500 1143 1536 in
1165 1499 1273 1537 nullo
1308 1500 1425 1538 etiam
1456 1500 1711 1538 vindicatum.
1743 1501 1897 1538 Tamen

497 1578 568 1617 ego
593 1563 682 1609 hoc,
705 1564 810 1616 quod
830 1563 918 1602 ferri
949 1578 1048 1617 nego
1078 1565 1193 1618 poste,
1216 1565 1342 1611 Verri,
1364 1565 1536 1617 Judices,
1558 1566 1742 1610 concedo,
1762 1575 1800 1604 et
1819 1566 1896 1603 lar-

495 1633 593 1684 gior.
617 1632 655 1669 Si
678 1631 757 1669 ullo
778 1631 817 1668 in
838 1630 924 1669 loco
942 1632 1023 1683 ejus
1043 1632 1250 1684 provinciae
1269 1631 1512 1671 frumentum
1533 1633 1628 1670 tanti
1648 1631 1738 1677 fuit,
1761 1633 1896 1685 quanti

496 1699 562 1736 iste
583 1698 795 1742 aestimavit,
817 1696 892 1735 hoc
912 1698 1060 1736 crimen
1081 1699 1121 1736 in
1141 1698 1256 1736 istum
1275 1712 1384 1737 reum
1404 1699 1525 1737 valere
1544 1708 1718 1752 oportere
1738 1711 1816 1737 non
1835 1712 1896 1737 ar-

497 1764 630 1801 bitror.
664 1764 812 1801 Verum
838 1763 1034 1801 enimvero
1054 1777 1146 1802 cum
1164 1763 1254 1802 effet
1275 1765 1366 1802 H-S
1388 1765 1504 1810 binis,
1529 1773 1593 1802 aut
1618 1765 1734 1802 etiam
1764 1765 1894 1810 ternis,

497 1825 693 1882 quibusvis
714 1829 754 1867 in
775 1829 868 1867 locis
890 1829 1109 1881 provinciae,
1132 1830 1327 1870 duodenos
1348 1829 1530 1868 sestertios
1549 1830 1719 1882 exegisti.
1742 1830 1779 1867 Si
1795 1828 1897 1867 mihi

497 1905 627 1932 tecum
649 1908 771 1946 neque
793 1894 838 1931 de
869 1907 1031 1940 annona,
1067 1908 1191 1946 neque
1225 1895 1271 1932 de
1296 1895 1543 1933 aestimatione
1579 1904 1643 1932 tua
1677 1894 1797 1947 potest
1826 1894 1897 1932 effe

498 1959 761 2004 controverfia,
783 1959 877 2011 quid
898 1958 1027 1997 sedes?
1049 1961 1144 2012 quid
1161 1959 1350 2012 exspectas
1370 1961 1382 1998 ?
1404 1960 1498 2012 quid
1519 1959 1727 1998 defendes?
1750 1961 1897 1998 Utrum

500 2025 569 2062 tibi
592 2024 764 2076 pecuniae
785 2024 997 2062 conciliatae
1017 2025 1194 2064 videntur
1213 2025 1409 2064 adversum
1430 2026 1546 2079 leges,
1575 2025 1771 2063 adversum
1793 2039 1897 2064 rem-

499 2091 711 2143 publicam,
743 2103 835 2128 cum
870 2091 1039 2130 maxima
1072 2091 1262 2130 sociorum
1297 2092 1463 2143 injuria;
1505 2106 1551 2130 an
1587 2106 1675 2130 vero
1709 2092 1748 2130 id
1784 2093 1896 2137 recte,

499 2157 644 2201 ordine,
666 2170 686 2194 e
706 2156 915 2209 republica,
938 2157 1014 2195 fine
1032 2158 1259 2211 cujusquam
1280 2159 1418 2211 injuria
1435 2158 1580 2197 factum
1601 2158 1671 2196 effe
1691 2157 1896 2196 defendes?

501 2225 605 2260 Cum
627 2222 698 2260 tibi
719 2222 865 2259 senatus
881 2236 926 2260 ex
943 2225 1070 2262 aerario
1089 2225 1292 2277 pecuniam
1315 2224 1563 2278 prompsiss‘et,
1581 2233 1619 2262 et
1637 2223 1802 2275 fingulos
1824 2223 1897 2261 tibi

499 2289 670 2326 denarios
704 2288 990 2334 adnumerasset,
1026 2303 1122 2341 quos
1158 2299 1199 2328 tu
1234 2304 1303 2343 pro
1323 2291 1479 2343 fingulis
1512 2290 1651 2328 modiis
1686 2289 1897 2327 aratoribus

501 2355 657 2393 solveres
678 2355 690 2390 ?
721 2354 815 2407 quid
836 2353 957 2392 facere
978 2355 1139 2393 debuisti
1159 2357 1171 2392 ?
1203 2357 1256 2400 Si,
1285 2357 1390 2408 quod
1411 2357 1459 2394 L.
1484 2356 1569 2394 Piso
1589 2355 1653 2393 ille
1674 2355 1807 2408 Frugi,
1827 2354 1897 2406 qui

499 2421 624 2472 legem
645 2422 691 2459 de
711 2420 882 2474 pecuniis
904 2422 1118 2474 repetendis
1137 2422 1286 2475 primus
1308 2421 1425 2467 tulit3
1457 2435 1549 2460 cum
1571 2421 1732 2466 emiffes,
1762 2421 1897 2474 quanti
