2201 2792
542 185 616 240 258
970 186 1060 225 IN
1131 187 1511 227 VERREM

540 297 641 323 cxx.
665 285 788 323 millia
808 286 993 338 coegiffe;
1026 286 1087 324 sed
1108 287 1234 325 multo
1255 288 1372 326 etiam
1402 288 1500 327 illud
1531 287 1668 342 magis,
1698 287 1803 341 quod
1824 286 1939 326 simu}

537 350 876 389 demonstrandum
907 352 973 396 est,
1005 362 1194 404 quantum
1215 353 1350 391 odium
1385 354 1424 391 in
1446 362 1483 391 te
1508 364 1714 400 aratorum,
1747 363 1938 407 quantum

537 418 716 455 omnium
739 417 956 455 Siculorum
989 418 1046 462 sit,
1077 426 1116 455 et
1140 417 1283 456 fuerit:
1324 419 1367 456 in
1396 433 1474 471 quo
1505 434 1589 473 quse
1622 420 1742 459 vestra
1770 418 1938 458 defensio

535 481 664 520 sutura
684 483 742 527 fit,
764 483 979 534 conjed‘tura
999 483 1136 535 affequi
1155 498 1230 522 non
1253 497 1366 536 queo.

593 549 770 586 Oderunt
801 549 946 594 Siculi;
986 558 1203 601 togatorum
1239 551 1345 588 enim
1379 550 1487 589 causa
1521 551 1645 589 multa
1674 551 1764 590 feci.
1810 554 1866 590 At
1892 550 1937 591 hi

536 614 695 665 quidem
729 614 916 658 acerrimi,
949 614 1279 667 inimicissimique
1314 614 1414 654 sunt.
1458 616 1642 654 Inimicos
1676 615 1800 654 habeo
1833 616 1935 656 cives

536 680 748 725 Romanos,
780 680 884 731 quod
905 680 1094 718 sociorum
1116 682 1321 719 commoda
1340 695 1382 719 ac
1396 682 1483 734 jura
1503 681 1671 720 defendi.
1709 683 1764 720 At
1783 681 1877 720 socii
1894 682 1937 721 in

534 745 704 784 hostium
738 759 900 784 numero
921 746 956 784 se
989 747 1054 784 abs
1087 756 1122 785 te
1142 746 1293 786 habitos
1314 757 1540 800 queruntur.
1573 750 1751 786 Aratores
1782 748 1936 786 inimici

533 812 621 850 sunt
654 821 809 864 propter
843 812 1036 850 decumas.
1083 813 1220 867 Qid?
1253 814 1320 866 qui
1351 827 1458 866 agros
1490 815 1684 852 immunes
1718 814 1939 866 liberosque

532 888 651 924 arant,
683 893 752 916 cur
771 879 933 917 oderunt
951 879 963 915 ?
995 893 1064 918 cur
1084 880 1287 919 Halefini?
1318 895 1386 919 cur
1406 881 1652 934 Centuripini
1671 881 1683 918 ?
1714 894 1783 918 cur
1804 880 1934 933 Seges-

533 945 640 983 tani?
663 958 731 982 cur
751 945 1017 983 Halicienses?
1050 946 1168 997 Qod
1187 960 1307 998 genus
1328 945 1552 991 hominum,
1571 960 1687 997 quem
1711 959 1935 991 numerum,

533 1025 652 1064 quem
672 1011 847 1049 ordinem
882 1010 1050 1064 proferre
1070 1013 1197 1064 poflis,
1233 1013 1301 1064 qui
1335 1022 1371 1051 te
1402 1026 1479 1050 non
1511 1012 1647 1058 oderit,
1683 1012 1755 1050 five
1786 1012 1934 1051 civium

531 1080 816 1125 Romanorum,
850 1080 922 1117 five
943 1080 1163 1118 Siculorum
1181 1081 1194 1118 ?
1227 1082 1284 1118 Ut
1313 1081 1429 1119 etiam
1451 1081 1476 1119 fi
1496 1080 1660 1126 causam,
1693 1093 1762 1118 cur
1783 1089 1819 1118 te
1839 1080 1931 1118 ode-

532 1147 622 1192 rint,
655 1161 733 1185 non
764 1147 900 1200 poffim
931 1147 1067 1192 dicere,
1101 1156 1229 1186 tamen
1259 1147 1357 1186 illud
1383 1148 1591 1186 dicendum
1622 1157 1782 1200 putem;
1820 1149 1933 1200 Qem

530 1228 642 1252 omnes
660 1215 825 1252 mortales
844 1213 997 1259 oderint,
1016 1229 1091 1252 eum
1109 1229 1241 1268 quaque
1257 1214 1356 1253 vobis
1375 1215 1446 1253 odio
1464 1214 1523 1268 cst&
1543 1223 1716 1267 oportere.

585 1281 649 1317 An
680 1279 755 1317 hoc
790 1280 914 1317 dicere
948 1280 1131 1325 audebis;
1175 1290 1307 1318 utrum
1339 1281 1385 1318 de
1421 1290 1458 1318 te
1486 1290 1661 1326 aratores,
1693 1291 1827 1318 utrum
1861 1281 1930 1318 de-

530 1346 647 1398 nique
679 1346 799 1384 Siculi
826 1346 986 1383 universi
1017 1346 1113 1384 bene
1142 1360 1188 1384 an
1210 1347 1309 1384 male
1337 1347 1569 1392 existiment,
1601 1347 1647 1385 ad
1677 1360 1758 1385 rem
1784 1347 1824 1384 id
1851 1360 1930 1385 non

528 1412 746 1464 pertinere?
796 1412 937 1464 Neque
971 1421 1013 1449 tu
1048 1410 1124 1450 hoc
1155 1412 1280 1450 dicere
1314 1412 1497 1458 audebis5
1543 1426 1682 1466 neque,
1722 1413 1747 1450 fi
1783 1414 1928 1465 cupias,

527 1478 675 1516 licebit.
717 1478 900 1530 Eripiunt
931 1479 1035 1516 enim
1062 1479 1133 1516 tibi
1165 1479 1274 1516 istam
1309 1480 1521 1518 orationem
1556 1479 1929 1518 contemnendorum

528 1544 760 1589 Siculorum,
792 1553 906 1595 atque
926 1553 1132 1590 aratorum,
1164 1545 1291 1583 statuae
1310 1545 1384 1584 illae
1404 1546 1605 1598 equestres,
1639 1559 1731 1598 quas
1752 1554 1799 1583 tu·
1814 1545 1928 1598 paulo

526 1619 626 1655 ante,
649 1624 766 1663 quam
787 1610 832 1648 ad
853 1610 988 1648 urbem
1009 1611 1169 1656 venires,
1201 1612 1308 1664 poni,
1340 1611 1575 1664 inscribique
1594 1612 1744 1664 juffisti,
1776 1620 1819 1649 ut
1837 1625 1926 1650 om—

525 1678 637 1714 nium
658 1677 909 1714 inimicorum
929 1677 1090 1723 animos,
1121 1677 1461 1730 accusatorumque
1482 1678 1657 1717 tardares.
1690 1677 1790 1729 Qis
1820 1678 1925 1716 enirn

526 1744 598 1781 tibi
620 1743 801 1782 molestus
822 1743 924 1789 effet,
956 1752 1020 1782 aut
1040 1745 1126 1796 quis
1153 1745 1339 1798 appellare
1369 1745 1536 1790 auderet,
1566 1759 1658 1784 cum
1687 1744 1833 1783 videret
1853 1744 1925 1782 sta-

524 1809 673 1847 tuaS‘ab
694 1809 1013 1861 negotiatoribUS‚
1041 1809 1088 1847 ab
1108 1810 1331 1855 aratoribus,
1359 1824 1379 1848 a
1399 1811 1602 1848 communi
1624 1810 1790 1848 Siciliae?
1820 1810 1925 1861 quod

524 1876 575 1913 est
595 1876 699 1914 aliud
731 1876 771 1912 in
794 1875 859 1912 illa
889 1876 1085 1928 provincia
1103 1890 1223 1928 genus
1247 1876 1497 1915 humanum?
1533 1877 1702 1915 nullum.
1745 1877 1851 1929 Ergo
1877 1877 1925 1915 ab

526 1941 694 1979 universa
713 1941 922 1994 provincia,
954 1943 1164 1994 generatim
1185 1956 1205 1979 a
1226 1942 1381 1995 singulis
1402 1943 1482 1994 ejus
1503 1943 1674 1995 partibus
1701 1957 1778 1981 non
1799 1943 1924 1982 solum

524 2008 712 2059 diligitur,
745 2007 805 2044 sed
826 2008 941 2045 etiam
969 2017 1136 2046 ornatur.
1169 2009 1269 2060 Qis
1290 2008 1394 2046 hunc
1413 2009 1599 2061 attingere
1618 2009 1779 2047 audeat?
1811 2010 1924 2047 Potes

523 2073 641 2124 igitur
660 2072 796 2117 dicere,
834 2072 932 2110 nihil
955 2073 1026 2110 tibi
1047 2072 1169 2111 obesse
1188 2084 1362 2126 oportere
1382 2083 1587 2119 aratorum,
1623 2075 1922 2127 negotiatorum,

525 2138 820 2189 Siculorumque
850 2139 1030 2176 omnium
1063 2139 1291 2184 testimonia,
1323 2153 1429 2184 cum,
1462 2153 1597 2178 eorum
1623 2140 1846 2178 nominibus
1881 2140 1922 2178 in

524 2206 729 2243 statuarum
752 2205 996 2257 inscriptione
1017 2206 1160 2257 politiS,
1192 2219 1349 2244 omnem
1372 2216 1407 2244 te
1428 2206 1580 2259 speraris
1601 2208 1786 2245 invidiam
1807 2216 1922 2258 atque

522 2271 725 2309 infamiam
761 2280 867 2308 tuam
892 2269 993 2322 poffe
1027 2271 1276 2322 extinguere?
1309 2273 1387 2316 An,
1424 2286 1591 2324 quorum
1624 2273 1844 2310 auetoritate
1879 2282 1922 2310 tu

523 2339 658 2376 statuas
679 2337 921 2376 cohonestare
943 2346 1023 2374 tuas
1045 2347 1202 2375 conatus
1222 2351 1275 2382 es,
1312 2352 1446 2376 eorum
1467 2352 1538 2391 ego
1563 2339 1749 2391 dignitate
1768 2339 1920 2376 accusa-

524 2405 670 2442 tionem
704 2417 832 2442 meam
863 2403 1112 2456 comprobare
1144 2417 1218 2440 non
1252 2405 1414 2455 potero?
1447 2405 1514 2442 nili
1546 2404 1658 2449 forte,
1695 2405 1798 2456 quod
1819 2405 1920 2457 apud

523 2471 748 2523 publicanos
778 2471 962 2524 gratiosus
988 2470 1107 2516 fuisti,
1138 2471 1178 2508 in
1213 2484 1254 2508 ea
1285 2484 1323 2508 re
1354 2470 1434 2523 spes
1466 2481 1503 2509 te
1533 2473 1661 2524 aliqua
1689 2472 1918 2510 consolatur.

524 2537 620 2586 Qze
650 2538 769 2589 gratia
803 2551 850 2575 ne
883 2537 977 2590 quid
1009 2537 1080 2575 tibi
1115 2536 1281 2590 prodesl'e
1315 2537 1458 2590 polset,
1498 2552 1569 2592 ego
1602 2551 1686 2577 mea
1719 2537 1922 2592 diligentia
