2201 2792
501 157 579 205 264
931 152 1022 192 IN
1090 151 1471 193 VERREM

498 255 594 307 quid
615 253 814 297 Thermis,
849 253 944 305 quid
964 253 1116 298 Halesa,
1148 252 1244 305 quid
1267 252 1417 297 Catina,
1439 250 1535 303 quid
1555 263 1602 289 ex
1622 248 1765 288 caeteris
1786 248 1902 302 oppi-

499 321 584 359 dis:
618 320 714 372 quid
747 333 835 357 vero
855 318 1038 363 Messana,
1070 331 1191 371 quem
1222 317 1289 356 iste
1316 318 1386 355 fibi
1416 317 1548 355 locum
1571 316 1740 354 maxime
1770 323 1902 355 tutum

499 387 752 426 arbitrabatur
766 404 779 431 3
812 386 880 423 ubi
899 386 1030 423 animo
1048 384 1195 437 semper
1220 384 1345 422 soluto
1366 384 1564 436 liberoque
1592 391 1684 427 erat,
1706 381 1812 434 quod
1832 379 1903 419 fibi

498 454 567 492 iste
588 453 845 491 Mamertinos
876 451 1081 504 delegerat,
1113 450 1159 489 ad
1185 464 1282 502 quos
1313 451 1457 494 omnia,
1491 464 1575 502 quae
1595 459 1660 487 aut
1679 447 1904 500 diligentius

499 520 689 565 servanda,
706 528 771 557 aut
791 518 981 556 occultius
1001 517 1234 571 exportanda
1253 526 1372 561 erant,
1394 517 1619 569 deportaret.
1643 515 1718 553 His
1739 513 1904 552 inventis

499 587 657 631 libellis,
680 586 805 624 caeteri
826 585 978 629 remoti,
1009 593 1046 622 et
1067 584 1288 636 diligentius
1309 583 1395 621 sunt
1415 582 1603 621 reconditi
1621 597 1630 620 :
1664 594 1733 619 nos
1760 590 1904 623 tamen.

500 664 544 692 ut
563 667 697 692 omnes
728 652 960 704 intelligant,
993 650 1067 690 hoc
1089 664 1157 689 nos
1178 651 1253 688 fine
1282 650 1492 703 cupiditate
1513 662 1633 702 agere,
1663 646 1726 685 his
1746 646 1833 700 ipfis
1853 645 1904 683 li-

501 722 611 759 bellis
633 720 806 759 contenti
826 719 972 757 sumus.

556 787 745 826 LXXVI.
779 786 899 823 Nunc
921 784 967 822 ad
987 784 1178 822 sociorum
1199 782 1346 822 tabulas
1378 782 1527 835 accepti
1558 791 1597 820 et
1614 779 1780 834 expenfi,
1814 789 1906 830 quas

502 867 697 893 removere
716 851 872 890 honeste
904 851 1013 889 nullo
1047 850 1165 888 modo
1186 859 1407 904 potuerunt,
1442 859 1480 887 et
1514 848 1560 886 ad
1591 848 1762 886 amicum
1793 854 1908 883 tuum

503 920 772 973 Carpinatium
809 926 1056 955 revertemur.
1090 916 1392 969 Inspiciebamus
1416 915 1602 967 Syracusis
1633 928 1654 951 a
1685 910 1909 964 Carpinatio

502 986 693 1025 confertas
715 984 862 1022 tabulas
884 983 1085 1027 societatis,
1107 996 1192 1034 quae
1213 981 1487 1034 significabant,
1516 980 1651 1018 multis
1683 977 1910 1016 nominibus

502 1068 565 1093 eos
585 1053 764 1092 homines
796 1050 985 1088 versuram
1006 1064 1026 1087 a
1047 1050 1272 1102 Carpinatio
1292 1048 1434 1094 feciffe,
1471 1049 1539 1101 qui
1572 1046 1776 1100 pecuniam
1796 1043 1910 1082 Verri

503 1120 700 1160 dediffent.
734 1119 820 1157 Erit
840 1118 949 1156 vobis
971 1117 1056 1155 luce
1088 1117 1240 1162 clarius,
1264 1116 1433 1168 Judices,
1470 1130 1563 1154 cum
1596 1128 1659 1152 eos
1690 1113 1789 1167 ipsos
1817 1125 1909 1165 pro-

505 1189 663 1232 duxero,
686 1186 754 1238 qui
775 1185 975 1223 dederunt.
1009 1183 1240 1235 Intelligetis
1261 1184 1381 1227 enim,
1413 1183 1479 1220 illa
1500 1192 1687 1234 tempora,
1723 1192 1790 1232 per
1809 1192 1909 1231 quae,

504 1269 596 1294 cum
617 1254 733 1292 essent
759 1253 799 1290 in
831 1251 1016 1304 periculo,
1052 1251 1175 1303 pretio
1207 1249 1279 1287 sese
1309 1249 1564 1294 redemerunt,
1596 1261 1688 1286 cum
1722 1245 1910 1284 societatis

506 1322 661 1365 tabulis,
700 1333 777 1358 non
812 1318 937 1356 solum
973 1316 1223 1362 Consulibus,
1258 1330 1393 1355 verum
1423 1316 1540 1354 etiam
1574 1314 1782 1358 mensibus,
1814 1325 1911 1351 con-

506 1389 648 1426 venire.

562 1455 668 1492 Cum
688 1451 770 1490 haec
792 1451 962 1489 maxime
982 1449 1313 1502 cognosceremus,
1344 1457 1381 1486 et
1395 1449 1478 1501 jam
1498 1449 1539 1486 in
1560 1447 1739 1486 manibus
1767 1443 1914 1484 tabulas

506 1521 749 1564 haberemus,
782 1527 937 1570 repente
968 1517 1198 1569 adspicimus
1219 1516 1350 1554 lituras
1372 1515 1572 1568 ejusmodi,
1605 1514 1707 1567 quasi
1738 1512 1914 1566 quaedam

507 1587 664 1626 vulnera
698 1584 926 1622 tabellarum
959 1582 1138 1620 recentia.
1185 1582 1321 1620 Statim
1357 1582 1567 1634 suspicione
1603 1579 1750 1624 offenfi,
1791 1578 1837 1617 ad
1872 1591 1915 1616 ea

507 1651 586 1706 ipsa
620 1651 780 1690 nomina
815 1649 947 1686 oculos
982 1648 1237 1700 animumque
1272 1647 1549 1685 transtulimus.
1596 1647 1717 1683 Erant
1751 1653 1916 1698 acceptae

507 1719 679 1773 pecuniae
714 1730 734 1754 a
755 1718 802 1754 C.
827 1715 1089 1759 VERRUTlo,
1121 1714 1170 1752 fic
1205 1705 1348 1759 tamen,
1380 1722 1423 1751 ut
1453 1713 1571 1766 usque
1602 1712 1648 1750 ad
1681 1711 1843 1749 alterum
1862 1712 1914 1755 R,

509 1786 629 1835 literae
648 1783 861 1823 constarent
881 1783 1065 1835 integrae,
1098 1781 1253 1833 reliquae
1274 1793 1408 1819 omnes
1429 1779 1545 1818 effent
1565 1780 1606 1817 in
1635 1778 1761 1816 litura.
1799 1777 1914 1815 Alte-

510 1867 612 1897 rum,
636 1852 809 1894 tertium,
847 1858 1044 1900 quartum,
1083 1847 1275 1900 permulta
1308 1856 1414 1885 erant
1434 1844 1713 1898 ejusdemmodi
1740 1843 1913 1882 nomina.

512 1920 618 1955 Cum
654 1914 852 1954 manifesta
883 1927 955 1958 res,
997 1922 1082 1950 tum
1114 1911 1297 1964 flagitiosa
1335 1911 1572 1954 tabularum,
1606 1919 1721 1961 atque
1759 1908 1917 1961 infignis

513 1982 713 2035 turpitudo
735 1989 940 2023 teneretur,
977 1991 1142 2030 quaerere
1162 1978 1380 2030 incepimus
1401 1977 1447 2014 de
1468 1976 1704 2029 Carpinatio,
1738 1974 1918 2027 quisnam

513 2049 602 2086 ess'et
636 2049 666 2085 is
702 2046 932 2089 versutius,
969 2045 1130 2097 quicum
1167 2053 1280 2082 tantae
1319 2044 1493 2096 pecuniae
1522 2043 1710 2080 rationem
1744 2040 1916 2079 haberet.

515 2116 670 2154 Haerere
706 2111 839 2155 homo,
876 2111 1024 2155 versari,
1057 2111 1205 2148 rubere.
1253 2110 1370 2161 Qod
1392 2110 1475 2162 lege
1502 2109 1750 2162 excipiuntur
1781 2107 1920 2146 tabulae

514 2181 828 2236 publicanorum,
866 2191 944 2229 quo
980 2178 1109 2215 minus
1131 2179 1302 2215 Romam
1336 2177 1618 2230 dep01·tentur;
1650 2184 1693 2213 ut
1725 2187 1780 2212 res
1801 2187 1919 2227 quam

516 2248 687 2286 maxime
707 2246 806 2284 clara
825 2257 868 2282 ac
890 2243 1018 2281 testata
1036 2243 1107 2280 effe
1128 2243 1260 2296 posset,
1292 2244 1331 2281 in
1346 2245 1411 2296 jus
1432 2243 1477 2281 ad
1498 2242 1710 2280 Metellum
1733 2240 1920 2292 Carpina-

516 2316 618 2353 tium
638 2326 762 2357 voco3
794 2309 1015 2362 tabulasque
1035 2310 1221 2348 societatis
1242 2311 1281 2347 in
1303 2309 1433 2348 forum
1454 2307 1597 2347 defero.
1639 2308 1705 2345 Fit
1725 2307 1920 2344 maximus

518 2379 723 2419 concursus
743 2378 975 2421 hominum;
998 2385 1035 2413 et
1056 2376 1160 2429 quod
1181 2385 1257 2413 erat
1275 2375 1486 2428 Carpinatii
1508 2383 1596 2411 nota
1615 2387 1706 2410 cum
1728 2372 1796 2410 isto
1817 2373 1921 2410 Prae-

520 2456 600 2485 tore
622 2446 791 2490 societas,
823 2457 865 2481 ac
897 2442 1124 2488 foenerat103
1156 2441 1306 2481 summe
1326 2439 1592 2494 exspectabant
1621 2452 1771 2485 omnes,
1803 2439 1920 2491 quid-

520 2525 611 2552 nam
631 2511 672 2549 in
693 2510 832 2549 tabulis
850 2509 1122 2548 contineretur.
