2201 2792
429 178 504 226 520
923 174 960 208 o
1003 171 1040 209 R
1082 172 1118 208 A
1149 172 1186 209 'r
1228 171 1246 209 1
1290 171 1326 209 o

427 280 512 308 tum
532 282 665 307 omnes
699 277 850 306 caeteros
885 282 1019 312 novoe,
1042 266 1275 320 veteresque,
1308 268 1437 307 cives:
1469 281 1594 321 neque
1622 270 1727 308 enim
1760 284 1819 308 ra-

426 338 480 374 tio
501 335 624 374 afferri
645 336 779 389 potest,
811 349 892 380 cur,
924 335 951 372 fi
981 335 1166 386 cuiquam
1195 348 1295 372 novo
1326 335 1402 373 civi
1433 337 1602 388 potuerit
1621 337 1741 375 adimi
1761 337 1819 374 ci-

426 405 541 448 vitas,
588 416 664 440 non
695 402 876 440 omnibus
905 401 1103 453 patriciis,
1136 401 1320 439 omnibus
1352 402 1623 455 antiquiflimis
1654 403 1819 449 civibus,

426 470 550 523 potiit.
1642 515 1646 518 ²

482 535 588 573 Nam
607 534 653 572 ad
672 533 771 572 hanc
803 532 962 586 quidem
983 532 1135 571 causam
1156 532 1255 571 nihil
1276 531 1352 572 hoc
1382 532 1616 586 pertinuiffe,
1647 535 1823 588 primum

425 617 473 641 ex
495 616 538 640 eo
558 601 726 653 intelligi
748 600 882 653 potest,
913 600 1020 652 quod
1050 613 1116 637 vos
1138 613 1180 637 ea
1209 601 1256 637 de
1276 614 1314 637 re
1333 600 1507 653 judicare
1533 615 1612 639 non
1643 601 1790 640 debetis
1808 619 1820 646 ς

426 669 577 713 deinde,
596 667 701 720 quod
723 666 824 718 Sylla
844 666 922 720 ipse
942 666 994 703 ita
1015 665 1106 703 tulit
1126 665 1171 703 de
1192 665 1360 711 civitate,
1377 675 1421 704 ut
1440 680 1519 705 non
1537 667 1728 707 sustulerit
1747 666 1822 706 ho·

428 747 515 772 rum
537 747 644 777 nexa,
676 741 791 783 atque
820 729 1066 769 hereditates.
1099 731 1219 782 Jubet
1239 732 1343 768 enim
1364 732 1500 770 eodem
1515 733 1602 784 jure
1628 732 1712 779 effe,
1744 747 1823 785 quo

426 799 571 838 fuerint
598 796 889 835 Ariminenses:
923 809 1019 848 quos
1040 797 1129 848 quis
1163 796 1315 848 ignorat
1344 796 1552 835 duodecim
1582 798 1824 837 coloniarum

428 864 549 910 suiss‘e,
571 873 609 901 et
629 877 649 901 a
669 862 816 916 populo
836 863 1018 900 Romano
1037 860 1267 901 hereditates
1289 875 1422 916 capere
1441 862 1604 916 potuiffe
1622 864 1636 901 ?

483 930 601 982 Qod
621 930 647 967 s1
668 929 789 967 adimi
809 928 941 966 civitas
962 929 1013 967 A.
1037 928 1200 966 Caecinae
1219 928 1305 981 lege
1334 928 1529 981 potuiffet,
1562 929 1686 982 magis
1713 929 1823 968 illam

428 998 614 1035 rationem
636 1005 766 1033 tamen
786 1007 921 1032 omnes
942 994 1037 1032 boni
1058 1007 1329 1046 quaereremus,
1360 996 1693 1047 quemadmodum
1714 995 1821 1049 spec-

426 1063 653 1101 tatiffimum
672 1060 1092 1114 prudentissimumque
1111 1059 1329 1106 hominem,
1352 1061 1506 1099 summo
1525 1061 1697 1107 consilio,
1714 1062 1821 1101 sum-

427 1143 490 1167 ma
523 1130 664 1166 virtute
678 1156 689 1171 ,
722 1127 874 1164 summa
902 1127 1124 1164 auctoritate
1145 1126 1365 1172 domestica,
1397 1127 1616 1179 praeditum,
1651 1128 1823 1166 levatum

427 1195 580 1248 injuria,
611 1194 737 1232 civem
758 1193 917 1230 retinere
936 1191 1145 1244 possemus,
1174 1207 1290 1245 quam
1323 1195 1380 1231 uti
1401 1207 1519 1239 nunc,
1551 1207 1643 1232 cum
1673 1194 1822 1247 dejure

427 1262 592 1300 civitatis
627 1259 727 1299 nihil
762 1259 930 1311 potuerit
966 1258 1193 1311 deperdere,
1229 1259 1433 1312 quisquam
1462 1260 1608 1306 existat,
1644 1260 1712 1310 nifi
1747 1260 1820 1306 tui,

429 1330 554 1371 Sexte,
579 1326 713 1364 fimilis
740 1334 777 1362 et
797 1324 958 1362 stultitia
976 1333 1014 1362 et
1044 1324 1299 1378 impudentia,
1333 1326 1402 1377 qui
1422 1325 1516 1365 huic
1536 1326 1733 1368 civitatem
1753 1326 1821 1364 ad-

426 1402 599 1445 emptam
619 1391 688 1429 effe
709 1390 824 1428 dicat.
857 1390 938 1438 Qi
959 1389 1159 1441 quoniam,
1182 1390 1498 1443 Recuperatore5‚
1531 1391 1643 1429 suum
1658 1392 1722 1444 jus
1743 1379 1823 1442 non

427 1459 605 1503 deseruit,
628 1470 752 1509 neque
783 1456 998 1508 quidquam
1019 1456 1124 1494 illius
1157 1456 1321 1494 audaciae
1341 1457 1639 1510 petulantiaeque
1665 1458 1822 1496 conces-
1866 1466 1872 1471 '

427 1527 497 1572 [ης
530 1525 755 1576 derelinquo
770 1523 853 1575 jam
874 1536 1130 1561 communem
1150 1523 1315 1569 causam,
1336 1524 1551 1577 populique
1571 1525 1743 1562 Romani
1757 1526 1822 1578 jus

426 1594 466 1631 in
488 1592 605 1630 vestra
625 1590 699 1628 fide
719 1603 761 1627 ac
783 1589 968 1641 religione
989 1589 1153 1642 deponO.
1517 1637 1519 1643 Δ

482 1658 675 1696 XXXVI.
709 1658 744 1695 Is
764 1654 886 1695 homo
904 1656 957 1694 ita
976 1655 1011 1693 se
1032 1656 1239 1711 probatum
1260 1656 1383 1701 vobis,
1407 1656 1596 1709 vestrique
1616 1656 1821 1702 fininibus,

428 1726 575 1778 semper
596 1724 732 1767 voluit,
765 1732 807 1761 ut
843 1722 882 1760 id
914 1736 991 1761 non
1023 1723 1153 1761 minus
1189 1723 1231 1761 in
1264 1722 1336 1761 hac
1371 1723 1479 1762 causa
1512 1724 1692 1762 laborarit
1710 1739 1719 1762 ε
1752 1737 1823 1762 nec

426 1791 667 1845 contenderit
688 1790 806 1833 aliud,
829 1803 947 1841 quarn
965 1804 1012 1827 ne
1026 1791 1090 1842 jus
1112 1789 1225 1828 suum
1241 1790 1417 1828 dissolute
1437 1790 1652 1842 relinquere
1672 1790 1822 1828 videre-

429 1869 516 1896 tur:
550 1870 619 1894 nec
641 1856 770 1894 minus
792 1865 995 1899 vereretur,
1028 1869 1076 1893 ne
1105 1864 1351 1893 contemnere
1372 1856 1596 1900 AEbutium‚
1626 1869 1742 1907 quam
1776 1869 1823 1893 ne

428 1926 473 1970 de
495 1938 539 1961 eo
560 1931 805 1975 contemptus
826 1920 911 1965 effe,
942 1921 1233 1960 existimaretur.
1267 1922 1526 1974 Qapropter,
1559 1921 1584 1959 fi
1605 1922 1700 1974 quid
1718 1930 1824 1960 extra

423 1990 620 2043 judicium
654 1988 719 2032 est,
751 1986 856 2039 quod
890 1985 1042 2025 homini
1064 1987 1315 2025 tribuendum
1337 1987 1407 2032 [ης
1441 1986 1587 2025 habetis
1619 1987 1824 2027 hominem

430 2056 609 2109 singulari
630 2055 787 2108 pudore,
819 2055 960 2091 virtute
980 2055 1149 2106 cognita,
1182 2064 1219 2092 et
1240 2054 1401 2107 spectata
1421 2054 1508 2099 fide,
1527 2054 1822 2107 ampliffimum,

430 2123 592 2162 Etruria:
615 2121 773 2159 nomine
794 2121 926 2165 totius,
947 2121 986 2158 in
1009 2130 1169 2173 utraque
1190 2120 1344 2159 fortuna
1365 2122 1569 2174 cognitum
1591 2122 1726 2160 multis
1747 2121 1822 2174 fig-

430 2191 488 2228 nis
509 2198 546 2226 et
565 2187 716 2226 virtutis
738 2196 775 2225 et
795 2186 1062 2227 humanitatis,
1123 2188 1161 2225 Si
1182 2187 1276 2240 quid
1297 2188 1337 2226 in
1358 2189 1545 2226 contraria
1566 2197 1670 2240 parte
1686 2189 1725 2226 in
1745 2186 1821 2225 ho-

429 2257 535 2295 mine
556 2253 830 2292 offendendum
852 2253 922 2297 fit;
954 2252 1102 2291 habetis
1131 2267 1236 2299 eum,
1273 2263 1316 2292 ut
1348 2253 1447 2291 nihil
1479 2255 1606 2292 dicam
1639 2253 1821 2305 amplius,

428 2323 497 2376 qui
532 2321 566 2359 se
601 2320 778 2358 homines
810 2319 969 2372 coegiffe
999 2319 1174 2358 fateatur.
1208 2320 1287 2364 Sin,
1320 2319 1547 2358 hominibus
1574 2320 1745 2365 remotis,
1777 2320 1824 2357 de

430 2378 537 2433 causa
557 2388 753 2440 quceritis;
786 2400 878 2425 curn
894 2387 1091 2439 judicium
1122 2387 1168 2424 de
1203 2387 1240 2424 vi
1259 2387 1318 2431 fit,
1351 2387 1396 2431 is,
1432 2387 1499 2438 qui
1521 2387 1705 2439 arguitur,
1741 2386 1823 2424 vim

431 2456 465 2495 se
486 2454 712 2494 hominibus
740 2454 893 2492 armatis
913 2452 1040 2492 fecisse
1070 2451 1259 2492 fateatur:
1292 2454 1407 2491 verbo
1439 2453 1488 2498 se,
1519 2467 1597 2492 non
1630 2452 1822 2505 aequitate,
