2201 2792
521 256 598 297 274
946 246 1036 287 IN
1107 247 1487 289 VERREM

516 359 600 398 quae
614 348 766 399 jamdiu
787 349 832 387 ad
853 348 1011 387 salutem
1031 349 1237 394 sociorum,
1257 351 1543 404 utilitatemque
1563 351 1781 406 reipublicae
1800 364 1913 390 com·

514 412 645 464 posita,
667 423 959 466 comparataque
978 414 1106 459 essent,
1139 416 1183 452 ad
1205 416 1288 453 suos
1309 417 1606 468 improbiffimos
1634 418 1795 470 quaestus
1816 430 1911 455 con-

514 487 701 517 verteret:
726 481 793 532 qui
814 481 987 532 primum
1019 490 1140 519 certos
1172 481 1377 519 instituerit
1408 483 1565 521 nomine
1598 483 1843 527 decumanos,
1875 495 1914 520 re

513 556 600 581 vera
633 546 851 590 ministros,
893 559 934 583 ac
969 545 1145 584 satellites
1183 547 1442 599 cupiditatum
1476 548 1656 592 suarum;
1707 562 1773 601 per
1813 560 1913 601 quos

513 609 707 648 ostendam
727 611 777 649 fic
796 611 1035 664 provinciam
1066 626 1133 664 per
1153 612 1364 650 triennium
1384 623 1558 652 vexatam
1585 623 1698 666 atque
1718 614 1911 657 vastatam,

513 675 684 725 Judices,
700 685 743 714 ut
763 690 846 715 eam
867 677 1002 716 multis
1023 678 1144 722 annis,
1168 677 1382 716 multorum
1403 679 1636 724 innocentia,
1658 679 1916 733 sapientiaque

513 753 678 780 recreare
698 756 946 794 nequeamus.

569 807 641 846 IX.
674 809 822 846 Eorum
843 809 1036 854 omniurn,
1059 810 1126 862 qui
1147 810 1349 849 decumani
1370 811 1614 856 vocabantur,
1636 811 1812 864 princeps
1833 819 1911 848 erat

514 873 655 924 Qille
676 874 886 926 Apronius,
917 889 1035 927 quem
1056 876 1216 914 videtis:
1249 877 1295 914 de
1315 878 1423 928 cujus
1458 878 1706 929 improbitate
1734 876 1912 928 fingulari

511 939 813 990 graviffimarum
836 941 1073 992 legationum
1095 943 1353 993 querimonias
1382 943 1549 980 audistis.
1583 943 1766 994 Aspicite,
1795 942 1910 993 Judi-

511 1018 586 1050 ces,
610 1006 762 1043 vultum
784 1005 970 1051 hominis,
1002 1017 1040 1045 et
1069 1008 1289 1060 aspectuum
1321 1018 1359 1045 et
1384 1022 1430 1046 ex
1451 1022 1491 1046 ea
1512 1009 1769 1053 contumacia,
1791 1021 1910 1061 quam

508 1071 574 1109 hic
605 1073 644 1110 in
675 1073 831 1125 perditis
854 1073 966 1111 rebus
992 1074 1143 1118 retinet,
1177 1074 1262 1112 illos
1294 1075 1373 1127 ejus
1395 1075 1546 1127 spiritus
1569 1074 1779 1113 Sicilienses
1811 1088 1908 1128 quos

508 1137 616 1176 fuiffe
637 1140 793 1191 putetis,
815 1139 993 1191 cogitate,
1026 1153 1068 1178 ac
1090 1140 1355 1178 recordamini.
1394 1141 1473 1178 Hic
1493 1141 1545 1178 est
1561 1141 1772 1193 Apronius,
1790 1154 1909 1193 quem

508 1204 548 1240 in
581 1204 778 1256 provincia
811 1214 890 1242 tota
911 1205 1071 1249 Verres,
1107 1219 1199 1243 cum
1236 1206 1407 1257 undique
1442 1205 1687 1257 nequissimos
1729 1204 1908 1245 homines

507 1269 763 1322 conquisisset,
795 1279 833 1307 et
863 1284 953 1307 cum
987 1270 1062 1322 ipse
1083 1270 1210 1308 secum
1231 1271 1287 1308 sui
1308 1271 1448 1308 fimiles
1469 1271 1643 1316 duxiffet,
1672 1284 1749 1308 non
1769 1285 1908 1323 parum

506 1336 667 1380 multos,
705 1336 888 1388 nequitia,
926 1336 1090 1381 luxuria,
1125 1336 1303 1381 audacia,
1339 1337 1393 1374 sui
1427 1337 1673 1375 fimillimum
1701 1338 1904 1390 judicavit.

507 1401 641 1453 Itaque
661 1401 748 1440 istos
769 1402 868 1439 inter
902 1401 937 1438 se
971 1402 1141 1454 perbrevi
1163 1412 1335 1455 tempore
1365 1416 1442 1440 non
1474 1416 1544 1447 res,
1574 1416 1652 1441 non
1686 1403 1795 1448 ratio,
1826 1417 1906 1443 non

505 1469 792 1507 commendatio
826 1468 965 1521 aliqua,
1006 1468 1067 1506 sed
1105 1468 1318 1508 studiorum
1357 1469 1575 1522 turpitudo,
1615 1469 1908 1523 similitudoque

506 1536 722 1587 conjunxit.

559 1602 687 1640 Verris
723 1615 846 1640 mores
885 1602 1104 1655 improboe,
1135 1603 1383 1656 impurosque
1412 1604 1542 1643 nostis.
1588 1605 1744 1657 Fingite
1778 1605 1903 1650 vobis,

504 1668 529 1706 fi
550 1668 720 1721 potestis,
742 1668 926 1719 aliquem,
958 1669 1026 1720 qui
1048 1669 1087 1706 in
1108 1670 1290 1710 omnibus
1311 1671 1389 1708 istis
1421 1670 1531 1709 rebus
1561 1684 1627 1723 par
1659 1671 1705 1709 ad
1724 1670 1904 1709 omnium

502 1736 738 1789 flagitiorum
773 1733 930 1772 nefarias
951 1734 1130 1773 libidines
1161 1736 1231 1773 effe
1261 1736 1373 1789 poffit
1388 1754 1400 1781 3
1431 1736 1463 1774 is
1494 1737 1566 1774 erit
1585 1737 1781 1790 Apronius
1807 1737 1900 1776 ille:

502 1804 584 1854 qui,
608 1811 658 1840 ⁴ut
678 1801 756 1854 ipse
777 1814 853 1838 non
881 1801 1005 1839 solum
1035 1801 1126 1846 vita,
1163 1802 1223 1839 sed
1252 1803 1367 1840 etiam
1397 1816 1556 1855 corpore
1588 1812 1702 1855 atque
1736 1816 1799 1841 ore
1825 1803 1901 1855 fig-

503 1868 647 1913 nificat,
678 1866 865 1905 immensa
884 1867 1012 1918 aliqua
1041 1881 1181 1919 vorago
1211 1868 1276 1913 est,
1307 1878 1372 1905 aut
1390 1882 1527 1920 gurges
1555 1869 1740 1907 vitiorum
1775 1869 1901 1922 turpi-

503 1934 763 1983 tudinumque
789 1931 982 1969 omniurn.
1017 1932 1138 1969 Hunc
1158 1933 1198 1970 in
1218 1933 1401 1970 omnibus
1421 1933 1572 1986 stupris,
1601 1932 1706 1971 hunc
1726 1934 1767 1971 in
1787 1932 1900 1972 fano-

501 2013 590 2037 rum
611 1997 924 2050 expilationibus,
955 1995 1060 2034 hunc
1090 1997 1130 2034 in
1154 1998 1316 2050 impuris
1346 1999 1531 2036 conviviis
1551 1999 1768 2052 principem
1788 1998 1901 2038 adhi-

502 2065 643 2103 bebat:
689 2073 912 2115 tantamque
945 2061 1108 2101 habebat
1141 2078 1296 2103 morum
1331 2065 1543 2103 similitudo
1584 2067 1901 2118 conjunCtionem

501 2141 616 2183 atque
646 2129 905 2173 concordiam,
937 2138 980 2166 ut
1011 2130 1221 2182 Apronius,
1252 2132 1320 2183 qui
1354 2131 1437 2169 aliis
1467 2131 1704 2170 inhumanus
1736 2145 1779 2170 ac
1811 2132 1899 2170 bar-

500 2198 627 2241 barus,
648 2195 707 2233 isti
729 2195 795 2233 uni
816 2196 1046 2233 commodus
1067 2209 1109 2234 ac
1130 2197 1288 2235 disertus
1315 2198 1531 2243 videretur;
1564 2207 1607 2236 ut
1627 2211 1745 2250 quem
1765 2211 1898 2236 omnes

502 2262 675 2307 odissent,
712 2274 835 2313 neque
869 2260 993 2298 videre
1013 2261 1168 2306 vellent,
1197 2263 1272 2300 fine
1292 2276 1337 2301 eo
1367 2263 1433 2302 iste
1455 2264 1526 2301 effe
1556 2278 1633 2301 non
1664 2263 1807 2315 poffet;
1840 2272 1896 2309 ut,

500 2343 592 2367 cum
613 2328 691 2372 alii,
714 2341 760 2365 ne
781 2326 964 2364 conviviis
986 2326 1145 2378 quidem
1165 2327 1314 2373 iisdem,
1342 2329 1484 2380 quibus
1505 2329 1716 2381 Apronius,
1747 2327 1811 2367 hic
1831 2329 1897 2367 iis-

500 2395 588 2432 dem
608 2394 723 2431 etiam
745 2391 894 2445 poculis
924 2401 1092 2430 uteretur
1108 2410 1119 2437 ;
1151 2393 1354 2445 postremo,
1387 2403 1430 2431 ut
1449 2394 1543 2431 odor
1563 2394 1727 2446 Apronii
1747 2395 1896 2433 teterri-

498 2473 586 2499 mus
607 2460 680 2498 oris
701 2468 739 2496 et
759 2459 941 2511 corporis,
973 2472 1092 2511 quem
1126 2459 1187 2510 (ut
1217 2459 1341 2511 aiunt)
1374 2473 1421 2497 ne
1455 2460 1580 2498 bestiae
1610 2461 1768 2513 quidem
1799 2460 1896 2499 ferre

498 2526 659 2578 poffent,
691 2525 757 2562 uni
787 2525 846 2562 isti
867 2525 987 2563 suavis
1018 2533 1056 2562 et
1076 2525 1273 2577 jucundus
1304 2526 1508 2564 videretur.
1554 2527 1625 2564 Ille
1651 2527 1788 2565 eratin
1824 2528 1894 2565 tri-

497 2591 630 2631 bunali
662 2591 861 2644 proximus
878 2609 890 2636 3
922 2591 962 2629 in
992 2591 1175 2630 cubiculo
1195 2591 1294 2631 solus
1310 2609 1322 2638 ς
1355 2592 1395 2630 in
1415 2592 1593 2632 couvivio
1626 2592 1822 2639 dominus,
1851 2605 1894 2630 ac
