2201 2792
548 170 620 209 166
975 170 1063 209 IN
1135 170 1515 209 VERREM

542 270 757 308 testimonia
776 270 1107 315 denuntiaturum‚
1139 271 1206 323 qui
1238 280 1311 309 tuae
1331 271 1439 309 domi
1459 271 1552 324 saepe
1572 269 1750 316 fuiffent5
1782 283 1828 308 ex
1848 270 1937 323 qui-

541 336 612 374 bus
633 350 841 388 quaererem
862 336 963 389 signa
983 337 1142 375 sciretne
1159 336 1280 382 fuiffe,
1303 351 1387 389 quae
1407 351 1484 375 non
1505 337 1621 375 effent
1640 338 1651 374 ?

596 403 688 440 XX.
721 402 829 452 Qid
849 411 934 439 tum
956 401 1024 440 hos
1047 403 1092 440 de
1113 412 1149 439 te
1164 403 1401 454 judicaturos
1422 403 1624 440 arbitratus
1645 415 1698 448 es,
1720 415 1811 440 cum
1832 401 1938 440 vide-

542 476 640 512 rent,
657 476 693 505 te
707 468 790 519 jam
806 481 883 505 non
896 477 1027 505 contra
1042 467 1295 506 accusatorem
1314 477 1441 512 tuum,
1460 468 1520 505 sed
1541 476 1673 506 contra
1686 467 1939 520 Qaestorem,

541 533 800 586 sectoremque
820 534 1014 586 pugnare?
1048 535 1136 584 Qa
1166 534 1211 571 de
1239 547 1276 571 re
1298 533 1577 571 Charidemum
1599 533 1747 572 Chium
1768 533 1939 571 testimo-

542 601 652 637 nium
675 600 798 651 priore
818 600 964 637 afflone
985 600 1107 638 dicere
1128 600 1304 644 audistis3
1337 599 1422 644 sese,
1453 613 1544 637 cum
1565 599 1653 637 effet
1673 597 1941 642 Trierarchus,

541 675 580 704 et
600 666 760 704 Verrem
790 679 836 703 ex
868 665 955 703 Afia
986 666 1233 704 decedentem
1268 665 1570 718 prosequeretur,
1596 665 1698 717 juffu
1730 663 1944 702 Dolabellae

541 731 652 769 fuisse
673 744 747 769 una
766 744 858 769 cum
879 731 948 769 isto
965 733 1090 777 Sami;
1114 731 1263 784 seseque
1280 741 1364 770 tum
1382 731 1473 770 scire
1493 731 1697 784 spoliatum
1717 730 1786 768 effe
1806 728 1942 768 fanum

541 799 723 849 Junonis,
744 807 781 836 et
801 798 989 850 oppidum
1011 799 1194 843 Samum3
1226 798 1428 851 posteaque
1449 799 1484 836 se
1504 798 1653 836 causam
1684 796 1785 849 apud
1805 795 1941 840 Chios,

543 866 644 903 cives
666 865 749 902 suos
772 894 782 909 ,
806 865 940 902 Samiis
974 865 1252 911 accusantibus,
1285 866 1443 919 publice
1462 865 1620 910 dixisse,
1652 877 1774 916 eoque
1805 863 1840 901 se
1873 861 1944 900 effe

542 931 774 975 absolutum,
801 931 905 982 quod
925 931 1085 983 planum
1106 930 1263 976 feciffet,
1286 946 1340 976 ea,
1363 946 1447 984 quae
1468 932 1581 983 legati
1603 931 1819 969 Samiorum
1837 929 1943 967 dice-

543 1006 640 1041 rent,
661 997 708 1034 ad
726 997 898 1040 Verrem,
921 1009 998 1034 non
1019 997 1064 1034 ad
1086 997 1133 1041 se,
1156 998 1359 1049 pertinere.

598 1061 839 1114 Aspendum,
861 1071 968 1098 vetus
990 1062 1195 1113 oppidum,
1217 1070 1254 1100 et
1274 1061 1405 1100 nobile
1426 1062 1466 1099 in
1488 1060 1718 1114 Pamphylia
1737 1060 1839 1099 scitis
1859 1058 1944 1105 effe,

542 1127 806 1181 pleniffimurn
827 1126 1023 1178 signorum
1039 1128 1292 1179 optimorum.
1314 1128 1407 1166 Non
1424 1128 1551 1165 dicam
1567 1127 1676 1164 illinc
1697 1126 1772 1164 hoc
1793 1126 1945 1178 signum

543 1194 716 1231 ablatum
736 1192 820 1237 effe,
842 1201 879 1230 et
900 1192 1017 1230 illud:
1040 1191 1115 1230 hoc
1129 1193 1229 1237 dico,
1252 1192 1407 1230 nullum
1428 1201 1464 1229 te
1477 1192 1648 1244 Aspendi
1668 1191 1944 1243 fignum,Ver-

543 1272 616 1303 res,
639 1257 827 1309 reliquisse
845 1272 853 1294 :
876 1258 1008 1295 omnia
1022 1271 1069 1295 ex
1088 1256 1201 1302 fanis,
1223 1272 1269 1296 ex
1291 1258 1385 1296 locis
1407 1258 1588 1310 publicis,
1610 1257 1751 1311 palam,
1772 1257 1943 1310 spee'tan-

544 1325 647 1362 tibus
669 1323 866 1367 omnibus,
888 1322 1061 1375 plaustris
1081 1325 1221 1368 evecta,
1254 1324 1514 1376 asportataque
1541 1324 1624 1362 effe.
1667 1325 1799 1376 Atque
1828 1323 1945 1362 etiam

544 1392 660 1429 illum
680 1389 920 1442 Aspendium
941 1388 1187 1428 citharistam:
1221 1390 1266 1428 de
1286 1404 1364 1443 quo
1384 1390 1477 1443 saepe
1505 1390 1657 1429 audistis
1689 1390 1742 1435 id,
1772 1390 1876 1442 quod
1894 1390 1948 1428 est

546 1457 691 1497 Graecis
712 1456 938 1494 hominibus
959 1456 998 1493 in
1019 1456 1233 1509 proverbio,
1270 1471 1388 1509 quem
1409 1457 1540 1495 omnia
1560 1457 1664 1495 intus
1685 1469 1819 1494 canere
1839 1457 1945 1494 dice-

546 1523 652 1567 bant,
674 1522 836 1566 sustulit,
868 1531 906 1559 et
926 1523 965 1559 in
997 1522 1146 1560 intimis
1168 1522 1241 1560 suis
1270 1523 1414 1562 aedibus
1435 1523 1589 1576 posuit,
1621 1532 1665 1561 ut
1695 1523 1810 1561 etiam
1830 1521 1946 1561 illum

545 1589 670 1643 ipsum
692 1588 854 1627 artificio
874 1588 940 1627 suo
959 1588 1138 1642 superaffe
1158 1590 1342 1628 videatur.

601 1657 728 1707 Pergae
760 1654 895 1692 fanum
926 1655 1234 1707 antiquiffimum
1267 1665 1305 1694 et
1334 1656 1607 1694 sanCtiffimum
1639 1657 1774 1694 Dianae
1805 1655 1945 1694 scimus

544 1721 628 1759 effe.
662 1721 706 1758 Id
727 1734 882 1772 quoque
913 1734 932 1757 a
954 1730 990 1758 te
1010 1712 1261 1759 nudatum'ac
1281 1721 1487 1774 spoliatum
1507 1721 1602 1767 effe,
1635 1735 1681 1760 ex
1709 1721 1786 1775 ipsa
1806 1722 1944 1767 Diana,

545 1787 650 1840 quod
681 1785 845 1824 habebat
878 1787 972 1831 auri,
1005 1787 1218 1826 detraetum
1244 1797 1358 1839 atque
1389 1788 1561 1826 ablatum
1595 1787 1666 1826 effe
1699 1788 1800 1825 dico.
1834 1789 1947 1838 Qae,

546 1853 708 1896 malum,
741 1852 793 1889 est
813 1852 879 1890 ista
900 1862 1002 1889 tanta
1022 1853 1177 1890 audacia
1196 1863 1311 1905 atque
1340 1854 1534 1890 amentia?
1566 1866 1658 1904 quas
1688 1853 1793 1890 enim
1824 1851 1946 1892 socio-

547 1933 648 1963 rum,
679 1927 793 1968 atque
824 1917 1037 1954 amicorum
1072 1918 1181 1954 urbes
1217 1918 1338 1962 adisti,
1372 1918 1572 1970 legationis
1598 1919 1684 1969 jure
1715 1927 1752 1955 et
1772 1918 1945 1963 nomine,

547 1983 573 2020 fi
595 1984 633 2020 in
654 1995 712 2020 eas
748 1982 897 2019 vicum
917 1982 1085 2019 exercitu
1112 1982 1352 2035 imperioque
1383 1982 1581 2028 invafiffes‚
1618 1992 1761 2028 tamen,
1794 1984 1946 2036 opinor,

548 2062 633 2100 quae
653 2047 767 2100 signa,
800 2057 913 2099 atque
945 2057 1167 2085 ornamenta
1197 2061 1243 2086 ex
1264 2048 1324 2086 his
1346 2048 1505 2086 urbibus
1526 2048 1741 2097 sustuliffes‚
1767 2048 1849 2089 haec
1869 2063 1948 2088 non

548 2116 586 2151 in
610 2123 715 2154 tuam
737 2113 915 2158 domum,
944 2127 1067 2166 neque
1086 2114 1127 2152 in
1148 2113 1361 2156 suburbana
1380 2114 1610 2160 amicorum,
1632 2115 1693 2153 sed
1715 2116 1886 2156 Romam
1905 2115 1947 2154 in

550 2181 754 2233 publicum
776 2180 1011 2232 deportaffes.

595 2247 706 2284 XXI.
739 2246 847 2297 Qid
868 2260 939 2298 ego
959 2247 1004 2284 de
1025 2248 1088 2286 M.
1113 2249 1301 2287 Marcello
1321 2249 1467 2302 loquar,
1489 2249 1557 2301 qui
1579 2248 1788 2301 Syracusas,
1810 2248 1946 2287 urbem

549 2312 837 2356 ornatiffimam‚
869 2313 1002 2364 cepit?
1034 2314 1127 2364 quid
1162 2314 1208 2351 de
1230 2316 1277 2352 L.
1301 2315 1494 2367 Scipione,
1526 2316 1594 2366 qui
1619 2314 1766 2352 bellum
1798 2314 1837 2351 in
1859 2314 1948 2352 Afia

549 2379 670 2431 gestit,
707 2377 1053 2430 Antiochumque,
1084 2392 1211 2430 regem
1248 2381 1576 2432 potentissimum,
1608 2379 1731 2417 vicit?
1776 2380 1871 2431 quid
1900 2380 1947 2418 de

552 2444 788 2489 Flaminino,
808 2444 874 2496 qui
893 2458 1020 2497 regem
1042 2443 1284 2497 Philippum,
1302 2454 1339 2482 et
1360 2445 1631 2483 Macedoniam
1653 2445 1830 2498 subegit?
1852 2446 1948 2498 quid

549 2510 597 2553 de
619 2510 665 2550 L.
691 2510 823 2554 Paulo,
855 2511 922 2563 qui
942 2523 1072 2563 regem
1096 2510 1228 2550 Persen
1257 2511 1292 2548 vi
1313 2525 1355 2550 ac
1377 2511 1516 2550 virtute
1537 2510 1722 2565 superavit
1742 2512 1754 2548 ?
1785 2511 1880 2564 quid
1900 2511 1946 2550 de
