2201 2792
671 189 1018 229 ACTIONIS
1061 189 1113 227 II.
1174 189 1383 227 LIBER
1424 190 1475 227 V.
1684 204 1764 244 427

371 290 456 329 effe.
489 291 535 329 In
555 303 630 344 qua
659 299 703 329 tu
735 299 771 328 te
800 291 854 328 ita
873 289 1023 343 gessisti,
1056 297 1114 334 ut,
1143 302 1234 327 cum
1255 288 1439 327 omnibus
1461 296 1607 325 teneare
1639 287 1766 332 rebus,

371 357 417 395 ad
448 357 598 395 bellum
631 355 889 410 fugitivorum
924 355 1149 408 confugias:
1182 369 1228 393 ex
1250 368 1329 407 quo
1354 355 1437 407 jam
1459 352 1659 405 intelligis,
1691 367 1770 390 non

371 423 489 461 modo
509 423 582 462 tibi
607 423 757 462 nullam
788 422 1061 467 defenfionem,
1097 421 1160 460 sed
1180 421 1394 460 maximam
1424 420 1506 458 vim
1540 419 1768 463 criminum,

372 498 558 528 exortam.
591 490 676 528 Nifi
697 489 797 527 forte
818 489 944 527 Italici
965 489 1058 527 belli
1078 487 1334 540 fugitivorum
1362 486 1552 538 reliquias,
1584 494 1698 537 atque
1719 484 1768 521 il-

372 556 441 594 lud
472 556 713 595 Temsanum
744 555 1043 594 incommodum
1077 554 1273 607 proferes:
1306 554 1352 592 ad
1383 553 1488 606 quod
1519 564 1648 590 recens
1679 564 1771 589 cum

373 632 411 660 te
431 632 715 676 peropportune
735 621 890 661 fortuna
917 620 1125 665 obtulisset,
1157 621 1183 658 fi
1205 620 1300 673 quid
1328 621 1369 658 in
1400 629 1438 658 te
1458 619 1626 664 virtutis,
1656 626 1773 669 atque

371 689 565 726 industriae
585 688 712 726 fuiffet
727 707 740 733 ς
771 688 891 733 idem,
914 689 983 740 qui
1003 687 1152 740 semper
1171 685 1311 732 fueras,
1333 686 1512 724 inventus
1533 698 1586 723 es.

427 756 540 794 XVI.
565 756 670 794 Cum
690 755 736 793 ad
756 764 793 793 te
810 754 1010 793 Valentini
1028 753 1225 799 venissent,
1246 761 1284 791 et
1303 766 1374 806 pro
1393 751 1454 790 his
1471 752 1594 790 homo
1613 750 1772 789 disertus

373 830 412 860 et
429 822 587 867 nobilis,
620 822 684 860 M.
707 822 874 867 Marius,
896 821 1132 874 loqueretur,
1161 830 1205 859 ut
1235 820 1438 873 negotium
1463 818 1682 872 susciperes,
1714 826 1772 861 ut,

374 901 466 926 cum
486 901 601 941 penes
634 897 671 926 te
690 889 914 941 praetorium
949 887 1175 940 imperium,
1212 900 1254 924 ac
1275 899 1421 924 nomen
1451 884 1554 930 efi'et,
1589 884 1636 922 ad
1664 882 1774 920 illam

374 968 530 1008 parvam
551 968 712 993 manum
732 954 1046 1007 extinguendam,
1075 953 1216 991 ducem
1237 962 1287 998 te,
1310 952 1607 1005 principemque
1627 949 1772 1002 praebe-

377 1034 461 1066 res;
493 1034 572 1059 non
592 1021 710 1058 modo
730 1020 770 1058 id
801 1019 986 1073 refugisti,
1017 1018 1079 1057 sed
1110 1032 1155 1057 eo
1175 1018 1256 1071 ipso
1284 1027 1473 1071 tempore,
1505 1030 1598 1055 cum
1618 1015 1707 1053 effes
1735 1015 1775 1052 in

375 1087 501 1132 litore,
523 1087 658 1125 Tertia
676 1087 742 1124 illa
761 1096 839 1132 tua,
874 1099 992 1138 quam
1012 1094 1144 1123 tecum
1165 1084 1402 1137 deportabas,
1435 1092 1513 1121 erat
1533 1083 1573 1120 in
1594 1081 1776 1120 omnium

377 1154 594 1206 conspeetu.
618 1153 711 1206 Ipfis
732 1162 861 1191 autem
881 1151 1099 1190 Valentinis
1120 1165 1168 1190 ex
1188 1160 1268 1189 tam
1288 1150 1439 1194 illustri,
1462 1149 1663 1199 nobilique
1683 1159 1777 1184 mu-

376 1220 537 1272 nicipi0,
554 1219 668 1258 tantis
690 1219 736 1257 de
755 1219 866 1257 rebus
888 1217 1108 1271 responsum
1129 1216 1285 1255 nullum
1301 1215 1451 1260 dedisti,
1465 1213 1556 1252 cum
1573 1213 1661 1252 effes
1683 1226 1777 1250 cum

376 1287 508 1325 tunica
528 1286 648 1339 pulla,
679 1295 717 1324 et
746 1286 878 1339 pallio.
911 1284 1021 1336 Qid
1040 1283 1147 1322 hunc
1168 1282 1491 1337 proficiscentem,
1523 1280 1619 1333 quid
1639 1280 1680 1318 in
1699 1279 1779 1332 ipsa

377 1353 577 1405 provincia
603 1350 731 1389 fecisse
752 1351 991 1394 existimatis,
1019 1350 1087 1403 qui
1108 1362 1200 1387 cum
1225 1349 1308 1400 jam
1329 1362 1376 1386 ex
1397 1346 1610 1400 provincia,
1632 1359 1711 1383 non
1731 1346 1778 1384 ad

338 1408 343 1411 ⁷
379 1418 641 1472 triumphum,
675 1418 737 1456 sed
757 1418 804 1456 ad
828 1417 1026 1470 judicium
1047 1416 1259 1460 decederet,
1290 1428 1340 1453 ne
1366 1414 1476 1452 illam
1496 1412 1656 1466 quidem
1676 1410 1777 1451 infa-

379 1486 502 1524 miam
520 1485 679 1538 fugerit,
702 1497 820 1536 quam
840 1483 917 1522 fine
937 1483 1016 1521 ulla
1035 1482 1232 1535 voluptate
1251 1480 1425 1534 capiebat
1442 1481 1455 1518 ?

436 1553 474 1590 O
506 1552 636 1590 divina
665 1550 812 1589 senatus
843 1549 1055 1602 frequentis
1087 1549 1128 1586 in
1158 1548 1236 1587 aede
1255 1547 1425 1586 Bellonae
1444 1545 1776 1585 admurmuratio!

380 1619 578 1658 Memoria
608 1617 760 1662 tenetis,
789 1617 961 1668 judices,
993 1629 1086 1654 cum
1117 1614 1448 1667 advesperasceret,
1481 1622 1519 1651 et
1548 1612 1664 1666 paulo
1694 1620 1781 1650 ante

379 1685 467 1724 effet
486 1686 533 1724 de
552 1684 629 1723 hoc
650 1683 845 1722 Temsano
865 1682 1117 1721 incommodo
1148 1681 1387 1726 nuntiatum,
1418 1694 1511 1719 curn
1542 1679 1780 1717 inveniretur

379 1765 511 1796 nemo,
527 1751 595 1804 qui
616 1751 656 1788 in
674 1750 740 1788 illa
760 1750 843 1788 loca
862 1763 954 1787 cum
975 1749 1139 1802 imperio
1160 1748 1394 1791 mitteretur,
1416 1745 1548 1784 dixisse
1569 1743 1778 1797 quendam,

383 1818 545 1856 Verrem
565 1816 636 1855 effe
657 1830 736 1854 non
767 1816 882 1868 longe
912 1829 932 1853 a
952 1813 1120 1858 Temsa5
1154 1827 1272 1866 quam
1292 1813 1400 1851 valde
1431 1811 1593 1850 univerfi
1620 1810 1779 1848 admur-

382 1884 586 1929 mutarint,
609 1896 726 1936 quam
747 1882 873 1935 palam
905 1881 1094 1934 principes
1127 1889 1260 1918 contra
1280 1879 1460 1917 dixerint.
1493 1879 1545 1915 Et
1567 1878 1597 1915 is
1618 1885 1676 1915 tot
1702 1876 1779 1914 cri-

382 1951 570 1994 minibus,
604 1949 908 2002 testimoniisque
927 1948 1140 1992 convietus,
1177 1947 1217 1984 in
1238 1960 1372 1984 eorum
1405 1945 1553 1982 tabellis
1576 1944 1679 1996 spem
1711 1943 1781 1980 fibi

383 2017 553 2068 aliquam
572 2016 697 2069 ponit,
730 2029 899 2067 quorum
932 2014 1112 2053 omnium
1133 2013 1276 2066 palam,
1309 2010 1416 2049 causa
1440 2011 1653 2064 incognita,
1687 2022 1780 2047 voce

385 2083 586 2120 damnatus
607 2081 659 2119 est
677 2082 690 2118 ?
1010 2110 1014 2112 ,

438 2149 572 2186 XVII.
605 2147 721 2186 Esto:
755 2147 854 2185 nihil
875 2161 922 2186 ex
942 2146 1201 2199 fugitivorum
1220 2145 1339 2189 bello,
1372 2153 1436 2183 aut
1456 2143 1668 2196 suspicione
1690 2141 1780 2179 belli

384 2214 506 2253 laudis
538 2214 696 2267 adeptus
731 2213 796 2258 est,
833 2214 937 2266 quod
969 2227 1094 2265 neque
1116 2212 1265 2250 bellum
1300 2210 1501 2263 ejusmodi,
1534 2222 1657 2260 neque
1689 2207 1780 2244 belli

385 2281 604 2333 periculum
625 2279 701 2318 fuit
721 2281 761 2318 in
783 2280 924 2322 Sicilia,
942 2293 1063 2331 neque
1084 2280 1130 2317 ab
1152 2278 1221 2316 isto
1238 2277 1433 2331 provisum
1454 2275 1517 2319 est,
1535 2288 1580 2311 ne
1601 2272 1704 2324 quod
1723 2271 1779 2308 es-

387 2347 453 2385 set.
486 2350 541 2385 At
571 2361 659 2385 vero
679 2356 813 2385 contra
836 2347 985 2385 bellum
1006 2346 1228 2398 praedonum
1265 2343 1414 2380 claffcm
1437 2340 1572 2378 habuit
1592 2347 1778 2381 ornatam,

387 2414 707 2466 diligentiamque
727 2413 904 2452 adhibuit
926 2415 964 2451 in
986 2427 1031 2451 eo
1051 2412 1279 2464 singularem
1299 2424 1306 2446 :
1340 2410 1482 2459 itaque,
1512 2406 1581 2443 isto
1604 2407 1779 2447 Praetore,

387 2479 563 2532 praeclare
593 2478 744 2518 defensa
773 2480 968 2533 provincia
996 2479 1060 2516 est.
1094 2479 1154 2516 Sic
1189 2477 1235 2514 de
1270 2474 1373 2512 bello
1394 2472 1633 2525 praedonuim
1669 2470 1715 2508 sic
1737 2470 1790 2507 do

1275 2541 1316 2579 H
1338 2539 1364 2581 h
1386 2539 1411 2578 h
1443 2553 1464 2578 2
