2201 2792
582 101 925 140 ACTIONIS
968 101 1023 138 ΙΙ.
1081 101 1288 139 LIBER
1331 102 1401 140 IV.
1603 104 1678 155 369

281 207 365 236 tum
386 207 548 250 patrem,
579 199 606 236 fi
625 212 703 237 non
734 199 774 236 in
794 199 974 251 parentis,
1006 207 1043 236 at
1072 199 1112 236 in
1142 197 1352 237 hominum
1374 212 1535 237 numero
1567 209 1679 252 puta-

280 263 371 302 bat:
404 265 449 302 ad
477 264 674 316 judicium
705 265 881 302 nondum
914 264 947 303 se
978 263 1063 302 satis
1095 264 1347 302 instruxerat:
1380 265 1527 317 primus
1559 278 1678 303 annus

278 338 355 367 erat
375 331 604 382 provinciae3
627 344 720 375 non,
740 339 783 368 ut
803 331 844 368 in
866 329 1040 375 Sthenio,
1057 331 1140 382 jam
1163 329 1320 368 refertus
1337 331 1513 383 pecunia.
1547 331 1681 382 Itaque

278 394 386 433 furor
405 397 499 448 ejus,
530 396 735 449 paululum
755 410 833 435 non
853 397 1013 450 pudore,
1045 397 1106 435 sed
1138 406 1246 434 metu
1273 410 1314 434 ac
1339 397 1477 434 timore
1498 395 1679 448 repressus

278 461 353 499 est:
377 462 631 500 condemnare
653 463 875 501 Diodorum
897 477 973 501 non
994 462 1108 500 audet
1119 481 1132 508 3
1154 462 1349 501 absentem
1369 463 1416 500 de
1435 462 1506 500 reis
1527 462 1678 499 eximit.

279 527 475 567 Diodorus
496 529 652 573 interea,
668 530 831 567 Praetore
846 529 928 574 isto,
943 543 1062 582 prope
1082 529 1292 566 triennium
1313 528 1523 582 provincia,
1540 527 1680 566 domo-

278 606 354 645 que
374 594 508 632 caruit.
542 595 680 632 Caeteri
699 607 777 632 non
808 594 933 633 solum
955 594 1088 639 Siculi,
1119 594 1181 632 sed
1212 594 1329 632 etiam
1363 594 1464 632 cives
1496 594 1680 639 Romani,

276 656 353 696 hoc
373 659 575 697 statuerant
590 677 602 703 5
635 660 820 711 quoniam
850 659 918 697 iste
950 668 1102 698 tanturn
1132 659 1343 712 cupiditate
1375 659 1679 712 progrederetur,

275 724 376 763 nihil
398 725 484 771 effe,
506 726 612 778 quod
631 725 835 779 quisquam
856 735 1020 779 putaret,
1043 726 1092 772 se,
1114 727 1219 779 quod
1239 726 1298 764 isti
1318 727 1433 780 paulo
1453 727 1575 779 magis
1596 726 1680 779 pla-

276 801 393 838 ceret,
415 793 645 838 conservare,
667 802 733 831 aut
753 793 861 831 domi
881 794 1042 832 retinere
1061 793 1177 847 poffe.

329 859 422 898 XX.
446 860 576 898 Postea
595 873 684 898 vero
704 874 822 912 quam
843 860 1130 906 intellexerunt,
1161 860 1221 899 isti
1241 862 1367 899 virum
1388 860 1545 906 fortem,
1562 874 1681 913 quem

279 924 430 964 summe
448 926 646 979 provincia
677 927 914 979 expectabat,
947 928 1014 979 Q
1033 927 1208 972 ArrIum‚
1241 941 1318 965 non
1351 927 1547 966 succedere
1563 946 1574 972 ς
1607 927 1680 965 sta-

280 1000 438 1029 tuerunt
459 991 494 1030 se
525 991 624 1029 nihil
646 1001 724 1030 tam
745 992 931 1037 clausum,
963 1006 1087 1045 neque
1113 1002 1191 1030 tam
1213 993 1457 1032 reconditum
1487 993 1589 1045 poffe
1609 992 1679 1030 ha-

280 1057 380 1102 bere,
405 1058 510 1109 quod
540 1071 617 1095 non
649 1057 755 1096 istius
783 1058 985 1111 cupiditati
1006 1059 1297 1111 apertiffimum,
1327 1059 1679 1112 promptiffimum-

281 1137 357 1176 que
376 1124 476 1162 effet.
509 1126 629 1163 Turn,
653 1124 720 1162 iste
753 1125 799 1162 ab
831 1125 959 1177 equite
981 1125 1160 1163 Romano
1191 1125 1404 1178 splendido,
1435 1135 1471 1164 et
1501 1125 1678 1178 gratioso,

282 1191 357 1228 Cn.
382 1190 547 1235 Calidio,
579 1191 688 1241 cujus
710 1190 838 1228 filium
870 1190 1010 1228 sciebat
1030 1190 1240 1229 senatorem
1260 1192 1395 1244 populi
1428 1192 1612 1236 Romani,
1643 1201 1680 1229 et

274 1254 450 1307 judicem
477 1254 561 1303 effe,
594 1255 777 1307 equuleos
808 1264 1004 1308 argenteos
1040 1255 1204 1301 nobiles,
1235 1257 1303 1308 qui
1325 1257 1572 1309 QMaximi
1593 1255 1678 1294 fue-

279 1332 377 1367 rant,
399 1321 535 1360 aufert.

333 1389 566 1442 Imprudens
601 1388 680 1428 huc
710 1389 844 1435 incidi,
878 1390 1065 1441 Judices;
1107 1390 1203 1428 emit
1236 1390 1358 1434 enim,
1400 1403 1478 1428 non
1509 1390 1678 1430 abstulit.

279 1454 444 1494 Nollem
465 1454 597 1494 dixisse
615 1470 624 1494 :
650 1456 811 1508 jactabit
841 1456 891 1501 se,
922 1465 961 1494 et
991 1456 1031 1494 in
1051 1455 1111 1494 his
1131 1456 1320 1508 equitabit
1340 1456 1526 1508 equuleis.
1558 1456 1678 1501 Emi5

280 1522 483 1574 pecuniam
520 1521 643 1568 solvi..
675 1522 815 1567 Credo,
850 1523 966 1560 etiam
1002 1522 1139 1560 tabulae
1174 1521 1428 1574 proferentur.
1474 1521 1541 1560 Est
1570 1523 1679 1561 tanti.

281 1587 390 1625 Cedo
410 1587 556 1625 tabulas
575 1603 584 1626 ;
616 1587 721 1625 dilue
751 1587 836 1626 sane
856 1588 1003 1626 crimen
1024 1587 1099 1626 hoc
1121 1588 1382 1632 Calidianum,
1407 1588 1502 1626 dum
1523 1602 1594 1641 ego
1623 1598 1679 1626 ta-

280 1653 388 1691 bulas
422 1653 583 1706 aspicere
616 1653 766 1706 poffim.
798 1654 1063 1692 Veruntamen
1098 1654 1193 1706 quid
1226 1663 1303 1692 erat
1320 1683 1331 1698 ,
1367 1654 1472 1706 quod
1507 1655 1679 1692 Calidius

281 1721 418 1758 Romae
438 1729 670 1772 quereretur,
702 1720 752 1766 se,
784 1734 877 1759 cum
897 1730 955 1759 tot
974 1734 1091 1759 annos
1112 1721 1152 1758 in
1173 1721 1302 1758 Sicilia
1323 1721 1592 1772 negotiaretur,
1614 1721 1679 1758 abs

280 1795 317 1823 te
338 1784 417 1823 solo
437 1785 490 1823 ita
508 1784 578 1822 effe
600 1794 887 1838 contemptum,
923 1787 976 1824 ita
995 1786 1228 1838 despectum,
1263 1795 1304 1823 ut
1332 1787 1450 1823 etiam
1483 1799 1556 1823 una
1587 1799 1678 1824 cum

280 1852 425 1890 caeteris
447 1852 584 1890 Siculis
607 1851 891 1904 despoliaretur,
915 1852 940 1890 s1
960 1866 1102 1890 emeras
1123 1852 1134 1888 ?
1168 1852 1275 1903 Qid
1296 1861 1387 1895 erat,
1410 1852 1514 1903 quod
1536 1851 1677 1889 confir-

281 1917 424 1962 mabat,
447 1917 482 1955 se
503 1918 569 1955 abs
591 1927 628 1955 te
648 1927 850 1969 argentum
871 1917 941 1955 effe
962 1919 1231 1970 repetiturum,
1263 1919 1287 1955 fi
1309 1918 1380 1955 tibi
1403 1917 1464 1954 sua
1486 1917 1679 1955 voluntate

279 1983 521 2021 vendiderat?
544 1985 610 2022 Tu
630 1997 743 2037 porro
759 1984 877 2036 posses
899 1983 1035 2029 facere,
1058 1994 1101 2022 ut
1118 1985 1193 2023 Cn.
1215 1984 1368 2022 Calidio
1386 1998 1461 2022 non
1485 1983 1677 2021 redderes?

282 2049 487 2101 praesertim
510 2063 601 2087 cum
623 2051 653 2087 is
672 2051 719 2088 L.
740 2050 906 2095 Sisenna,
925 2050 1118 2089 defensore
1138 2060 1218 2094 tu0,
1239 2060 1316 2088 tam
1340 2050 1577 2088 familiariter
1594 2061 1678 2088 ute·

282 2122 413 2158 retur;
446 2123 483 2152 et
504 2128 595 2151 cum
616 2115 759 2152 caeteris
781 2114 1034 2152 familiaribus
1056 2115 1217 2153 Sisennae
1240 2115 1454 2153 reddidisses
1475 2116 1486 2151 ?

338 2179 489 2217 Deinde
524 2193 600 2216 non
631 2180 767 2231 opinor
793 2190 1021 2231 negaturum
1052 2180 1121 2218 effe
1143 2190 1192 2223 te,
1229 2178 1382 2218 homini
1414 2179 1585 2223 honesto,
1618 2178 1678 2216 scd

283 2258 359 2283 non
379 2245 600 2297 gratiosiori,
621 2260 737 2296 quam
761 2246 835 2283 Cn.
860 2246 1032 2283 Calidius
1053 2245 1118 2290 est,
1152 2247 1199 2285 L.
1225 2246 1367 2284 Cordio
1393 2255 1592 2298 argentum
1615 2258 1679 2296 per

284 2313 553 2357 Potamonem,
576 2313 745 2350 amicum
769 2322 896 2358 tuum,
919 2312 1129 2350 reddidisse.
1176 2312 1256 2363 Qui
1277 2313 1435 2364 quidem
1457 2321 1677 2349 caeterorum

283 2377 433 2414 causam
467 2378 567 2430 apud
600 2389 635 2416 te
656 2378 915 2418 difficiliorem
950 2378 1066 2417 fecit:
1100 2392 1188 2416 nam
1221 2392 1312 2415 cuin
1346 2387 1381 2414 te
1412 2375 1676 2428 compluribus

367 2444 432 2481 To
446 2457 495 2482 M.
520 2445 590 2483 IV.
1269 2444 1302 2480 A
1324 2456 1342 2479 a
1363 2455 1381 2478 a
