2201 2792
507 133 584 160 220
935 118 1026 158 IN
1093 118 1474 159 VERREM

504 215 570 254 illa
598 227 669 262 res,
700 229 817 269 quam
851 225 937 255 ante
970 217 1237 264 demonstravi,
1268 219 1315 257 de
1344 218 1527 257 Heraclio
1562 215 1806 270 Syracusano,
1835 216 1909 270 qui

506 282 606 321 bona
639 297 717 322 non
750 283 982 337 perdidisset,
1013 285 1082 323 nis1
1115 286 1150 323 ei
1171 285 1326 324 venifi‘et
1346 284 1558 325 haereditas.
1603 285 1713 324 Huic
1747 294 1907 336 quoque

503 349 678 401 Epicrati
710 358 874 394 venerat,
907 359 950 388 ut
978 350 1073 396 dixi,
1118 350 1330 390 haereditas.
1380 352 1561 404 Cogitate
1593 360 1795 404 coeperunt
1824 350 1908 402 ejus

502 414 668 461 inimici,
700 414 826 454 nihilo
861 416 990 454 minus
1024 416 1161 454 eodem
1183 419 1348 455 Praetore
1374 416 1481 455 hunc
1511 418 1628 456 everti
1648 416 1760 455 bonis
1787 414 1910 469 posse,

502 493 582 532 quo
613 481 818 519 Heraclius
849 481 938 520 effet
957 482 1120 520 eversus.
1166 482 1268 521 Rem
1298 483 1452 521 occulte
1471 483 1704 528 instituunt3
1736 482 1784 520 ad
1803 482 1905 519 Ver-

502 560 584 585 rem
604 561 671 600 per
691 549 773 599 ejus
793 547 1017 600 interpretes
1038 547 1230 587 deferunt.
1263 550 1320 587 Ita
1339 549 1447 587 causa
1464 549 1729 602 componitur,
1750 557 1794 586 ut
1808 548 1906 586 item

500 613 710 666 palaestritae
742 613 919 652 Bidenses
948 623 1120 666 peterent
1149 615 1196 654 ab
1227 615 1406 668 Epicrate
1439 614 1728 659 haereditatem‚
1764 626 1908 666 quem-

501 679 714 718 admodum
733 679 942 732 palaestritae
962 680 1180 732 Syracusani
1200 681 1247 719 ab
1268 681 1452 719 Heraclio
1471 680 1663 734 petiffent.
1685 680 1909 732 Nunquam

500 757 567 783 vos
598 746 806 784 Praetorem
841 754 919 784 tam
952 746 1205 798 palaestricum
1233 746 1405 785 vidistis:
1436 759 1572 785 verum
1602 746 1656 784 ita
1687 745 1907 798 palaestritas

499 810 740 857 defendebat,
772 820 815 850 ut
848 812 895 850 ab
924 812 1002 851 illis
1021 812 1098 865 ipse
1115 813 1266 852 unctior
1286 813 1507 852 discederet.
1544 812 1628 864 Qi
1646 811 1789 856 statim,
1811 824 1906 849 cum

499 876 766 928 praesenfiffet‚
804 878 919 929 jubet
951 878 1108 917 cuidam
1143 878 1299 917 suorum
1335 879 1553 918 amicorum
1585 877 1779 917 numerari
1810 877 1905 916 H-S

501 954 636 980 Lxxx.
668 943 747 980 Res
768 943 954 981 occultari
984 943 1071 981 satis
1091 957 1169 982 non
1189 944 1305 996 poffe.
1349 945 1420 982 Per
1440 943 1634 996 quendam
1653 955 1804 986 eorum,
1835 941 1906 993 qui.

499 1006 736 1054 interfuerat,
758 1008 804 1047 fit
821 1009 1019 1060 Epicrates
1035 1010 1187 1048 certior.
1220 1010 1354 1048 Primo
1371 1009 1580 1062 negligere,
1604 1017 1642 1046 et
1657 1017 1906 1046 contemnere

497 1073 631 1126 coepit,
663 1073 769 1127 quod
789 1074 897 1112 causa
916 1074 1081 1127 prorsuS‚
1112 1074 1216 1127 quod
1238 1074 1405 1113 dubitari
1430 1074 1565 1128 poffet,
1602 1073 1702 1113 nihil
1720 1073 1903 1112 habebat.

498 1138 665 1184 Deinde,
698 1153 791 1178 cum
825 1139 872 1178 de
893 1140 1078 1178 Heraclio
1108 1141 1306 1193 cogitaret,
1338 1150 1376 1179 et
1396 1141 1503 1179 istius
1535 1140 1739 1179 libidinem
1766 1139 1906 1184 nosset,

497 1204 856 1242 commodissimum
877 1205 1027 1258 putavit
1047 1204 1133 1249 effe,
1149 1205 1196 1242 de
1215 1206 1412 1258 provincia
1431 1205 1532 1243 clam
1553 1205 1675 1244 abire:
1698 1205 1827 1257 itaque
1842 1204 1902 1242 fe·

497 1270 566 1308 cit.
606 1268 804 1308 Profec‘tus
824 1269 877 1307 est
897 1268 1112 1321 Rhegium.

551 1335 708 1374 XXIII.
739 1334 858 1387 Qod
889 1335 957 1373 ubi
978 1335 1156 1374 auditum
1176 1335 1243 1380 est,
1265 1336 1416 1374 aestuare
1437 1335 1511 1381 illi,
1543 1335 1611 1389 qui
1631 1335 1812 1374 dederant
1831 1349 1905 1389 pe·

496 1400 667 1439 cuniam.
689 1400 828 1438 Putare
848 1398 948 1438 nihil
968 1400 1028 1453 agi
1049 1400 1164 1452 poffe,
1182 1400 1332 1438 absente
1350 1401 1543 1454 Epicrate.
1566 1400 1673 1439 Nam
1694 1401 1904 1440 Heraclius

496 1475 583 1504 tum
602 1464 775 1511 affuerat,
806 1479 898 1504 cum
918 1467 1093 1519 primum
1124 1466 1202 1504 dati
1222 1466 1309 1505 sunt
1323 1467 1498 1519 judices:
1531 1467 1578 1505 de
1597 1466 1688 1513 hoc,
1710 1467 1793 1520 qui,
1815 1476 1904 1505 ante

496 1546 615 1585 quam
632 1533 672 1570 in
687 1533 752 1584 jus
766 1532 916 1571 aditum
932 1531 1034 1579 esset,
1048 1541 1134 1571 ante
1147 1546 1265 1585 quam
1281 1534 1449 1586 denique
1469 1534 1620 1572 mentio
1639 1534 1903 1572 controverfiae

496 1597 594 1636 fasta
612 1597 715 1643 effet,
735 1597 961 1644 disceffiffet‚
990 1598 1178 1651 putabant
1203 1597 1305 1637 nihil
1335 1599 1397 1652 agi
1426 1599 1542 1652 poffe.
1574 1600 1767 1638 Homines
1788 1598 1902 1637 Rhe-

494 1664 606 1716 gium
639 1663 950 1717 proficiscuntur,
986 1664 1223 1717 Epicratem·
1244 1665 1505 1704 conveniunt:
1551 1665 1812 1704 demonstrant
1843 1665 1902 1711 id,

495 1729 600 1781 quod
620 1729 687 1767 ille
706 1729 862 1774 sciebat,
879 1729 913 1767 se
934 1729 1026 1768 H-S
1049 1743 1168 1768 Lxxx
1191 1730 1330 1769 dedisse
1347 1746 1357 1769 ε
1378 1740 1514 1784 rogant
1533 1744 1638 1777 eum,
1656 1740 1701 1770 ut
1719 1731 1774 1776 id,
1795 1731 1902 1783 quod

496 1796 543 1834 ab
573 1796 661 1849 ipfis
694 1795 822 1835 abiffet
842 1795 1028 1848 pecuniae‚
1060 1805 1195 1836 curet:
1228 1797 1275 1835 ab
1295 1796 1369 1835 sese
1392 1806 1533 1842 caveat,
1566 1797 1900 1850 quemadmodum

496 1862 615 1907 velit,
647 1861 693 1900 de
725 1862 792 1900 illa
810 1860 1029 1899 haereditate
1059 1875 1153 1900 cum
1174 1863 1353 1914 Epicrate
1383 1863 1581 1901 neminem
1607 1862 1678 1900 effe
1706 1863 1899 1900 acturum.

498 1928 697 1979 Epicrates
717 1925 896 1965 homines
917 1926 1052 1964 multis
1072 1926 1196 1965 verbis
1222 1940 1242 1964 a
1262 1926 1297 1965 se
1317 1927 1418 1965 male
1438 1935 1613 1979 acceptos
1634 1927 1778 1965 dimisit
1796 1941 1805 1965 :
1837 1940 1899 1964 re-

497 1993 618 2030 deunt
636 1993 696 2030 illi
716 1990 872 2044 Rhegio
892 1991 1086 2042 Syracusas
1104 2006 1114 2030 :
1146 1992 1254 2044 queri
1285 2006 1377 2030 cum
1398 1993 1550 2038 multis,
1581 1993 1633 2031 ita
1653 2002 1697 2031 ut
1716 1992 1776 2038 fit,
1797 1993 1902 2032 incia

496 2058 623 2111 piunt,
643 2057 715 2096 sese
735 2058 827 2095 H-S
850 2070 963 2096 Lxxx
986 2057 1198 2096 nummum
1212 2057 1347 2096 frustra
1367 2058 1518 2097 dediffe.
1551 2059 1629 2097 Res
1650 2059 1869 2112 percrebuit
1881 2077 1895 2104 5

495 2124 537 2162 in
566 2137 631 2162 ore
660 2131 774 2175 atque
807 2122 980 2161 sermone
999 2124 1180 2162 omnium
1209 2125 1330 2177 coepit
1357 2124 1442 2163 effe.
1474 2124 1611 2162 Verres
1646 2123 1760 2162 refert
1789 2124 1902 2163 illam

496 2189 602 2228 suam
623 2188 892 2241 Syracusanam
911 2203 922 2227 z
953 2189 1006 2227 ait
1036 2189 1071 2227 se
1091 2190 1189 2228 velle
1218 2190 1265 2228 de
1285 2190 1362 2229 illis
1384 2190 1476 2228 H-S
1500 2203 1618 2229 Lxxx
1640 2189 1868 2242 cognoscere
1885 2203 1898 2228 ι

496 2254 655 2294 advocat
674 2254 833 2293 multos.
878 2254 1030 2292 Dicunt
1060 2255 1191 2292 Bidini
1212 2255 1391 2294 Volcatio
1416 2255 1452 2294 se
1482 2254 1621 2294 dediss'e
1645 2268 1654 2293 :
1686 2254 1786 2291 illud
1818 2267 1900 2292 non

496 2321 655 2365 addunt,
672 2319 775 2373 juffu
794 2319 913 2358 istius.
945 2320 1169 2359 Volcatium
1190 2330 1324 2360 vocat:
1348 2322 1552 2374 pecuniam
1573 2319 1701 2358 referri
1716 2319 1895 2372 imperat.

496 2386 696 2424 Volcatius
724 2385 853 2424 animo
873 2384 1084 2438 aequiffimo
1104 2399 1287 2424 nummos
1308 2385 1430 2431 affert,
1462 2385 1530 2437 qui
1551 2383 1649 2422 nihil
1671 2384 1865 2424 amitteret
1883 2397 1896 2424 2

496 2452 622 2491 reddit
641 2451 941 2505 inspectantibus
961 2451 1097 2493 multis
1114 2466 1124 2492 ι
1156 2451 1286 2493 Bidini
1306 2464 1489 2492 nummos
1509 2449 1702 2491 auferunt.
