2201 2792
454 194 506 234 66
959 193 1318 233 ORATIO

452 292 513 329 Eo
533 291 682 330 acceffit
701 291 871 330 studium
893 292 1086 338 doctrinae,
1102 301 1145 330 ut
1165 306 1213 330 ne
1232 305 1253 330 a
1272 291 1391 330 literis
1409 291 1568 344 quidem
1583 290 1728 330 alienus
1748 291 1855 330 effes,

454 358 610 410 Ecquid
632 359 786 396 tandem
809 359 881 396 tibi
905 359 1055 396 videtur
1086 359 1148 410 (ut
1167 359 1213 396 ad
1234 357 1381 396 fabulas
1403 358 1619 410 veniamus)
1651 357 1763 396 senex
1790 358 1858 395 ille

454 423 683 461 Caecilianus
718 423 880 461 minoris
911 422 1034 461 facere
1069 422 1314 475 Eutychum,
1349 422 1478 461 filium
1506 422 1706 468 rusticum,
1737 436 1856 474 quam

453 489 569 527 illum
599 489 781 534 alterum,
811 488 1139 527 Chaerestratum?
1185 490 1308 542 (nam,
1340 499 1383 527 ut
1413 490 1564 542 opinor,
1594 487 1670 527 hoc
1697 489 1858 526 nomine

454 554 524 607 est)
557 555 720 593 alterum
755 556 795 593 in
817 556 910 593 urbe
931 555 1058 593 secum
1087 555 1244 593 honoris
1263 555 1372 593 causa
1397 554 1566 593 habere?
1597 555 1763 592 alterum
1793 567 1857 592 rus

454 621 636 673 supplicii
667 621 775 658 causa
795 620 1000 673 relegasse?
1033 621 1142 672 Qid
1172 622 1217 659 ad
1249 621 1333 659 istas
1366 621 1525 674 ineptias
1546 620 1655 659 abis?
1688 620 1855 671 inquies.

455 688 572 739 Qasi
604 701 694 726 vero
724 686 827 726 mihi
854 688 1014 726 difficile
1042 688 1099 732 fit,
1131 689 1307 740 quamvis
1331 688 1477 726 multos
1506 687 1738 726 nominatim
1765 699 1857 739 pro-

454 753 567 800 ferre,
604 769 652 793 ne
685 755 840 807 longius
870 755 1025 800 abeam,
1056 756 1116 793 vel
1147 755 1323 800 tribules,
1352 755 1412 793 vel
1446 755 1594 793 vicinos
1620 766 1754 798 meos,
1788 751 1860 805 qui

454 822 540 860 suos
572 822 727 867 liberos,
763 835 860 874 quos
890 821 1051 874 plurimi
1081 821 1244 867 faciunt,
1275 822 1457 875 agricolas
1491 820 1653 859 affiduos
1683 819 1756 858 effe
1785 833 1858 858 cu·

453 889 581 941 piunt.
614 889 764 926 Verum
793 887 973 926 homines
994 898 1106 927 notos
1127 888 1275 927 sumere
1293 888 1468 927 odiosum
1489 888 1556 932 est,
1588 901 1680 926 cum
1700 895 1738 924 et
1758 885 1861 924 illud

454 956 648 993 incertum
668 954 726 999 fit,
757 954 927 992 velintne
959 953 1001 992 hi
1022 954 1095 992 sese
1128 955 1345 999 nominari3
1377 963 1415 992 et
1448 966 1564 991 nemo
1596 953 1704 990 vobis
1734 952 1857 1004 magis

454 1031 568 1059 notus
588 1020 743 1059 futurus
764 1020 823 1064 fit,
854 1033 972 1072 quam
994 1020 1046 1057 est
1065 1019 1132 1057 hic
1150 1019 1354 1070 Eutychus
1372 1037 1384 1064 3
1415 1027 1453 1056 et
1467 1028 1569 1056 certe
1589 1019 1635 1056 ad
1655 1032 1737 1056 rem
1758 1017 1861 1055 nihil

454 1086 612 1130 interfit,
644 1094 778 1123 utrum
807 1083 915 1122 hunc
948 1098 1020 1137 ego
1051 1084 1250 1122 comicum
1276 1083 1569 1128 adolescentem,
1611 1096 1659 1121 an
1688 1082 1861 1136 aliquem

454 1167 500 1191 ex
520 1166 611 1204 agro
631 1151 795 1189 Veiente
814 1152 1030 1188 nominem.
1068 1151 1227 1187 Etenim
1248 1149 1331 1187 haec
1351 1149 1515 1187 conficta
1535 1149 1698 1187 arbitror
1725 1162 1747 1186 a
1764 1162 1860 1201 poe*

454 1219 503 1255 tis
524 1217 608 1261 effe,
640 1225 685 1253 ut
704 1216 850 1253 effictos
871 1215 1015 1252 nostros
1036 1228 1161 1252 mores
1192 1215 1232 1252 in
1259 1215 1391 1252 alienis
1412 1214 1598 1267 personis,
1625 1214 1860 1267 expressam-

455 1297 530 1335 que
561 1282 774 1334 imaginem
806 1281 940 1319 nostrae
970 1281 1058 1319 vitae
1091 1280 1323 1332 quotidianae
1354 1281 1585 1319 videremus.
1622 1282 1709 1332 Age
1738 1294 1859 1325 nunc,

455 1349 553 1388 refer
578 1349 769 1392 animum,
815 1349 874 1392 fis,
907 1348 952 1385 ad
983 1348 1199 1391 veritatem,
1233 1357 1271 1384 et
1301 1346 1507 1392 considera,
1552 1361 1630 1385 non
1670 1347 1788 1385 modo
1817 1348 1861 1385 in

456 1415 638 1459 Umbria,
669 1424 782 1466 atque
802 1414 842 1451 in
863 1415 907 1451 ea
927 1413 1137 1458 vicinitate,
1169 1413 1231 1451 sed
1258 1414 1298 1451 in
1319 1413 1380 1450 his
1401 1414 1594 1451 veteribus
1615 1413 1858 1466 municipiis,

454 1495 540 1533 quae
560 1480 681 1519 studia
701 1494 721 1518 a
740 1478 1095 1532 patribusfamilias,
1132 1479 1302 1517 maxime
1324 1479 1541 1517 laudentur.
1578 1479 1667 1530 Jam
1686 1478 1860 1532 profecto

454 1558 493 1584 te
512 1547 706 1599 intelliges
726 1546 858 1599 inopia
878 1547 1091 1585 criminum
1112 1545 1308 1584 summam
1327 1545 1484 1584 laudem
1500 1546 1586 1584 Sex.
1601 1544 1744 1584 Roscio
1763 1545 1860 1584 vitio

455 1623 493 1650 et
513 1613 638 1665 culpae
657 1611 809 1650 dediss‘e.

499 1679 634 1717 XVII.
665 1680 721 1716 At
742 1690 818 1716 non
840 1678 959 1717 modo
977 1677 1054 1716 hoc
1072 1687 1230 1731 patrum
1248 1678 1448 1716 voluntate
1468 1678 1578 1716 liberi
1598 1678 1748 1717 faciunt
1763 1695 1775 1723 3
1798 1676 1863 1715 sed

454 1744 667 1797 permultos
699 1753 737 1782 et
756 1757 829 1796 ego
859 1744 964 1789 novi,
993 1753 1033 1782 et
1070 1745 1156 1796 (nisi
1179 1757 1242 1783 me
1269 1743 1371 1782 fallit
1390 1745 1562 1797 animus)
1597 1744 1861 1797 unusquisque

454 1811 636 1857 vestrum,
654 1811 721 1863 qui
742 1819 780 1848 et
800 1810 868 1863 ipsi
890 1811 1033 1848 incenfi
1049 1811 1136 1849 sunt
1155 1811 1294 1856 studio,
1311 1812 1417 1863 quod
1432 1812 1478 1849 ad
1495 1825 1631 1864 agrum
1649 1811 1860 1848 colendum

455 1878 617 1922 attinet;
648 1876 848 1927 vitamque
867 1874 967 1913 hanc
994 1875 1189 1921 rusticam,
1221 1889 1339 1927 quam
1369 1885 1412 1914 tu
1442 1877 1598 1928 probro,
1633 1885 1672 1914 et
1702 1875 1861 1914 crimini

454 1953 566 1996 putas
598 1941 669 1980 effe
689 1950 877 1994 oportere,
908 1950 946 1979 et
967 1941 1283 1987 honestiffimm,
1313 1951 1352 1980 et
1381 1942 1636 1980 suaviffimam
1664 1942 1735 1980 effe
1754 1942 1861 1979 arbi·

456 2018 618 2047 trantur.
642 2008 750 2059 Qid
771 2007 911 2053 censes,
933 2006 1040 2046 hunc
1061 2005 1188 2061 ipsum
1209 2009 1294 2046 Sex.
1318 2008 1521 2054 Roscium,
1554 2023 1632 2061 quo
1653 2008 1790 2053 studio,
1822 2017 1863 2046 et

455 2089 534 2128 qua
547 2074 804 2127 intelligentia
823 2073 895 2112 effe
916 2075 955 2112 in
976 2074 1124 2114 rusticis
1146 2075 1256 2114 rebus
1273 2076 1286 2113 ?
1308 2076 1365 2113 Ut
1381 2088 1428 2114 ex
1445 2074 1506 2113 his
1521 2075 1751 2129 propinquis
1764 2075 1860 2127 ejus,

456 2142 684 2181 hominibus
710 2140 993 2187 honestiffimis‚
1024 2143 1151 2187 audio,
1182 2156 1260 2181 non
1294 2151 1337 2181 tu
1368 2143 1409 2181 in
1429 2142 1500 2181 isto
1523 2142 1687 2181 artificio
1707 2141 1860 2180 accusa—

456 2209 556 2247 torio
587 2207 761 2245 callidior
792 2219 846 2253 es,
876 2220 995 2259 quam
1016 2206 1082 2245 hic
1109 2209 1149 2246 in
1170 2208 1250 2247 suo.
1310 2209 1473 2253 Verum,
1504 2217 1548 2246 ut
1577 2208 1727 2260 opinor,
1760 2220 1859 2258 quo-

456 2274 562 2313 niam
598 2273 651 2311 ita
672 2271 926 2325 Chrysogono
945 2273 1109 2319 videtur,
1140 2274 1210 2326 qui
1243 2273 1337 2312 huic
1372 2274 1526 2312 nullum
1550 2272 1739 2326 praedium
1767 2272 1860 2309 reli-

458 2341 557 2394 quit,
604 2348 642 2378 et
674 2339 882 2377 artificium
908 2339 1169 2385 obliviscatur,
1213 2350 1251 2377 et
1277 2340 1446 2378 studium
1477 2340 1660 2392 deponat,
1708 2338 1857 2376 licebit.

458 2406 578 2457 Qod
597 2405 745 2444 tametsi
764 2405 949 2443 miserum
979 2415 1016 2443 et
1046 2406 1255 2458 indignum
1285 2405 1351 2450 est,
1382 2404 1477 2443 feret
1498 2414 1626 2442 tamen
1645 2417 1755 2457 aequo
1775 2403 1859 2441 ani-

459 2482 539 2517 mo,
570 2472 740 2522 Judices,
772 2472 799 2510 fi
819 2486 886 2526 per
905 2485 971 2511 vos
992 2473 1112 2511 vitam
1145 2482 1183 2510 et
1202 2471 1348 2510 faniam
1379 2472 1501 2524 potest
1531 2472 1719 2510 obtinere.
1766 2471 1858 2509 Hoc

457 2552 546 2578 vero
566 2538 632 2585 est,
654 2540 761 2592 quod
791 2538 880 2579 ferri
901 2553 977 2580 non
1000 2540 1136 2594 potest,
1167 2540 1193 2579 fi
1213 2549 1252 2578 et
1282 2540 1322 2578 in
1342 2538 1442 2578 hanc
1467 2539 1728 2578 calamitatem
1755 2537 1860 2577 venit
