2201 2792
484 187 565 227 434
913 173 1003 212 IN
1076 174 1458 213 VERREM

483 277 606 321 testes,
629 275 875 328 custodesque
896 274 1090 313 furtorum
1109 290 1117 312 :
1150 275 1210 313 illi
1231 275 1302 313 tibi
1322 284 1359 313 et
1379 275 1511 314 locum
1531 273 1661 321 furtis,
1693 283 1731 313 et
1751 273 1878 313 furto-

483 357 571 382 rum
593 343 832 388 vehiculum,
864 351 1195 394 comparaverunt.
1228 342 1364 393 Itaque
1394 356 1442 380 ne
1469 352 1556 381 tum
1577 342 1752 395 quidem,
1784 355 1879 380 cum

482 410 634 449 classem
655 411 823 454 avaritia,
855 423 896 446 ac
924 409 1097 460 nequitia
1131 417 1195 446 tua
1226 408 1435 461 perdidisti,
1471 423 1608 448 navem
1629 408 1878 449 Mamertinis

481 479 668 531 imperare
688 477 796 515 ausus
828 489 866 514 es
885 491 894 514 z
927 489 1006 528 quo
1027 485 1199 529 tempore
1219 476 1259 514 in
1281 484 1386 514 tanta
1405 476 1537 528 inopia
1559 477 1731 522 navium,
1753 485 1877 515 tanta-

481 558 556 596 que
576 544 792 582 calamitate
812 543 1033 595 provinciae,
1052 543 1168 581 etiam
1190 542 1217 580 fi
1232 542 1402 595 precario
1421 541 1538 580 effent
1558 542 1730 594 rogandi,
1748 551 1879 580 tamen

481 612 528 649 ab
549 610 610 649 his
631 611 913 663 impetraretur.
938 610 1193 662 Reprimebat
1212 609 1411 648 enimstibi
1431 618 1469 647 et
1488 609 1702 662 imperandi
1722 609 1818 654 vim,
1840 616 1879 646 et

480 679 640 731 rogandi
660 687 842 716 conatum
864 677 1041 730 praeclara
1069 677 1150 722 illa,
1183 691 1260 715 non
1280 676 1426 729 populo
1447 677 1628 715 Romano
1648 676 1796 715 reddita
1815 675 1877 714 bi-

481 745 611 789 remis,
634 744 695 781 sed
716 744 873 781 Praetori
893 743 1031 781 donata
1045 743 1197 794 Cybea:
1221 756 1264 781 ea
1279 741 1356 781 fuit
1376 755 1522 781 merces
1538 742 1710 795 imperii,
1727 741 1876 786 auxilii,

475 812 588 863 juris,
611 810 915 854 consuetudinis,
938 809 1107 848 foederis.

532 878 699 916 Habetis
722 877 835 914 unius
859 877 1023 914 civitatis
1045 876 1205 914 firmum
1224 876 1417 914 auxilium
1448 875 1641 921 amiffum,
1672 887 1714 913 ac
1741 875 1876 913 vendi-

479 953 565 982 tum
587 944 723 996 pretio.
759 943 991 995 Cognoscite
1018 956 1121 980 nunc
1139 956 1278 981 novam
1295 942 1487 995 praedandi
1509 942 1712 987 rationem,
1733 941 1780 980 ab
1800 940 1877 980 hoc

478 1011 652 1063 primum
673 1010 944 1061 excogitatam.

525 1077 679 1115 XXIV.
699 1076 912 1128 Sumptum
933 1088 1092 1113 omnem
1112 1076 1152 1113 in
1173 1074 1324 1114 classem
1343 1073 1555 1120 frumento,
1576 1074 1780 1128 stipendio,
1801 1088 1876 1113 cae-

479 1143 642 1196 terisque
664 1143 775 1181 rebus
798 1140 987 1180 navarcho
1007 1141 1074 1180 suo
1095 1155 1259 1194 quaeque
1278 1142 1411 1180 civitas
1438 1141 1586 1195 semper
1606 1141 1692 1179 dare
1718 1140 1876 1180 solebat.

480 1211 516 1247 Is
538 1223 663 1262 neque
684 1218 727 1247 ut
759 1207 994 1246 accusaretur
1013 1221 1034 1245 a
1053 1208 1194 1252 nautis,
1227 1207 1474 1246 committere
1493 1207 1655 1245 audebat
1669 1225 1682 1252 3
1714 1216 1752 1245 et
1777 1207 1877 1245 civi-

481 1276 552 1314 bus
574 1275 647 1313 suis
669 1276 858 1313 rationem
889 1273 1026 1311 referre
1060 1274 1250 1312 debebat:
1282 1275 1322 1312 in
1353 1273 1423 1311 illo
1453 1273 1564 1312 omni
1594 1273 1764 1326 negotio,
1798 1287 1876 1311 non

481 1341 600 1380 modo
621 1341 763 1386 labore,
798 1339 860 1378 sed
880 1339 996 1377 etiam
1031 1339 1204 1392 periculo
1224 1339 1290 1378 suo
1322 1339 1549 1379 versabatur.
1581 1340 1675 1377 Erat
1704 1338 1794 1384 hoc,
1833 1349 1877 1378 ut

479 1408 582 1453 dico,
604 1406 822 1445 faititatum
844 1405 1006 1458 semper,
1040 1419 1110 1444 nec
1131 1406 1258 1444 solum
1277 1406 1318 1444 in
1350 1406 1492 1450 Sicilia,
1528 1405 1591 1444 sed
1620 1405 1662 1443 in
1691 1406 1875 1444 omnibus

478 1474 714 1528 provinciis;
737 1473 855 1511 etiam
875 1473 916 1510 in
936 1472 1142 1518 sociorum,
1164 1482 1202 1511 et
1222 1473 1453 1512 Latinorum
1474 1472 1662 1525 stipendio
1683 1485 1725 1510 ac
1742 1472 1877 1526 sump-

477 1552 536 1585 tu,
559 1532 660 1585 tum,
683 1554 774 1578 cum
795 1539 954 1577 illorum
975 1539 1128 1577 auxiliis
1160 1539 1217 1577 uti
1239 1538 1468 1578 solebamus.
1501 1539 1619 1576 Verre
1643 1538 1728 1591 post
1747 1539 1876 1591 impe·

480 1609 583 1646 rium
604 1607 860 1645 constitutum
880 1606 1031 1659 primus
1051 1605 1271 1659 imperavit,
1287 1615 1330 1643 ut
1350 1619 1391 1644 ea
1411 1606 1573 1658 pecunia
1591 1605 1718 1643 omnis
1738 1618 1759 1642 a
1778 1606 1876 1643 civi-

479 1674 621 1711 tatibus
644 1673 712 1710 fibi
734 1673 1074 1717 adnumeraretur3
1108 1681 1151 1710 ut
1171 1672 1206 1719 is
1222 1671 1429 1724 pecuniam
1451 1673 1637 1716 tractaret,
1660 1684 1779 1723 quem
1799 1671 1878 1724 ipse

478 1738 712 1791 praefecisset.
751 1738 828 1777 Cui
860 1737 980 1791 potest
1015 1737 1086 1776 esse
1119 1737 1300 1783 dubium,
1336 1737 1591 1790 quamobrem
1625 1747 1663 1774 et
1696 1737 1878 1774 omnium

478 1805 798 1844 consuetudinem
819 1814 987 1842 veterem
1008 1805 1156 1857 primus
1177 1805 1413 1849 immutaris,
1438 1813 1477 1841 et
1497 1812 1645 1841 tantam
1665 1803 1875 1841 utilitatem

479 1885 546 1923 per
565 1872 659 1909 alios
681 1870 880 1908 tractandae
901 1871 1074 1922 pecuniae
1095 1871 1323 1922 neglexeris,
1355 1879 1393 1907 et
1427 1878 1574 1907 tantam
1605 1868 1875 1907 difficultatem

480 1952 570 1975 cum
593 1938 770 1981 crimine,
794 1936 1007 1974 molestiam
1028 1950 1119 1974 cum
1141 1936 1368 1989 suspicione,
1392 1935 1592 1987 susceperis
1613 1933 1626 1970 ?

534 2003 687 2042 Deinde
708 2003 772 2040 alii
794 2002 956 2055 quaestus
977 2002 1245 2047 instituuntur,
1267 2016 1313 2041 ex
1335 2015 1413 2040 uno
1433 2015 1570 2055 genere
1591 2001 1727 2045 navali,
1749 2001 1876 2039 videte

481 2084 599 2123 quam
620 2069 748 2109 multi.
781 2069 968 2122 Accipere
995 2083 1014 2106 a
1033 2069 1255 2107 civitatibus
1276 2069 1472 2122 pecunias,
1494 2081 1541 2106 ne
1563 2077 1693 2107 nautas
1715 2067 1846 2106 darent
1864 2083 1874 2107 t

478 2137 603 2189 pretio
628 2146 733 2174 certo
767 2135 895 2174 missos
926 2135 1049 2173 facere
1068 2146 1224 2174 nautas:
1257 2135 1457 2174 missorum
1490 2148 1608 2173 omne
1642 2134 1877 2187 stipendium

479 2203 618 2241 lucrari
636 2217 644 2241 :
669 2202 840 2255 reliquis,
863 2202 967 2254 quod
988 2202 1156 2248 deberet,
1179 2217 1256 2240 non
1278 2202 1377 2240 dare.
1402 2203 1499 2240 Haec
1520 2202 1651 2239 omnia
1670 2215 1717 2239 ex
1737 2201 1873 2238 civita-

481 2279 566 2307 tum
581 2269 808 2307 testimoniis
822 2266 1054 2320 cognoscite.
1078 2268 1227 2308 Recita.
1252 2270 1559 2306 TEST1MON1A
1579 2279 1871 2304 CIVITATUM.

533 2335 667 2374 XXV.
705 2335 915 2374 Hunccine
935 2333 1169 2372 hominem?
1201 2333 1391 2372 hanccine
1423 2333 1721 2386 impudentiam,
1758 2332 1874 2383 Judi·

478 2416 539 2439 ces
557 2403 568 2437 ?
600 2401 788 2440 hanccine
808 2401 1004 2439 audaciam
1022 2400 1035 2436 ?
1059 2400 1295 2444 civitatibus,
1318 2414 1386 2452 pro
1407 2412 1569 2437 numero
1590 2399 1781 2443 militum,
1803 2411 1873 2451 pe-

477 2469 680 2507 cuniarum
715 2469 883 2507 summas
919 2467 1127 2506 describere
1151 2468 1163 2505 ?
1205 2476 1356 2506 certum
1393 2467 1562 2519 pretium
1581 2495 1591 2511 ‚
1628 2466 1873 2504 sexcentenos

478 2548 660 2574 nummos
684 2565 694 2582 ,
726 2545 930 2574 nautarum
964 2534 1132 2574 missioni
1166 2534 1394 2573 constituere
1412 2533 1425 2570 ?
1461 2546 1558 2587 quos
1594 2533 1662 2586 qui
1696 2532 1873 2578 dederat,
