2201 2792
467 214 544 268 516
961 215 1364 254 ORATIO

464 315 540 359 est;
563 313 662 352 nihil
680 314 749 352 effe
766 314 804 352 in
825 314 978 352 civitate
995 324 1073 353 tam
1094 315 1312 367 diligenter,
1327 328 1444 367 quam
1459 315 1523 368 jus
1539 313 1666 359 civile,
1684 313 1853 352 retinen-

465 382 575 420 dum.
600 381 774 425 Etenim,
797 379 871 418 hoc
888 381 1050 426 sublato,
1072 380 1170 418 nihil
1191 381 1256 426 est,
1276 395 1392 433 quare
1411 381 1655 434 exploratum
1671 380 1854 432 cuiquam

464 447 576 500 poffit
605 447 690 491 effe,
727 447 823 498 quid
842 446 967 491 suum,
1001 455 1066 484 aut
1086 447 1180 499 quid
1200 447 1384 492 alienum,
1415 447 1487 492 s1t3
1518 445 1619 484 nihil
1649 445 1715 491 est,
1749 443 1855 499 quod

464 513 649 566 aequabile
670 514 770 551 inter
790 526 938 557 omnes,
961 522 1076 566 atque
1097 527 1221 551 unum
1239 513 1438 558 omnibus,
1459 512 1529 551 effe
1549 513 1676 566 poffit.

519 582 653 633 Itaque
683 581 723 618 in
754 580 898 618 caeteris
931 580 1191 619 controverfiis
1211 589 1325 633 atque
1339 580 1513 633 judiciis,
1544 593 1636 618 cum
1657 578 1853 631 quaeritur,

463 647 609 700 aliquid
630 646 792 691 faetum,
813 659 933 683 necne
952 645 996 684 fit
1013 665 1024 693 5
1051 659 1200 691 verum,
1222 660 1270 684 an
1289 645 1442 691 falsum,
1465 645 1701 699 proferatur5
1723 653 1762 683 et
1780 643 1852 682 fic-

463 723 524 751 tus
546 713 646 751 testis
667 712 864 751 subornari
884 712 992 757 solet,
1012 721 1050 750 et
1069 713 1220 765 imponi
1240 711 1339 750 falsae
1358 711 1498 751 tabulae
1515 728 1524 751 z
1558 723 1853 763 nonnunquam,

462 778 621 818 honesto
642 793 683 816 ac
715 778 907 831 probabili
937 779 1109 823 nomine,
1141 779 1244 817 bono
1274 779 1370 823 viro,
1396 779 1537 831 judici,
1568 792 1670 816 error
1703 777 1822 830 objici
1837 794 1851 821 3

462 845 642 898 improbo
662 843 825 882 facultas
845 843 939 889 dari,
962 852 1018 888 ut,
1040 857 1131 881 cum
1152 843 1272 882 sciens
1294 844 1704 897 perperamjudicarit,
1740 842 1852 880 testa-

462 921 642 950 mentum
662 919 727 948 aut
746 909 893 949 tabulas
914 910 1063 949 secutus
1084 910 1155 948 effe
1174 910 1358 949 videatur.
1395 912 1440 949 In
1454 912 1542 963 jure
1561 909 1661 949 nihil
1681 909 1733 948 est
1751 907 1852 961 ejus-

462 978 584 1022 modi,
620 977 949 1029 Recuperatores:
981 990 1060 1014 non
1092 976 1230 1015 tabulae
1250 976 1364 1021 falsae,
1399 990 1478 1015 non
1498 976 1599 1015 testis
1619 975 1850 1028 improbus:

461 1044 628 1096 denique
647 1043 768 1081 nimia
788 1042 869 1087 ista,
901 1056 986 1095 quae
1010 1042 1232 1081 dominatur
1250 1043 1290 1081 in
1311 1043 1478 1088 civitate,
1499 1043 1684 1096 potentia,
1714 1042 1756 1080 in
1775 1040 1851 1080 hoc

461 1111 539 1149 solo
559 1123 694 1162 genere
714 1109 904 1162 quiescit;
937 1109 1032 1162 quid
1052 1118 1151 1162 agat,
1182 1109 1380 1162 quomodo
1400 1109 1640 1163 aggrediatur
1657 1109 1850 1161 judicem,

461 1191 536 1230 qua
556 1178 722 1229 denique
743 1176 912 1229 digitum
933 1175 1113 1229 proferat,
1136 1190 1214 1214 non
1234 1176 1366 1215 habet.

517 1242 745 1288 Illudenim
776 1242 899 1294 potest
918 1242 996 1280 dici
1023 1242 1149 1294 judici
1180 1242 1227 1280 ab
1257 1242 1387 1295 aliquo
1418 1256 1496 1281 non
1527 1251 1607 1280 tarn
1636 1240 1853 1280 verecundo

459 1309 635 1353 homine,
663 1322 781 1360 quam
801 1307 965 1360 gratioso
982 1323 991 1346 z
1023 1309 1162 1360 Judica
1181 1307 1257 1347 hoc
1277 1308 1425 1348 factum
1444 1307 1529 1354 effe,
1565 1316 1631 1346 aut
1650 1320 1852 1360 nunquam

459 1376 528 1413 effe
547 1374 707 1418 factum,
729 1373 789 1410 vel
809 1374 1023 1426 cogitatum
1042 1388 1051 1412 :
1084 1374 1194 1412 crede
1213 1372 1307 1412 huic
1328 1374 1411 1412 testi
1429 1389 1438 1412 :
1470 1372 1538 1412 has
1558 1373 1770 1426 comproba
1790 1382 1848 1411 ta-

459 1441 581 1479 bulas.
614 1440 706 1478 Hoc
728 1452 804 1476 non
826 1439 970 1491 potest:
1001 1440 1079 1477 Cui
1096 1439 1198 1477 filius
1218 1449 1375 1493 agnatus
1397 1439 1454 1485 fit,
1475 1441 1556 1492 ejus
1576 1439 1849 1477 testamentum

459 1522 533 1546 non
555 1507 625 1545 effe
646 1516 821 1558 ruptum,
851 1507 1011 1558 judica:
1043 1507 1147 1558 quod
1168 1507 1308 1545 mulier
1328 1506 1404 1545 fine
1426 1515 1551 1544 tutore
1577 1508 1729 1544 auctore
1756 1520 1847 1559 pro-

457 1574 618 1618 miserit,
639 1573 780 1610 deberi.
813 1573 852 1610 N
857 1586 907 1610 on
927 1573 979 1610 est
999 1573 1122 1610 aditus
1144 1573 1190 1611 ad
1210 1572 1434 1626 hujusmodi
1454 1586 1526 1618 res,
1558 1586 1683 1624 neque
1708 1582 1848 1625 poten-

456 1642 518 1679 tiae
538 1639 780 1692 cujusquam,
802 1652 925 1691 neque
944 1639 1098 1691 gratiae:
1127 1640 1305 1692 denique,
1328 1654 1406 1693 quo
1425 1640 1549 1692 majus
1570 1638 1645 1677 hoc
1666 1638 1847 1677 sanetius-

455 1721 529 1760 que
549 1707 732 1751 videatur,
751 1720 798 1744 ne
814 1706 937 1758 pretio
954 1706 1115 1759 quidem
1129 1707 1326 1760 corrumpi
1341 1707 1463 1760 judex
1478 1706 1519 1745 in
1535 1705 1721 1758 ejusmodi
1739 1706 1849 1744 causa.

456 1773 590 1825 potest.
623 1772 695 1810 Iste
725 1772 843 1809 vester
863 1771 978 1817 testis,
1012 1772 1080 1825 qui
1101 1772 1208 1811 ausus
1239 1772 1291 1811 est
1312 1772 1450 1818 dicere,
1472 1771 1601 1825 Fecgffi
1620 1771 1740 1811 videri
1754 1786 1847 1817 eum,

454 1839 500 1876 de
520 1837 603 1890 quo>
620 1852 680 1882 ne,
698 1838 757 1888 cuj
767 1851 806 1875 us
826 1837 878 1874 rei
895 1846 1115 1889 argueretur
1132 1837 1309 1890 quidem,
1324 1837 1417 1876 scire
1436 1837 1628 1891 potuiffet,
1646 1836 1723 1890 ipse
1742 1850 1846 1874 nun-

455 1919 571 1956 quam
593 1905 746 1942 auderet
771 1903 958 1954 judicare,
995 1904 1123 1941 deberi
1144 1905 1225 1942 viro
1246 1904 1392 1948 dotem,
1427 1917 1545 1955 quam
1566 1903 1707 1940 mulier
1734 1902 1848 1941 nullo

453 1972 603 2008 auetore
624 1968 786 2007 dixisset.
812 1970 848 2005 O
869 1981 949 2006 rem
970 1969 1204 2021 praeclaram,
1220 1969 1402 2022 vobisque
1422 1969 1473 2006 ob
1492 1967 1567 2007 hoc
1588 1968 1845 2014 retinendam,

454 2037 752 2088 Recuperatores
772 2034 779 2071 l

508 2102 659 2139 XXVI.
694 2101 810 2152 Qod
832 2101 938 2139 enim
957 2100 1009 2138 est
1022 2102 1087 2154 jus
1107 2101 1248 2139 civile?
1278 2100 1384 2154 quod
1403 2115 1528 2154 neque
1548 2101 1689 2139 inflecti
1710 2101 1847 2154 gratia,

454 2182 577 2220 neque
598 2166 782 2220 perfringi
804 2167 989 2219 potentia,
1012 2181 1137 2220 neque
1158 2167 1358 2205 adulterari
1379 2168 1556 2220 pecunia,
1576 2168 1700 2221 poffit.
1725 2167 1845 2218 Qod

451 2234 476 2271 fi
498 2248 574 2271 non
607 2231 725 2270 modo
755 2232 987 2285 oppreffum,
1019 2232 1080 2270 sed
1100 2233 1217 2271 etiam
1249 2233 1457 2278 desertum,
1488 2243 1552 2271 aut
1583 2233 1845 2285 negligentius

450 2300 700 2343 adservatum,
723 2298 820 2343 erit;
853 2297 952 2336 nihil
973 2298 1038 2343 est,
1071 2299 1175 2350 quod
1195 2299 1398 2352 quisquam
1419 2299 1491 2337 sese
1519 2298 1657 2336 habere
1677 2308 1844 2344 certum,

449 2375 513 2404 aut
534 2380 552 2403 a
572 2375 676 2418 patre
697 2373 960 2417 accepturum,
982 2372 1047 2401 aut
1064 2364 1289 2402 relicturum
1310 2364 1454 2409 liberis,
1475 2364 1692 2402 arbitretur.
1734 2364 1844 2415 Qid

449 2432 553 2470 enim
574 2430 700 2475 refert,
734 2431 844 2475 asdes,
879 2441 943 2469 aut
962 2430 1131 2468 fundum
1153 2430 1328 2468 relictum
1350 2444 1371 2468 a
1392 2438 1512 2483 patre,
1543 2439 1607 2468 aut
1628 2430 1754 2483 aliqua
1779 2444 1840 2468 ra·

452 2500 553 2538 tione
575 2496 712 2536 habere
733 2497 828 2536 bene
848 2507 1019 2550 partum,
1052 2497 1078 2535 fi
1099 2497 1291 2536 incertum
1312 2497 1370 2542 sit,
1402 2511 1487 2550 quae
1513 2510 1606 2536 cum
1626 2497 1758 2536 omnia
1776 2507 1844 2536 tua
