2201 2792
956 381 1036 416 IN

431 526 535 615 Q.
630 521 1562 598 CAECILIUM

625 689 1346 744 ORATIO,

381 860 436 885 DE
475 859 782 887 ACCUSATORE
816 860 867 886 IN
902 849 951 886 C.
983 847 1183 886 VERREM
1218 858 1613 885 CONSTITUENDOI

576 996 694 1032 QUAE
738 984 1128 1024 DIVINATIO
1173 997 1423 1025 DICITUR.

739 1145 1090 1182 ORATIO
1173 1145 1260 1184 IV.

295 1270 331 1308 Ι.
439 1269 458 1308 Ι
486 1270 573 1323 quis
595 1270 776 1317 vestrum,
798 1271 971 1323 Judices,
992 1280 1057 1310 aut
1087 1284 1224 1309 eorum
1245 1270 1313 1323 qui
1333 1270 1482 1314 adsunt,
1506 1269 1604 1309 forte
1624 1271 1701 1308 mi<

345 1263 436 1397 S
467 1347 582 1382 ratur,
601 1351 678 1383 me,
697 1339 766 1390 qui
788 1347 845 1376 tot
860 1352 978 1377 annos
998 1339 1039 1377 in
1057 1337 1191 1382 camis,
1207 1337 1441 1389 judiciisque
1462 1337 1630 1390 publicis
1652 1338 1704 1374 ita

466 1403 538 1441 sim
558 1404 737 1448 versatus,
770 1413 814 1442 ut
840 1403 1080 1443 defenderim
1101 1404 1262 1448 multos,
1297 1403 1457 1441 laeserim
1488 1402 1702 1446 neminem,

298 1467 425 1506 subito
444 1481 549 1506 nunc
569 1477 717 1506 mutata
748 1468 946 1506 voluntate
965 1470 1011 1506 ad
1030 1469 1288 1507 accusandum
1317 1467 1569 1512 descendere;
1601 1468 1647 1512 is,
1678 1467 1704 1505 fi

298 1535 377 1572 mei
397 1535 545 1573 consilii
565 1534 730 1580 causam,
752 1536 1019 1588 rationemque
1039 1535 1277 1587 cognoverit,
1296 1547 1372 1572 una
1391 1543 1428 1572 et
1449 1534 1502 1578 id,
1519 1533 1625 1586 quod
1644 1532 1704 1571 fa-

297 1601 374 1645 cio,
396 1601 588 1652 probabit,
621 1609 659 1638 et
679 1601 719 1638 in
753 1599 825 1639 hac
846 1601 954 1639 causa
979 1599 1151 1654 profefto
1180 1601 1380 1639 nerninem
1400 1599 1704 1652 praeponendum

298 1664 371 1703 effe
390 1665 490 1704 mihi
510 1668 675 1704 ac'torem
695 1667 861 1718 putabit.

354 1733 461 1770 Cum
483 1731 658 1783 Qaestor
677 1731 717 1769 in
737 1732 865 1770 Sicilia
885 1730 1051 1776 fuissem,
1073 1731 1245 1783 JudiCes‚
1267 1731 1396 1783 itaque
1416 1743 1463 1768 ex
1483 1743 1525 1767 ea
1544 1729 1702 1782 provin-

296 1798 357 1837 cia
387 1797 629 1842 deceffifl‘em‚
671 1807 715 1836 ut
745 1798 883 1836 Siculis
914 1797 1096 1836 omnibus
1125 1797 1365 1849 jucundam,
1401 1797 1704 1848 diuturnamque

298 1865 528 1903 memoriam
549 1864 758 1917 quaesturae,
782 1863 1029 1916 nominisque
1049 1865 1127 1902 mei
1144 1863 1403 1916 relinquerem
1420 1882 1430 1908 ;
1463 1861 1609 1900 factum
1635 1862 1702 1907 est,

299 1932 357 1969 uti
376 1945 469 1969 cum
490 1931 689 1969 summum
710 1932 750 1969 in
771 1931 963 1969 veteribus
985 1931 1154 1983 patronis
1177 1930 1326 1975 multis,
1358 1939 1445 1968 tum
1465 1928 1703 1966 nonnullum

298 1997 415 2035 etiam
435 1997 475 2035 in
496 2010 560 2034 me
586 1996 803 2049 praefidium
830 1996 903 2034 suis
921 1995 1086 2034 fortunis
1107 1995 1363 2034 constitutum
1383 1994 1454 2033 effe
1474 1994 1702 2032 arbitraren-

300 2072 387 2101 tur:
416 2064 485 2114 qui
506 2076 608 2100 nunc
631 2063 817 2115 populati,
841 2072 956 2115 atque
977 2063 1115 2107 vexati,
1137 2063 1268 2100 cunfti
1288 2062 1334 2100 ad
1355 2076 1418 2099 me
1434 2061 1589 2114 publice
1610 2061 1703 2114 saepe

299 2137 499 2172 venerunt,
531 2136 575 2165 ut
595 2127 745 2165 suarum
766 2127 1009 2166 fortunarum
1029 2129 1209 2166 omnium
1230 2128 1395 2172 causam,
1421 2127 1701 2165 defensionem-

299 2207 376 2246 que
396 2193 649 2245 susciperem:
683 2207 745 2231 me
766 2194 858 2247 saepe
887 2193 959 2232 effe
978 2195 1216 2248 pollicitum,
1247 2195 1341 2247 saepe
1370 2193 1568 2233 ostendisse
1594 2193 1700 2230 dice-

299 2261 406 2306 bant,
441 2261 469 2298 s1
490 2259 594 2313 quod
625 2270 779 2314 tempus
810 2261 1015 2306 accidisset,
1051 2275 1130 2314 quo
1151 2271 1324 2314 tempore
1349 2260 1498 2312 aliquid
1518 2273 1537 2297 a
1557 2272 1620 2296 me
1640 2271 1699 2295 re-

300 2327 506 2379 quirerent,
527 2328 746 2366 commodis
767 2341 902 2377 eorum
923 2341 986 2366 me
1006 2342 1084 2366 non
1104 2327 1345 2366 defuturum.
1378 2326 1528 2365 Venisse
1545 2334 1698 2376 tempus

300 2392 465 2437 aiebant,
504 2406 583 2432 non
607 2394 691 2446 jam
718 2403 761 2432 ut
792 2394 999 2433 commoda
1033 2393 1108 2439 sua,
1137 2394 1199 2432 sed
1234 2403 1277 2431 ut
1308 2393 1426 2430 vitam
1460 2389 1700 2441 salutemque

302 2458 420 2495 totius
440 2460 646 2510 provinciae
665 2459 910 2499 defenderem
928 2475 937 2499 :
970 2460 1041 2499 sese
1067 2462 1150 2512 jam
1171 2473 1217 2497 ne
1239 2460 1342 2497 Deos
1363 2456 1521 2508 quidem
1552 2455 1593 2493 in
1625 2455 1698 2493 suis

302 2522 478 2567 urbibus,
502 2525 554 2566 ‚ad
580 2539 675 2577 quos
707 2525 974 2578 confugerent,
1006 2526 1172 2570 habese5
1205 2524 1308 2577 quod
1336 2537 1471 2562 eorum
1502 2522 1700 2562 simulacra

383 2589 421 2627 T
437 2601 460 2627 0
477 2601 528 2628 M.
560 2591 631 2629 IV.
1367 2591 1395 2627 P
