2201 2792
594 115 942 162 ACTIONIS
983 114 1040 156 ΙΙ.
1098 114 1310 155 LIBER
1342 117 1396 155 II.
1624 128 1698 158 221

348 223 468 263 Dicet
487 219 641 272 aliquis,
672 217 782 268 Qid
801 230 892 270 ergo
909 215 951 254 in
970 214 1047 253 hoc
1067 213 1231 252 Verrem
1257 213 1514 266 reprehendis,
1537 215 1605 266 qui
1626 229 1705 255 non

293 290 413 330 modo
431 287 510 341 ipse
531 285 595 325 fur
614 299 692 324 non
712 284 779 329 est,
807 283 870 323 sed
888 295 937 320 ne
956 282 1078 320 alium
1099 280 1260 333 quidem
1280 279 1402 333 paffus
1423 280 1476 318 est
1494 279 1565 318 effe
1583 281 1595 317 ?
1627 284 1706 320 At-

292 355 440 395 tendite
457 368 467 392 :
493 353 577 405 jam
597 351 824 404 intelligetis
858 348 960 388 hanc
980 348 1202 402 pecuniam,
1238 360 1314 399 qua
1332 346 1393 384 via
1412 346 1531 384 modo
1550 346 1627 384 visa
1653 348 1708 386 est

263 442 266 445 ⁴
293 421 397 460 exire
416 419 464 458 ab
484 419 569 464 isto,
591 418 725 456 eadem
745 415 879 454 semita
898 413 1101 454 revertiss‘e.
1134 412 1245 463 Qid
1275 412 1382 450 enim
1401 412 1414 449 ?
1446 411 1582 450 debuit
1603 413 1706 451 Prae-

293 495 368 532 tor,
390 500 483 525 cum
503 485 664 524 confilio
691 497 730 522 re
749 483 919 536 cognita,
952 482 1064 534 (cum
1084 478 1341 532 comperisset,
1364 479 1476 517 suum
1503 479 1708 525 comitem,

287 554 404 606 juriS‚
425 553 582 597 decreti,
598 550 742 603 judicii
761 549 1037 602 corrumpendi
1057 547 1182 592 causa,
1207 560 1285 598 qua
1304 546 1346 584 in
1365 559 1405 583 re
1425 545 1540 598 ipfius
1562 546 1709 584 Praeto-

294 620 346 660 ris
367 628 499 672 caput,
531 617 843 669 existimatIOque
873 624 1060 668 ageretur,
1095 613 1302 667 pecuniam
1322 611 1518 665 accepiffe,
1549 611 1711 651 Bidinos

295 695 425 724 autem
460 693 595 723 contra
614 683 790 722 Praetoris
822 681 984 727 famam,
1018 694 1062 719 ac
1095 680 1270 718 fortunas
1300 678 1459 730 dediffe)
1491 691 1569 716 non
1601 687 1640 716 et
1670 678 1712 716 in

294 766 399 797 eum,
416 751 486 804 qui
505 749 721 803 accepiffet‚
742 746 1062 792 animadvertiffe‚
1084 755 1122 785 et
1140 746 1181 785 in
1202 759 1280 791 eos,
1303 745 1372 797 qui
1392 743 1605 783 dedissent?
1628 746 1711 790 Tu,

288 820 365 873 ‚qui
395 819 609 857 institueras
640 817 681 855 in
701 830 766 856 eos
785 815 1100 860 animadvertere,
1136 814 1206 866 qui
1238 826 1438 866 perperam
1466 810 1711 864 judicassent,

297 886 403 939 quod
423 885 518 939 saepe
548 898 614 938 per
644 883 949 937 imprudentiam
971 881 1029 927 fit,
1060 880 1132 919 hos
1164 880 1303 933 pateris
1324 880 1487 932 impune
1507 878 1713 923 discedere,

298 953 369 1006 qui
387 953 439 990 ob
460 962 574 990 tuum
595 951 810 995 decretum,
844 949 896 988 ob
927 958 1044 987 tuum
1070 947 1283 1001 judicium,
1305 945 1511 999 pecuniam
1532 953 1597 983 aut
1617 944 1712 983 dan-

298 1019 403 1063 dam,
423 1026 490 1055 aut
509 1016 777 1069 accipiendam
796 1023 976 1068 putarant
995 1015 1008 1051 ?

356 1083 510 1123 XXIV.
542 1082 745 1120 Volcatius
765 1080 872 1118 idem
892 1079 996 1133 apud
1027 1087 1064 1117 te
1084 1077 1210 1131 postea
1235 1076 1326 1122 fuit,
1358 1090 1475 1130 eques
1496 1077 1714 1121 Romanus,

299 1157 405 1189 tanta
424 1157 580 1201 accepta
609 1146 841 1200 ignominia.
886 1146 995 1184 Nam
1015 1144 1112 1197 quid
1132 1144 1185 1182 est
1216 1144 1366 1196 turpius
1397 1143 1582 1195 ingenuO,
1618 1141 1716 1194 quid

301 1216 432 1254 minus
455 1214 578 1252 libero
594 1213 775 1265 dignum,
809 1224 929 1263 quam
949 1211 990 1248 in
1011 1218 1205 1248 conventu
1226 1210 1402 1248 maximo
1432 1209 1521 1261 cogi
1547 1222 1567 1245 a
1586 1208 1715 1260 magi-

301 1282 417 1321 stratu
450 1279 602 1319 furtum
638 1277 824 1317 reddere?
855 1277 940 1330 qui,
974 1277 1001 1315 fi
1035 1290 1081 1314 eo
1101 1276 1232 1315 animo
1251 1275 1354 1320 effet,
1392 1289 1470 1327 quo
1498 1288 1575 1312 non
1597 1274 1718 1313 modo

302 1360 420 1400 eques
440 1347 659 1391 Romanus,
695 1345 759 1383 sed
779 1343 908 1397 quivis
929 1343 1028 1382 liber
1047 1343 1161 1381 debet
1181 1341 1266 1387 effe,
1302 1341 1492 1394 adspicere
1519 1349 1557 1378 te
1589 1341 1718 1393 postea

253 1410 257 1413 Δ
302 1427 381 1453 non
401 1412 609 1466 potuiffet:
641 1410 843 1455 inimicus,
876 1409 994 1449 hostis
1015 1408 1118 1453 ess‘et,
1152 1417 1257 1447 tanta
1287 1407 1527 1446 contumelia
1547 1416 1717 1459 accepta,

303 1480 372 1520 nisi
394 1489 527 1519 tecum
547 1477 764 1523 collufiffet‚
791 1485 830 1516 et
850 1485 925 1515 tuae
946 1476 1075 1530 potius
1096 1475 1373 1514 existimationi
1391 1473 1566 1518 servifi‘et,
1598 1487 1718 1526 quam

304 1546 391 1586 suae.
429 1545 513 1598 Qi
534 1558 653 1597 quam
675 1544 749 1582 tibi
768 1543 917 1582 amicus
938 1556 1016 1581 non
1037 1542 1157 1581 modo
1178 1551 1265 1579 tum
1285 1540 1416 1585 fuerit,
1448 1539 1637 1592 quamdiu
1658 1550 1718 1578 te-

305 1627 399 1652 cum
417 1613 459 1651 in
479 1611 676 1665 provincia
694 1610 785 1655 fuit,
806 1624 944 1648 verum
963 1610 1081 1648 etiam
1103 1614 1207 1647 nunc
1228 1609 1287 1653 fit,
1309 1622 1402 1646 curn
1417 1608 1501 1659 jam
1522 1621 1543 1644 a
1573 1607 1719 1646 caeteris

306 1679 442 1718 amicis
463 1678 508 1715 fis
530 1677 698 1720 relidffls,
730 1685 767 1713 et
803 1683 845 1712 tu
864 1675 1067 1726 intelligis,
1098 1683 1137 1711 et
1163 1687 1233 1711 nos
1267 1673 1482 1711 existimare
1503 1671 1717 1724 poffumus.

308 1746 372 1783 An
393 1743 468 1782 hoc
489 1742 616 1781 solum
649 1749 924 1794 argumentum
955 1739 1021 1784 est,
1057 1738 1157 1777 nihil
1176 1739 1247 1777 isto
1278 1738 1525 1790 imprudente
1554 1736 1717 1782 factum,

308 1811 414 1864 quod
431 1809 632 1848 Volcatius
664 1809 699 1846 ei
720 1822 797 1846 non
819 1806 1033 1845 succensuit
1051 1806 1064 1842 ?
1101 1807 1207 1859 quod
1238 1805 1304 1843 iste
1324 1817 1393 1843 nec
1415 1805 1455 1842 in
1477 1803 1718 1849 Volcatium,

308 1891 378 1917 nec
399 1878 440 1915 in
461 1876 620 1915 Bidinos
642 1874 913 1913 animadvertit
931 1874 944 1911 ?

365 1944 433 1982 Est
453 1956 642 1995 magnum
662 1949 939 1994 argumentum
958 1958 969 1985 3
992 1953 1127 1978 verum
1148 1938 1247 1976 illud
1268 1937 1500 1982 maximum,
1515 1936 1620 1989 quod
1642 1937 1720 1975 illis

310 2010 397 2063 ipsis
419 2009 582 2054 Bidinis,
611 2009 754 2061 quibus
785 2008 903 2045 iratus
925 2005 995 2044 esse
1026 2005 1175 2049 debuit,
1222 2014 1266 2042 ut
1298 2018 1317 2041 a
1348 2005 1490 2056 quibus
1513 2003 1719 2055 comperit,

312 2075 417 2127 quod
443 2076 529 2126 jure
565 2087 674 2127 agere
703 2087 795 2111 cum
827 2073 1008 2125 Epicrate
1042 2071 1143 2109 nihil
1175 2070 1323 2122 poffent
1340 2099 1350 2115 ,
1388 2069 1533 2108 etiamsi
1568 2069 1718 2113 adeffet,

310 2142 457 2180 idcirco
490 2139 603 2178 suum
636 2139 834 2177 decretum
867 2137 1030 2190 pecunia
1060 2137 1130 2175 effe
1171 2146 1363 2175 tentatum
1379 2155 1392 2181 ;
1434 2135 1510 2180 his,
1542 2137 1718 2187 inquam,

311 2208 400 2261 ipsis
422 2221 500 2246 non
533 2206 652 2245 modo
672 2206 781 2243 illam
814 2204 1092 2249 haereditatem,
1129 2218 1213 2256 quae
1235 2203 1409 2256 Epicrati
1444 2212 1608 2246 venerat,
1641 2201 1718 2244 sed,

313 2282 358 2312 ut
391 2273 431 2311 in
453 2273 638 2312 Heraclio
659 2271 902 2324 SyracusanO,
937 2271 1033 2308 item
1064 2271 1105 2308 in
1138 2269 1229 2315 hoc,
1265 2270 1381 2322 paulo
1402 2269 1519 2306 etiam
1540 2266 1719 2310 atrocius,

314 2340 421 2392 quod
441 2340 638 2392 Epicrates
670 2338 882 2391 appellatus
903 2337 1065 2375 omnino
1086 2351 1164 2375 non
1184 2346 1275 2381 erat,
1311 2336 1409 2372 bona
1427 2334 1561 2386 patria,
1591 2330 1719 2368 fortu-

315 2405 456 2457 nasque
476 2406 556 2458 ejus
578 2406 726 2444 Bidinis
749 2404 918 2443 tradidit.
952 2403 1132 2442 Ostendit
1151 2403 1257 2440 enim
1280 2414 1379 2438 novo
1410 2399 1542 2441 modO,
1574 2396 1599 2434 fi
1632 2396 1720 2448 quis

315 2471 412 2524 quid
435 2473 482 2513 ab
512 2471 663 2512 absente
690 2481 850 2526 peteret,
883 2471 919 2510 se
939 2470 1177 2510 auditurum.
1214 2467 1374 2506 Adeunt
1394 2463 1550 2504 Bidini:
1583 2472 1722 2516 petunt
