2201 2792
525 207 599 247 208
951 205 1040 243 IN
1111 204 1490 244 VERREM

522 308 666 345 urbano
686 306 731 344 ad
744 304 986 344 everrendam
1009 304 1246 356 provinciam
1265 305 1429 355 venerit)
1451 303 1578 342 statim
1598 303 1770 343 Messana
1789 304 1914 344 literas

522 373 703 412 Halesam
721 371 861 414 mittin
885 383 976 421 quas
997 382 1067 420 ego
1082 368 1197 406 istum
1214 369 1256 405 in
1276 368 1385 406 Italia
1399 367 1576 421 scripsisse
1595 369 1768 407 arbitror.
1792 369 1914 414 Nam,

519 439 632 478 simul
651 447 766 490 atque
785 450 804 474 e
835 436 921 473 navi
941 434 1101 487 egreffus
1122 434 1188 478 est,
1209 433 1315 471 dedit
1334 447 1502 485 operam,
1524 443 1567 472 ut
1587 434 1790 474 Halefinus
1813 436 1860 473 ad
1879 435 1915 473 se

522 506 601 543 Dio
620 504 806 543 continuo
826 501 989 538 veniret:
1012 499 1047 537 se
1063 499 1109 536 de
1128 497 1346 536 haereditate
1364 498 1462 536 velle
1482 499 1720 552 cognoscere,
1735 513 1820 552 quae
1835 501 1914 552 ejus

521 571 602 609 filio
633 585 653 607 a
683 568 900 622 propinquo
925 565 1086 603 homine
1119 563 1359 616 Apollodoro
1393 562 1613 616 Laphirone
1646 564 1813 603 veniffet.
1859 566 1916 603 Ea

519 647 609 680 erat,
624 636 794 687 Judioes,
814 632 1030 685 pergrandis
1052 630 1228 683 pecunia.
1260 630 1342 668 Hic
1357 628 1411 667 est
1424 630 1519 674 Dio,
1536 629 1706 680 Judices,
1727 643 1831 667 nunc
1846 631 1915 668 be-

521 702 659 740 neficio
680 698 912 752 QMetelli
942 697 1037 735 civis
1059 698 1258 734 Romanus
1289 694 1435 734 factus:
1472 695 1518 732 de
1537 708 1629 748 quo,
1663 695 1798 733 multis
1826 695 1916 734 viris

518 767 707 822 primariis
729 765 899 808 testibus,
917 763 1210 814 multorumque
1229 761 1370 799 tabulis
1384 760 1494 799 vobis
1515 761 1639 814 priore
1654 760 1800 798 actione
1811 760 1916 799 satis-

520 834 664 872 factum
685 832 751 875 est,
788 831 878 868 H-S
901 829 1076 866 undecies
1098 835 1345 865 numeratum
1375 825 1459 871 effe,
1495 835 1539 864 ut
1558 839 1642 864 eam
1674 826 1840 870 causam,
1875 826 1917 864 in

517 912 593 951 qua
614 911 658 936 ne
680 895 894 935 tenuiffima
913 893 1072 945 quidem
1092 892 1281 931 dubitatio
1311 890 1430 944 poffet
1449 890 1533 936 effe,
1566 891 1635 929 isto
1664 891 1919 943 cognoscente

517 964 731 1002 obtineret:
764 970 939 1013 praeterea
959 972 1088 1011 greges
1110 958 1431 996 nobiliffimarum
1450 969 1639 1008 equarum
1658 956 1832 995 abactos:
1854 969 1916 994 ar-

516 1031 636 1083 genti,
652 1028 834 1078 vestisque
854 1025 1023 1077 stragulae
1041 1023 1149 1061 dorni
1168 1023 1274 1074 quod
1285 1021 1416 1066 fuerit,
1433 1020 1504 1058 effe
1519 1020 1730 1074 direptum.
1753 1021 1812 1060 Ita
1823 1021 1916 1060 H-S

517 1096 695 1134 undecies
717 1091 974 1142 QDionem‚
996 1088 1102 1141 quod
1121 1087 1318 1126 haereditas
1338 1087 1374 1124 ei
1391 1085 1613 1131 obvenisset,
1634 1086 1784 1125 nullam
1801 1087 1918 1126 aliam

516 1163 566 1200 ob
589 1160 754 1204 causam,
773 1155 985 1210 perdidiffe.
1018 1154 1155 1205 Qid?
1176 1153 1258 1191 haec
1275 1152 1470 1191 haereditas
1491 1165 1570 1204 quo
1592 1153 1754 1190 Praetore
1773 1153 1914 1191 Dionis

516 1228 600 1265 filio
630 1223 810 1263 venerat?
842 1222 992 1264 eodem,
1014 1233 1093 1271 quo
1111 1219 1263 1263 Anniae,
1292 1219 1338 1256 P.
1359 1218 1482 1255 Annii
1503 1217 1679 1255 senatoris
1700 1217 1788 1255 filiae
1803 1236 1815 1263 5
1848 1231 1915 1257 eo-

515 1294 621 1336 dem,
657 1304 737 1343 quo
769 1289 831 1326 M.
854 1287 990 1338 Liguri
1020 1284 1179 1323 senatori
1195 1302 1207 1329 ς
1240 1285 1288 1322 C.
1318 1283 1518 1321 Sacerdote
1549 1284 1726 1322 Praetore.
1772 1284 1914 1336 Qid?

517 1367 604 1396 tum
625 1368 740 1394 nemo
762 1352 940 1391 molestus
955 1351 1077 1389 Dioni
1097 1348 1247 1388 fuerat?
1269 1362 1348 1388 non
1368 1350 1454 1401 plus
1476 1362 1593 1400 quam
1614 1349 1765 1401 Liguri,
1784 1349 1917 1387 Sacer-

517 1425 605 1462 dote
625 1424 800 1461 Praetore.
833 1419 970 1470 Qid?
1004 1417 1050 1455 ad
1069 1417 1230 1454 Verrem
1250 1417 1336 1469 quis
1357 1415 1496 1454 detulit
1514 1416 1526 1453 ?
1558 1428 1675 1454 nemo
1692 1429 1701 1454 :
1730 1414 1799 1453 nifi
1816 1414 1917 1456 forte

517 1487 740 1529 existimatis
759 1486 793 1524 ei
814 1483 1124 1537 quadruplatores
1145 1483 1191 1520 ad
1211 1481 1355 1521 fretum
1375 1481 1508 1534 praesto
1527 1481 1652 1520 fuiffe.

562 1555 676 1593 V111.
699 1552 762 1591 Ad
783 1551 918 1589 urbem
938 1563 1030 1587 cum
1051 1548 1152 1593 esset,
1175 1548 1334 1593 audivit,
1357 1548 1479 1586 Dioni
1498 1547 1655 1586 cuidam
1676 1545 1806 1585 Siculo
1826 1560 1914 1599 per-

516 1633 697 1673 magnam
716 1616 851 1655 veniffe
870 1615 1149 1653 haereditatem:
1172 1613 1352 1651 heredem
1374 1612 1667 1664 statuasjuffum
1682 1611 1754 1649 esse
1774 1611 1814 1649 in
1830 1611 1916 1651 foro

514 1698 680 1740 ponere;
712 1683 779 1720 nifi
800 1680 991 1734 posuisset,
1023 1679 1165 1717 Veneri
1185 1679 1362 1730 Erycinae
1382 1677 1453 1716 effe
1483 1677 1710 1716 multatum.
1742 1677 1916 1716 Tametsi

516 1752 643 1805 pofitae
677 1749 792 1787 effent
822 1761 867 1784 ex
900 1745 1148 1789 testament03
1181 1744 1340 1797 putabat
1371 1752 1516 1788 tamen,
1547 1743 1734 1795 quoniam
1755 1742 1914 1781 Veneris

517 1830 659 1855 nomen
685 1814 787 1858 esset,
818 1811 969 1851 causam
1000 1810 1172 1864 pecuniae
1203 1809 1238 1847 se
1272 1818 1527 1862 reperturum.
1572 1809 1707 1860 Itaque
1738 1808 1911 1860 apponit,

516 1885 584 1935 qui
605 1891 708 1935 petat
726 1878 868 1916 Veneri
883 1877 1060 1927 Erycinae
1079 1876 1186 1912 illam
1207 1874 1482 1912 haereditatem.
1505 1873 1600 1912 Non
1620 1872 1725 1911 enim
1739 1872 1914 1924 Qaestor

515 1949 612 2000 petit
646 1949 707 1997 (ut
727 1944 779 1981 est
799 1941 1052 1991 consuetudo)
1075 1940 1120 1984 is,
1152 1939 1220 1991 qui
1240 1939 1457 1990 Erycinum
1488 1946 1665 1976 montem
1686 1938 1911 1978 obtinebat:

515 2014 613 2066 petit
634 2011 791 2050 Naevius
809 2007 961 2060 Turpio
981 2005 1154 2058 quidam,
1171 2005 1275 2042 istius
1296 2004 1474 2042 excursor
1489 2013 1527 2041 et
1547 2003 1769 2048 emissarius,
1791 2002 1914 2043 homo

516 2077 712 2119 omnium,
748 2087 793 2111 ex
815 2072 883 2110 illo
903 2080 1111 2115 conventu,
1145 2069 1489 2123 quadruplatorum
1509 2068 1751 2112 deterrimus,
1776 2069 1824 2107 C.
1844 2069 1914 2107 Sa-

516 2143 668 2182 cerdote
690 2142 851 2179 Praetore
872 2136 1149 2175 condemnatus
1171 2136 1412 2188 injuriarum.
1445 2134 1605 2172 Etenim
1626 2142 1703 2172 erat
1723 2133 1914 2185 ejusmodi

516 2208 638 2252 causa,
661 2216 703 2244 ut
725 2205 801 2257 ipse
817 2204 972 2248 Praetor,
994 2215 1087 2240 cum
1103 2210 1287 2253 quaereret
1302 2200 1634 2244 calumniatorem,
1649 2198 1764 2252 paulo
1782 2207 1912 2236 tamen

518 2272 846 2314 confideratiorem
862 2268 1023 2322 reperire
1049 2281 1124 2304 non
1146 2266 1277 2319 posset.
1311 2267 1433 2304 Hunc
1451 2265 1655 2303 hominem
1676 2263 1814 2301 Veneri
1840 2263 1910 2301 ab·-

517 2341 656 2384 solvit;
688 2337 757 2379 fibi
777 2335 1022 2374 condemnat.
1055 2333 1200 2371 Maluit
1221 2332 1400 2370 videlicet
1413 2331 1589 2369 homines
1604 2342 1772 2382 peccare,
1792 2342 1911 2380 quam

518 2410 622 2446 Deos
640 2424 650 2449 ;
683 2404 718 2443 se
737 2403 865 2457 potius
896 2414 916 2438 a
950 2400 1091 2443 Dione,
1124 2398 1229 2451 quod
1259 2411 1338 2437 non
1371 2397 1525 2442 licebat,
1564 2409 1682 2448 quam
1702 2395 1908 2439 Venerem,

517 2472 622 2527 quod
644 2484 719 2510 non
740 2468 961 2512 debebatur,
983 2464 1143 2505 auferre.
