2201 2792
492 189 572 226 444
924 178 1012 217 IN
1085 177 1468 217 VERREM

548 277 731 329 Princeps
753 277 981 315 Cleomenes
1013 278 1053 315 in
1075 278 1307 329 quadriremi
1329 277 1585 331 Centuripina
1605 276 1754 316 malum
1774 274 1884 327 erigi,

491 343 575 380 vela
592 343 685 387 fieri,
712 344 866 395 praecidi
888 343 1083 388 anchoras,
1106 344 1308 395 imperavit
1325 359 1333 381 :
1357 352 1394 381 et
1414 344 1541 389 fimul,
1564 354 1607 382 ut
1627 343 1662 382 se
1682 342 1808 382 caeteri
1828 341 1884 379 se·-

491 419 712 460 querentur‚
735 410 886 461 signum
908 410 985 447 dari
1001 409 1121 461 juffit.
1147 410 1244 447 Haec
1267 410 1521 462 Centuripina
1538 411 1642 448 navis
1662 419 1739 448 erat
1759 409 1884 446 incre-

491 476 603 513 dibili
624 475 815 513 celeritate
836 475 928 512 velis
945 490 952 512 :
976 489 1066 512 nam
1084 475 1188 520 scire,
1204 475 1273 514 isto
1289 476 1467 521 Praetore,
1485 489 1599 514 nemo
1614 484 1775 528 poterat,
1790 473 1885 526 quid

491 555 653 594 quaeque
674 542 777 579 navis
800 543 913 579 remis
935 540 1057 579 facere
1077 542 1197 594 poffet
1215 557 1223 580 ε
1256 542 1320 580 etsi
1342 542 1381 579 in
1402 541 1474 580 hac
1494 542 1742 594 quadriremi,
1764 554 1884 593 prop-

490 617 547 644 ter
575 607 763 645 honorem
784 616 822 644 et
847 608 1009 659 gratiam
1031 607 1269 652 Cleomenis,
1305 608 1470 645 minime
1503 608 1621 646 multi
1652 607 1814 659 remiges
1846 613 1886 642 et

489 673 635 711 milites
656 673 823 711 deerant.
855 673 1035 711 Evolarat
1049 675 1133 726 jam
1153 687 1173 711 e
1193 674 1398 726 conspectu
1416 673 1496 712 fere
1515 673 1667 726 fugiens
1688 672 1884 725 quadrire-

489 741 579 784 mis,
601 754 694 778 cum
713 740 829 777 etiam
852 749 944 777 tunc
965 749 1106 778 caeterae
1128 753 1239 778 naves
1257 741 1322 778 suo
1342 741 1382 778 in
1403 740 1491 778 loco
1511 740 1784 778 moliebantur.

544 807 638 843 Erat
668 806 820 843 animus
853 806 893 842 in
927 805 1114 857 reliquis:
1161 819 1383 857 quanquam
1413 814 1519 843 erant
1549 806 1686 858 pauci3
1722 818 1882 857 quoquo

488 872 606 909 modo
627 871 699 909 sese
728 885 785 908 res
807 869 984 915 habebat,
1018 885 1187 924 pugnare
1219 881 1348 909 tamen
1380 871 1415 909 se
1436 871 1531 909 velle
1551 871 1797 915 clamabant3
1829 881 1881 914 et,

487 937 592 990 quod
615 937 808 989 reliquum
838 938 924 975 vitae
955 938 1175 988 viriumque
1203 936 1321 975 fames
1353 935 1508 982 fecerat,
1541 937 1580 975 id
1614 936 1713 974 ferro
1734 935 1881 989 potissi-

488 1018 598 1042 mum
622 1004 775 1041 reddere
796 1004 989 1041 volebant.
1027 1003 1144 1052 Qod
1165 1004 1190 1041 fi
1213 1004 1441 1042 Cleomenes
1472 1017 1549 1041 non
1577 1012 1682 1041 tanto
1710 1012 1795 1040 ante
1815 1001 1882 1039 fu-

486 1070 609 1122 gisset,
632 1070 759 1123 aliqua
781 1079 909 1107 tamen
930 1070 976 1108 ad
997 1069 1238 1108 refistendum
1262 1071 1356 1108 ratio
1376 1069 1516 1108 fuiss‘et.
1550 1071 1643 1108 Erat
1673 1070 1779 1107 enim
1806 1068 1883 1106 sola

485 1136 552 1173 illa
572 1137 675 1174 navis
698 1136 896 1180 constrata,
917 1144 955 1174 et
974 1136 1027 1173 ita
1043 1149 1195 1188 magna,
1218 1145 1261 1174 ut
1282 1135 1571 1189 propugnaculo
1591 1135 1735 1173 caeteris
1763 1133 1883 1187 poffet

485 1202 578 1240 effe:
603 1216 701 1254 quae,
724 1202 748 1240 si
770 1203 810 1239 in
831 1202 1058 1254 praedonum
1079 1216 1208 1255 pugna
1229 1202 1447 1246 versaretur,
1471 1202 1574 1240 urbis
1596 1201 1708 1239 instar
1725 1199 1879 1244 habere,
1899 1218 1901 1220 ·

484 1269 584 1305 inter
604 1269 690 1306 illos
711 1268 889 1320 piraticos
911 1281 1176 1321 myoparones,
1210 1268 1425 1306 videretur:
1458 1268 1518 1306 sed
1540 1277 1632 1305 tunc
1653 1267 1785 1318 inopes
1818 1279 1878 1303 re-

485 1334 567 1372 lieri
587 1349 608 1372 a
627 1335 738 1379 duce,
759 1333 1015 1387 praefe&oque
1036 1334 1170 1380 clasfis,
1189 1335 1353 1372 eundem
1375 1333 1575 1372 necessario
1595 1332 1748 1371 cursum
1770 1341 1877 1370 tene-

485 1415 523 1439 re
543 1411 757 1454 coeperunt.

539 1468 705 1506 Elorum
740 1468 878 1513 versuS,
917 1477 960 1506 ut
991 1468 1069 1521 ipse
1104 1469 1331 1507 Cleomenes
1346 1497 1357 1513 ,
1388 1469 1441 1507 ita
1474 1468 1600 1507 caeteri
1634 1466 1874 1519 navigabant.

483 1533 625 1586 Neque
644 1533 686 1571 hi
708 1543 833 1572 tamen
863 1543 942 1572 tam
971 1535 1194 1587 praedonum
1212 1533 1413 1587 fugiebant
1432 1535 1639 1586 impetum,
1661 1546 1778 1585 quam
1798 1532 1876 1569 irn-

483 1608 699 1651 peratorem
721 1600 987 1652 sequebantur.
1025 1601 1135 1638 Tum
1156 1610 1199 1638 ut
1220 1600 1382 1653 quisque
1402 1601 1442 1638 in
1462 1599 1555 1652 fuga
1575 1599 1803 1652 postremus,
1825 1598 1878 1635 ita

482 1665 655 1717 periculo
675 1667 851 1718 princeps
878 1676 974 1704 erat:
1003 1666 1235 1719 postremam
1256 1667 1362 1704 enim
1379 1680 1574 1719 quamque
1596 1678 1730 1704 navem
1746 1665 1876 1717 piratae

481 1732 647 1783 primam
662 1733 943 1771 adoriebantur.
967 1733 1024 1770 Ita
1044 1733 1170 1786 prima
1183 1734 1493 1772 Haluntinorum
1514 1733 1617 1771 navis
1639 1731 1877 1784 capitur,cui

480 1808 636 1849 praeerat
656 1799 912 1843 Haluntinus,
944 1797 1066 1836 homo
1099 1799 1254 1844 nobilis,
1288 1798 1542 1837 Philarchus:
1579 1811 1696 1850 quem
1718 1797 1764 1834 ab
1796 1796 1873 1834 illis

480 1865 725 1915 praedonibus
753 1864 961 1902 Locrenses
993 1865 1118 1917 postea
1137 1866 1293 1917 publice
1321 1865 1591 1903 redemerunt:
1623 1878 1669 1901 ex
1699 1876 1778 1915 quo
1807 1875 1873 1900 vos

480 1931 606 1982 priore
627 1931 774 1967 afflone
789 1931 917 1981 jurato
939 1944 1021 1967 rem
1042 1944 1215 1975 omnem,
1238 1931 1479 1982 causamque,
1502 1929 1703 1981 cognostis.
1722 1928 1874 1967 Deinde

480 1996 765 2048 Apolloniensis
786 1996 890 2034 navis
912 1996 1073 2048 capitur,
1095 2006 1132 2035 et
1152 1998 1231 2049 ejus
1252 1996 1451 2050 praefee‘tus
1472 1996 1745 2049 Anthropinus
1765 1996 1871 2034 occi-

480 2063 596 2100 ditur.

535 2128 708 2166 XXXV.
740 2129 839 2166 Haec
860 2129 953 2166 dum
974 2138 1153 2181 aguntur,
1187 2130 1328 2167 interca
1349 2129 1576 2168 Cleomenes
1595 2130 1677 2181 jam
1698 2129 1744 2166 ad
1765 2128 1874 2166 Elori

479 2195 571 2233 litus
593 2204 838 2247 pervenerat5
865 2195 947 2246 jam
982 2195 1054 2232 sese
1074 2196 1114 2232 in
1149 2205 1288 2234 terram
1309 2210 1329 2234 e
1350 2197 1435 2234 navi
1465 2196 1638 2248 ejecerat,
1673 2196 1870 2247 quadrire-

480 2276 663 2314 memque
697 2263 737 2299 in
768 2261 844 2299 salo
865 2260 1115 2299 fluctuantem
1148 2262 1363 2314 reliquerat.
1396 2263 1555 2314 Reliqui
1576 2260 1742 2314 praefesti
1762 2262 1870 2298 navi-

479 2343 562 2373 um,
580 2342 672 2366 cum
693 2329 733 2366 in
754 2337 891 2365 terram
912 2329 1117 2380 imperator
1137 2328 1282 2373 exiffet,
1300 2342 1392 2366 cum
1413 2329 1480 2380 ipfi
1502 2341 1625 2379 neque
1645 2340 1868 2379 repugnare,

480 2408 603 2446 neque
624 2395 720 2432 mari
740 2393 907 2446 effugere
928 2394 1009 2432 ullo
1030 2394 1161 2439 modo,
1184 2394 1344 2447 possent,
1362 2393 1526 2446 appulfis
1548 2394 1593 2431 ad
1614 2393 1778 2431 Elorum
1799 2407 1868 2431 na-

479 2461 604 2505 vibus,
627 2461 880 2499 Cleomenem
912 2459 1098 2514 persecuti
1119 2461 1214 2499 sunt.
1250 2462 1368 2499 Tunc
1389 2459 1612 2512 praedonum
1641 2459 1719 2497 dux
1741 2460 1869 2497 Hera-

479 2527 575 2572 cleo,
611 2537 777 2580 repente,
812 2536 947 2579 praeter
966 2527 1085 2580 spem,
1119 2541 1197 2567 non
1227 2527 1290 2566 sua
1310 2527 1463 2573 virtute,
1497 2526 1559 2565 scd
1591 2526 1696 2564 istius
1717 2526 1870 2565 avaritia
