2201 2792
601 165 948 206 ACTIONIS
991 166 1043 205 11.
1104 165 1314 205 LIBER
1347 167 1399 205 11.
1630 181 1705 220 249

298 266 376 305 Fac
396 264 448 304 ita
467 263 552 303 effe.
584 265 739 303 Tamen
772 264 848 304 hoc
879 264 1083 303 ferendum
1114 264 1224 303 nullo
1244 265 1362 303 modo
1385 264 1452 310 est,
1483 272 1629 304 tantam
1660 266 1707 303 ab

298 332 408 370 sociis
429 332 636 385 pecuniam
657 331 813 378 auferri,
848 341 892 370 ut
911 332 1094 371 omnibus
1115 332 1156 370 in
1187 332 1399 385 angiportis
1420 332 1607 385 praedonis
1630 333 1705 370 im-

297 398 513 450 probiffimi
533 398 661 437 statuae
681 408 889 452 ponantur,
912 413 987 452 qua
1006 399 1071 438 vix
1093 407 1179 437 tuto
1200 399 1347 437 transiri
1368 397 1471 451 poffe
1491 397 1678 436 videatur.

353 465 505 504 LVIII.
528 466 678 503 Verum
710 466 778 504 ubi
810 466 981 510 tandem,
1012 475 1078 504 aut
1107 465 1149 503 in
1175 465 1317 518 quibus
1348 465 1479 503 statuis
1510 464 1578 502 ista
1608 473 1710 502 tanta

298 531 461 584 pecunia
480 531 709 585 consumpta
740 532 820 570 est?
853 532 1129 578 Consumetur‚
1156 533 1322 585 inquies.
1355 531 1512 571 Scilicet
1531 531 1708 584 expecte-

298 611 388 636 mus
408 598 633 652 legitimum
655 599 752 638 illud
773 600 1104 653 quinquennium.
1137 600 1176 637 Si
1195 598 1272 638 hoc
1294 598 1494 638 intervallo
1514 612 1593 636 non
1613 611 1708 635 con-

299 664 501 718 sumpserit
513 684 525 711 ς
558 675 645 704 tum
666 665 832 719 denique
859 680 1003 705 nomen
1023 667 1104 719 ejus
1131 666 1178 705 de
1198 666 1418 720 repetundis
1440 665 1615 718 pecuniis
1637 665 1708 703 sta·

299 738 455 769 tuarum
477 732 635 770 nomine
655 731 885 772 deferamus.
932 734 1036 772 Reus
1058 733 1110 771 est
1129 733 1327 778 maximis,
1357 732 1612 786 plurimisque
1632 732 1709 769 cri-

299 796 474 836 minibus
491 798 531 836 in
546 798 743 850 judicium
764 807 934 839 vocatus.
958 801 1050 839 H·S
1070 813 1156 839 cxx
1174 799 1299 838 millia
1319 813 1366 838 ex
1385 797 1461 838 hoc
1482 811 1561 837 uno
1575 810 1711 851 genere

299 873 410 917 capta
429 865 620 905 videmus.
653 866 692 904 Si
721 867 1001 906 condemnatus
1035 868 1136 913 eris;
1169 881 1262 912 non,
1284 867 1436 920 opinor,
1465 866 1505 904 id
1535 879 1639 918 ages,
1670 879 1712 902 ut

300 929 368 967 ista
400 932 565 984 pecunia
594 933 862 985 quinquennio
891 934 1140 973 consumatur
1171 933 1212 971 In
1242 933 1386 971 statuis.
1425 931 1490 970 Sin
1517 931 1711 969 absolutus

302 996 404 1041 eris;
436 997 522 1049 quis
553 998 627 1035 erit
647 1009 726 1036 tam
747 1011 893 1044 amens,
925 1000 994 1052 qui
1015 1009 1065 1045 te,
1097 1013 1144 1037 ex
1165 1008 1237 1045 tot,
1268 998 1459 1050 tantisque
1480 997 1711 1036 criminibus

301 1062 489 1116 elapsum,
510 1063 593 1116 post
613 1065 928 1117 quinquennium
948 1065 1157 1104 statuarum
1188 1065 1348 1103 nomine
1367 1063 1519 1102 arceffat
1538 1064 1550 1100 ?
1584 1064 1654 1108 Ita,
1685 1063 1711 1101 si

302 1142 429 1182 neque
449 1129 576 1169 adhuc
595 1131 825 1185 consumpta
857 1132 924 1170 ista
948 1133 1114 1185 pecunia
1131 1132 1199 1178 est,
1230 1141 1267 1171 et
1287 1131 1340 1170 est
1359 1130 1605 1184 perspicuum
1635 1143 1713 1169 non

301 1196 581 1250 consumptum
602 1198 662 1243 iri,
692 1198 783 1236 licet
797 1199 880 1250 jam
901 1199 1178 1252 intelligamus,
1200 1199 1398 1237 inventam
1418 1197 1489 1236 effe
1508 1198 1712 1242 rationem,

303 1276 420 1316 quare
449 1273 488 1302 et
508 1264 575 1303 iste
595 1265 686 1303 H-S
711 1277 798 1303 cxx
821 1265 946 1303 millia
972 1279 1050 1304 uno
1069 1279 1206 1318 genere
1227 1265 1456 1310 conciliarit,
1487 1273 1525 1302 et
1544 1267 1687 1317 ceperit
1700 1283 1712 1309 3

303 1340 341 1370 et
360 1332 502 1378 caeteri,
524 1332 550 1370 fi
569 1346 590 1370 a
609 1332 718 1370 vobis
739 1331 815 1371 hoc
835 1333 907 1371 erit
926 1333 1240 1386 comprobatum,
1268 1346 1386 1385 quam
1407 1332 1538 1371 volent
1558 1345 1715 1385 magnas

256 1412 259 1414 ·
304 1396 381 1437 hoc
408 1401 565 1438 nomine
597 1400 778 1452 pecunias
804 1412 938 1453 capere
959 1400 1113 1453 poffint.
1160 1401 1218 1438 Ut
1242 1401 1326 1453 jam
1357 1400 1556 1438 videamur
1587 1413 1663 1437 non
1696 1413 1716 1436 a

305 1467 480 1518 pecuniis
500 1466 696 1520 capiendis
717 1466 896 1514 homines
917 1468 1133 1512 absterrere,
1165 1466 1241 1512 sed,
1269 1481 1361 1505 cum
1382 1479 1520 1520 genera
1539 1466 1715 1519 quaedam

304 1534 556 1586 pecuniarum
588 1534 862 1586 capiendarum
894 1534 1241 1587 comprobarimus,
1271 1533 1427 1572 honesta
1453 1534 1611 1572 nomina
1633 1542 1715 1571 tur-

304 1600 466 1653 piffimis
488 1600 599 1639 rebus
620 1601 833 1653 imponere.

362 1667 538 1711 Etenim,
569 1667 595 1704 fi
618 1668 666 1704 C.
690 1667 826 1704 Verres
850 1667 941 1705 H-S
967 1679 1052 1705 cxx
1076 1667 1200 1705 millia
1219 1668 1426 1721 populum,
1455 1669 1561 1706 verbi
1581 1671 1715 1721 gratia,

308 1733 612 1786 Centuripinum
632 1732 871 1785 poposcisset,
902 1746 1065 1785 eamque
1095 1734 1141 1771 ab
1163 1733 1222 1772 his
1244 1735 1448 1786 pecuniam
1482 1735 1714 1781 abstulissem

308 1813 401 1845 non,
421 1800 572 1853 opinor,
594 1799 683 1838 esset
717 1799 898 1845 dubium,
930 1801 1025 1852 quin
1046 1813 1152 1845 eum,
1185 1800 1208 1838 fi
1231 1810 1318 1838 tum
1343 1801 1381 1838 id
1413 1801 1571 1854 planum
1595 1802 1716 1848 fieret,

308 1867 557 1905 condemnari
590 1865 733 1904 necesse
766 1866 868 1904 effet.
903 1866 1024 1916 Qid,
1057 1867 1083 1904 si
1114 1866 1281 1904 eundem
1303 1867 1494 1920 populum
1518 1868 1608 1906 H-S
1633 1880 1715 1906 ccc

307 1933 433 1972 millia
467 1933 666 1987 poposcit,
712 1946 830 1986 eaque
864 1933 1012 1986 coegit,
1057 1942 1173 1986 atque
1206 1933 1393 1971 abstulit?
1440 1948 1535 1972 num
1572 1935 1719 1974 idcirco

307 2000 535 2045 absolvetur,
567 1999 671 2052 quod
705 2000 940 2053 adscriptum
970 2000 1037 2045 est,
1069 2014 1153 2038 eam
1185 2001 1389 2053 pecuniam
1422 2001 1549 2040 datam
1580 2002 1719 2040 statua-

310 2080 398 2104 rum
431 2066 622 2104 nomine?
655 2079 746 2111 non,
777 2067 942 2119 opinor:
975 2067 1043 2104 nifi
1078 2066 1177 2104 forte
1205 2067 1243 2104 id
1263 2068 1429 2120 agimus,
1462 2082 1539 2106 non
1562 2078 1605 2106 ut
1635 2083 1718 2107 ma-

308 2132 529 2186 gistratibus
550 2132 684 2170 nostris
705 2146 855 2171 moram
875 2133 1103 2186 accipiendi,
1132 2133 1195 2171 sed
1215 2143 1257 2171 ut
1278 2134 1387 2172 sociis
1409 2135 1559 2173 causam
1589 2136 1717 2180 dandi,

310 2199 441 2238 afferre
472 2200 683 2238 videamur.
727 2200 847 2251 Qod
881 2200 907 2238 fi
944 2214 1062 2253 quem
1094 2200 1222 2239 statuae
1252 2215 1484 2255 magnopere
1515 2202 1718 2246 delectant,

310 2276 348 2305 et
369 2267 393 2305 fi
416 2268 503 2320 quis
525 2280 655 2305 earum
675 2265 822 2305 honore
848 2275 885 2305 et
905 2268 1027 2320 gloria
1046 2268 1214 2314 ducitur,
1245 2269 1276 2306 is
1304 2267 1384 2307 haec
1417 2279 1545 2307 tamen
1576 2268 1718 2306 consti-

311 2344 394 2372 tuat
414 2334 557 2373 neceffe
576 2334 655 2379 est;
688 2338 878 2388 primum,
901 2336 1016 2374 averti
1037 2336 1244 2389 pecuniam
1265 2336 1426 2374 domum
1450 2349 1525 2372 non
1547 2334 1718 2387 placere;

312 2401 462 2446 deinde,
494 2400 661 2454 ipsarum
682 2402 891 2440 statuarum
923 2403 1085 2441 modum
1108 2402 1301 2455 quendam
1321 2401 1391 2438 esse
1418 2411 1615 2454 oporteseJ
1653 2401 1719 2438 de-

314 2467 402 2505 inde
422 2467 533 2512 illud,
555 2478 657 2507 certe
677 2470 723 2509 ab
745 2470 891 2516 invitiS,
913 2470 1017 2523 exigi
1038 2484 1116 2509 non
1137 2477 1323 2522 oportere.

397 2535 435 2572 T
451 2549 474 2572 o
491 2547 542 2573 M.
575 2535 646 2574 IV.
1369 2535 1384 2573 I
1405 2534 1417 2572 i
