2201 2792
510 163 585 202 390
931 147 1022 186 IN
1090 146 1473 188 VERREM

560 249 713 287 XLIII.
735 247 870 298 Qud?
903 246 1118 299 Agrigento
1138 259 1266 284 nonne
1285 245 1456 298 ejusdem
1478 246 1522 284 P.
1545 243 1734 297 Scipionis
1755 256 1898 282 monu-

505 326 700 360 mentum,
724 316 875 367 signum
896 313 1091 365 Apollinis
1110 310 1436 365 pulcherrimum,
1466 312 1577 364 cujus
1596 312 1636 349 in
1655 310 1815 354 femine,
1847 309 1898 346 li-

506 383 639 420 terulis
671 381 833 419 minutis
865 379 1065 431 argenteiS,
1100 391 1243 415 nomen
1275 377 1454 428 Myronis
1475 386 1552 415 erat
1578 377 1822 429 inscriptum,
1853 388 1901 413 ex

505 449 716 501 slEsculapii
739 445 1012 498 religiofiffimo
1032 443 1123 482 fano
1142 443 1320 482 sustulisti
1339 444 1352 480 ?
1418 443 1493 481 uod
1512 443 1593 488 iste,
1614 443 1787 494 Judices,
1808 454 1902 479 cum

507 517 608 554 clam
630 514 800 557 feciffet;
832 525 924 550 cum
955 511 1002 548 ad
1031 510 1145 548 suum
1166 509 1286 548 scelus
1318 509 1431 554 illud,
1463 508 1707 561 furtumque,
1738 507 1902 546 nefarios

505 581 691 634 quosdam
713 579 892 617 homines
920 576 1134 629 improbos,
1165 575 1294 620 duces,
1316 585 1430 628 atque
1450 575 1638 628 adjutores
1659 572 1902 617 adhibuiffet‚

506 648 753 686 vehementer
773 653 971 683 commota
990 643 1123 680 civitas
1144 642 1210 680 est.
1243 643 1336 680 Uno
1356 641 1493 679 eodem
1514 650 1687 693 tempore
1707 639 1905 692 Agrigen-

508 717 581 753 tini
602 712 837 752 beneficium
858 709 1048 754 Africani,
1083 709 1312 761 religionem
1343 708 1608 752 domesticam,
1627 714 1903 745 ornamentum

507 783 631 825 urbis,
667 779 861 817 indicium
891 777 1070 820 vi&oriae‚
1107 775 1375 813 testimonium
1409 773 1611 818 societatis,
1644 773 1901 825 requirebant.

510 849 644 898 ltaque
665 845 711 882 ab
733 843 825 887 illis,
847 843 914 894 qui
935 841 1127 894 principes
1149 841 1189 878 in
1210 853 1252 877 ea
1278 840 1432 878 civitate
1451 848 1570 884 erant,
1603 839 1835 892 praecipitur,
1866 846 1904 874 et

509 913 712 965 negotium
747 909 857 946 datur
892 907 1170 958 Qaestoribus,
1217 915 1255 944 et
1287 906 1498 951 AEdilibus,
1529 914 1573 943 ut
1605 906 1722 943 noctu
1754 903 1904 955 vigilias

508 988 663 1031 agerent
693 976 739 1014 ad
760 974 854 1013 aedes
889 973 1034 1011 sacras:
1067 973 1210 1011 etenim
1246 971 1312 1010 iste
1341 971 1547 1024 Agrigenti
1585 970 1717 1022 (credo
1750 977 1907 1022 propter

509 1045 807 1084 multitudinem
828 1041 986 1078 illorum
1014 1038 1239 1083 hominum,
1272 1047 1387 1090 atque
1408 1039 1605 1082 virtutem,
1624 1048 1662 1075 et
1682 1036 1786 1089 quod
1805 1038 1907 1074 cives

510 1111 696 1155 Romani,
728 1109 800 1147 viri
821 1106 953 1151 fortes,
985 1120 1026 1144 ac
1048 1105 1203 1150 strenui,
1235 1114 1271 1143 et
1290 1104 1439 1143 honesti
1470 1104 1656 1157 permulti
1683 1104 1724 1141 in
1744 1102 1813 1140 illo
1834 1116 1907 1155 op-

512 1180 617 1231 pido,
650 1173 961 1228 conjunctiffimo
987 1173 1131 1216 animo,
1163 1186 1253 1210 cum
1286 1172 1373 1224 ipsis
1396 1170 1662 1224 Agrigentinis
1685 1170 1833 1213 vivunt,
1865 1182 1907 1206 ac

508 1242 772 1298 negotiantur)
795 1254 873 1278 non
894 1239 1055 1277 audebat
1074 1239 1202 1291 palam
1224 1238 1370 1283 tollere,
1392 1247 1456 1275 aut
1475 1237 1641 1291 poscere,
1672 1250 1757 1288 quae
1776 1235 1907 1289 place-

508 1314 616 1351 bant.

568 1375 752 1415 Herculis
775 1372 968 1426 templum
989 1371 1041 1410 est
1073 1372 1173 1424 apud
1194 1372 1486 1424 Agrigentinos,
1518 1384 1595 1408 non
1623 1371 1737 1422 longe
1767 1382 1787 1406 a
1806 1368 1905 1413 foro,

509 1445 594 1484 sane
615 1443 786 1481 sanctum
804 1439 903 1492 apud
924 1439 1026 1483 illos,
1041 1447 1079 1476 et
1099 1439 1335 1491 religiosum.
1359 1439 1420 1476 Ibi
1435 1439 1488 1476 est
1507 1451 1554 1476 ex
1575 1451 1644 1476 aere
1662 1436 1909 1474 simulacrum

509 1511 624 1564 ipsius
647 1507 845 1551 Herculis,
882 1519 960 1557 quo
991 1518 1069 1542 non
1100 1503 1213 1542 facile
1237 1505 1452 1557 quidquam
1487 1504 1653 1541 dixerim
1685 1515 1748 1540 me
1778 1500 1910 1540 vidiffe

512 1574 727 1630 pulchrius,
762 1573 927 1625 (tametsi
964 1585 1040 1609 non
1077 1580 1156 1608 tam
1190 1571 1363 1609 multum
1384 1571 1424 1613 in
1456 1570 1534 1608 istis
1570 1569 1681 1607 rebus
1717 1568 1908 1620 intelligo,

513 1657 632 1696 quam
655 1641 778 1679 multa
799 1639 896 1691 vitii)
921 1637 1038 1690 usque
1056 1651 1114 1682 eO,
1137 1638 1307 1688 Judices,
1332 1646 1372 1675 ut
1393 1638 1534 1675 rictum
1551 1637 1646 1688 ejus,
1668 1649 1711 1673 ac
1733 1643 1910 1672 mentum

511 1710 626 1764 paulo
648 1709 691 1746 sit
712 1707 893 1750 atti-itius,
926 1705 1030 1757 quod
1063 1705 1101 1742 in
1124 1705 1316 1757 precibus,
1347 1714 1384 1742 et
1405 1704 1724 1757 gratulationibus
1753 1716 1829 1740 non
1850 1701 1910 1739 so-

512 1777 597 1815 lum
616 1775 654 1813 id
672 1772 854 1817 venerari,
876 1785 1011 1809 verum
1033 1772 1149 1809 etiam
1166 1771 1339 1816 osculari,
1356 1771 1490 1808 solent.
1523 1770 1587 1808 Ad
1606 1768 1681 1807 hoc
1702 1768 1909 1820 templum,

512 1841 721 1881 cum'effet
756 1840 821 1877 iste
842 1838 1061 1891 Agrigenti,
1097 1837 1194 1875 duce
1213 1836 1481 1882 Timarchide,
1516 1844 1685 1889 repente,
1717 1836 1827 1872 noete
1848 1834 1911 1871 in-

515 1908 712 1961 tempesta,
750 1907 944 1944 servorum
976 1913 1213 1942 armatorum
1246 1903 1289 1941 fit
1321 1902 1541 1947 concursus,
1582 1910 1696 1953 atque
1725 1901 1909 1953 impetus.

515 1976 675 2013 Clamor
695 1987 715 2010 a
734 1972 931 2023 vigilibus,
947 1969 1104 2021 fanique
1125 1969 1345 2007 custodibus
1367 1968 1515 2007 tollitur
1534 1983 1542 2006 :
1567 1968 1649 2020 qui,
1672 1967 1800 2020 primo
1820 1980 1912 2004 cum

513 2041 704 2083 obsistere,
735 2051 777 2074 ac
799 2035 1001 2074 defendere
1027 2044 1268 2080 conarentur,
1302 2032 1401 2073 male
1422 2034 1598 2078 mulcati,
1630 2033 1746 2071 clavis
1768 2046 1810 2071 ac
1831 2032 1913 2071 fus-

514 2108 619 2146 tibus
642 2105 892 2157 repelluntur.
927 2102 1057 2141 Postea
1078 2102 1266 2140 convulfis
1289 2101 1491 2154 repagulis,
1523 2099 1760 2152 effractisque
1779 2099 1913 2144 valvis,

514 2172 694 2211 demoliri
716 2171 882 2222 signum,
914 2183 956 2206 ac
989 2169 1160 2206 veffibus
1195 2167 1420 2206 labefactare
1451 2175 1651 2206 conantur.
1685 2167 1834 2203 Interea
1866 2178 1914 2203 ex

514 2241 684 2278 clamore
700 2236 801 2274 fama
822 2235 901 2272 tot-21
924 2235 1016 2271 urbe
1038 2234 1286 2286 percrebruit,
1301 2234 1511 2287 expugnari
1530 2234 1634 2270 Deos
1654 2232 1811 2284 patriOS,
1835 2244 1913 2268 non

515 2306 687 2344 hostium
720 2303 885 2340 adventu
918 2301 1185 2352 nec-opinatO,
1223 2314 1347 2352 neque
1368 2300 1568 2352 repentino
1587 2298 1811 2350 praedonum
1835 2297 1913 2334 im-

516 2382 623 2426 petu,
646 2370 707 2408 sed
728 2384 773 2407 ex
795 2369 925 2412 domo,
959 2376 1074 2419 atque
1094 2365 1251 2404 cohorte
1271 2365 1458 2419 praetoria‚
1478 2378 1637 2403 manum
1658 2362 1914 2416 fugitivorum

519 2438 756 2481 instructam,
778 2444 1043 2486 armatamque
1062 2432 1214 2473 venisse.
