2201 2792
620 183 965 225 ACTIONIS
1002 184 1054 223 ΙΙ.
1114 185 1324 223 LIBER
1361 187 1433 225 IV.
1634 203 1709 242 399

376 287 467 324 LII.
499 285 627 323 Unius
660 285 778 322 etiam
797 285 918 329 urbis,
949 285 1129 322 omnium
1150 281 1435 337 pulcherrimae,
1468 293 1581 336 atque
1602 299 1715 324 orna-

322 351 484 396 tiffimae,
505 350 770 402 Syracusarum
791 350 1047 403 direptionem
1069 350 1401 394 commemorabo,
1423 359 1461 387 et
1481 350 1520 387 in
1543 351 1717 390 medium

320 417 526 470 proferam,
547 417 703 468 Judices
721 435 733 462 ;
766 426 810 454 ut
830 416 1036 469 aliquando
1056 426 1179 455 totam
1199 415 1315 468 hujus
1335 418 1481 469 generis
1503 418 1716 455 orationem

321 484 567 529 concludam,
600 497 643 521 ac
664 483 860 522 definiam.
893 484 1028 522 Nemo
1059 483 1138 521 fere
1158 483 1323 521 vestrum
1344 483 1409 528 est,
1441 484 1551 535 quin,
1575 498 1716 536 quem-

317 551 530 589 admodum
564 559 684 603 captae
717 550 789 588 fint
819 563 839 587 a
859 550 922 588 M.
946 549 1138 588 Marcello
1172 549 1374 600 Syracusae,
1411 550 1506 602 saepe
1537 552 1713 596 audierit,

318 629 600 668 nonnunquam
621 616 738 653 etiam
758 615 798 652 in
820 615 1020 652 annalibus
1053 615 1201 666 legerit.
1235 613 1419 652 Conferte
1453 613 1552 652 hanc
1580 630 1716 668 pacem

317 696 409 720 cum
431 683 499 720 illo
519 681 643 719 bello:
666 679 782 733 hujus
806 681 981 719 Praetoris
1001 681 1226 726 adventum,
1244 694 1336 718 cum
1353 681 1458 718 illius
1475 682 1715 734 imperatoris

316 749 497 786 victoria:
520 747 636 800 hujus
657 746 859 785 cohortem
881 747 1090 800 impuram,
1113 761 1206 786 cum
1227 747 1331 785 illius
1352 748 1523 786 exercitu
1544 749 1712 788 invicto:

316 811 431 866 hujus
452 813 648 858 libidines,
672 826 764 851 cum
785 812 890 850 illius
911 813 1147 851 continentia
1167 827 1176 850 :
1209 813 1255 850 ab
1276 813 1359 857 illo,
1388 813 1454 865 qui
1477 814 1592 866 cepit,
1616 828 1713 852 con-

316 879 411 917 ditas
429 898 440 924 ;
472 879 520 917 ab
540 878 630 924 hoc,
652 879 721 931 qui
741 878 965 917 constitutas
986 879 1147 932 accepit,
1169 888 1296 931 captas
1318 879 1452 916 dicetis
1475 880 1683 930 Syracusas.

370 947 431 984 Ac
455 947 537 998 jam
558 946 625 983 illa
643 946 800 990 omitto,
822 960 906 998 quae
927 945 1087 998 disperse
1117 959 1137 983 a
1156 959 1219 983 me
1241 945 1375 983 multis
1396 945 1491 983 locis
1519 946 1709 991 dicentur,

316 1026 358 1050 ac
389 1013 489 1050 dieta
519 1012 632 1050 sunt:
665 1012 795 1050 forum
831 1012 1164 1064 Syracusanorum,
1198 1013 1303 1064 quod
1337 1013 1498 1050 introitu
1531 1014 1713 1051 Marcelli

315 1093 459 1132 purum
480 1093 500 1116 a
520 1079 621 1117 caede
642 1079 830 1117 servatum
851 1079 916 1124 est,
948 1079 988 1116 id
1009 1079 1173 1117 adventu
1195 1078 1323 1116 Verris
1347 1080 1563 1117 Siculorum
1595 1081 1711 1118 inno-

314 1147 487 1184 centium
509 1146 690 1198 sanguine
711 1145 955 1184 redundasse:
987 1155 1145 1198 portum
1168 1145 1501 1198 Syracusanorum,
1537 1147 1605 1199 qui
1626 1157 1711 1185 turn

314 1220 353 1249 et
373 1212 507 1250 nostris
529 1212 720 1256 claffibus,
742 1220 780 1249 et
800 1210 1161 1263 Carthaginensium
1182 1211 1328 1249 clausus
1350 1210 1490 1256 fuiffet,
1513 1226 1618 1258 eum,
1641 1213 1711 1251 isto

314 1278 493 1322 Praetore,
526 1278 699 1315 Cilicum
734 1277 976 1329 myoparoni,
1018 1277 1335 1329 praedonibusque
1367 1277 1537 1329 patuiffc.
1586 1279 1711 1317 Mitto

312 1341 530 1381 adhibitam
549 1343 630 1381 vim
650 1343 845 1395 ingenuis,
865 1341 1195 1381 matres-familias
1216 1343 1397 1386 violatas;
1421 1356 1505 1394 quae
1527 1353 1625 1388 tum,
1643 1358 1708 1382 ur-

313 1409 360 1446 b'e
379 1418 503 1463 capta,
525 1408 725 1447 commiffa
750 1423 827 1447 non
848 1409 948 1453 sunt,
979 1422 1105 1460 neque
1125 1408 1216 1446 odio
1235 1407 1377 1453 hostili,
1412 1422 1535 1460 neque
1555 1410 1710 1448 licentia

313 1476 487 1521 militari,
510 1489 635 1528 neque
656 1489 763 1514 rnore
784 1475 890 1520 belli,
913 1489 1037 1527 neque
1053 1475 1140 1527 jure
1158 1475 1324 1513 victoriae
1342 1490 1351 1513 ε
1382 1477 1512 1520 mitto,
1535 1477 1706 1529 inquam,

311 1541 393 1581 haec
413 1544 558 1589 omnia,
595 1557 680 1596 quae
711 1543 758 1581 ab
789 1543 859 1581 isto
880 1556 945 1595 per
966 1543 1177 1580 triennium
1199 1541 1363 1595 perfecta
1384 1542 1470 1580 sunt
1489 1558 1498 1580 ;
1531 1557 1586 1588 ea,
1623 1558 1707 1595 quae

311 1610 516 1661 conjunCta
534 1623 626 1648 cum
648 1609 724 1647 illis
746 1609 858 1647 rebus
879 1608 980 1653 sunt,
1002 1609 1048 1646 de
1065 1609 1208 1660 quibus
1229 1618 1336 1646 antea
1355 1609 1450 1654 dixi,
1473 1610 1704 1661 cognoscite.

376 1676 526 1713 Urbem
549 1675 743 1727 Syracusas
765 1675 978 1713 maximam
998 1673 1070 1712 effe
1091 1675 1314 1712 Graecarum
1331 1675 1502 1719 urbium,
1521 1676 1705 1727 pulcher-

311 1742 530 1794 rimamque
550 1742 744 1786 omnium,
766 1741 861 1794 saepe
880 1741 1047 1779 audistis.
1081 1740 1162 1784 Est,
1185 1740 1356 1791 Judices‚
1383 1741 1449 1785 ita,
1473 1750 1515 1778 ut
1535 1741 1702 1780 dicitur:

309 1822 401 1847 narn
433 1819 470 1847 et
501 1809 572 1847 s1tu
593 1809 645 1847 est
664 1822 755 1847 cum
776 1809 945 1854 munito,
980 1817 1066 1846 tum
1087 1821 1134 1846 ex
1154 1808 1263 1845 omni
1283 1808 1402 1853 aditu,
1425 1808 1483 1845 vel
1506 1817 1613 1853 terra,
1646 1810 1707 1847 vel

310 1876 420 1920 mari,
442 1876 621 1928 praeclaro
651 1875 697 1913 ad
716 1875 908 1928 aspectum
928 1893 939 1919 ;
972 1884 1009 1912 et
1036 1883 1170 1927 portus
1202 1873 1318 1912 habet
1339 1888 1458 1927 prope
1478 1874 1517 1911 in
1539 1875 1704 1913 redifica-

309 1942 426 1986 tione,
451 1942 678 1994 aspec‘tuque
699 1941 803 1979 urbis
825 1941 991 1979 inclusos
1010 1959 1021 1986 ς
1045 1941 1127 1992 qui,
1149 1953 1241 1978 cum
1263 1940 1427 1978 diversos
1447 1940 1545 1978 inter
1564 1940 1599 1978 se
1620 1941 1705 1979 adi-

309 2016 371 2044 tus
391 2006 570 2051 habam,
607 2008 646 2044 in
668 2007 774 2045 exitu
795 2008 1099 2059 conjunguntur,
1131 2014 1168 2043 et
1189 2006 1404 2043 confluunt.
1438 2006 1586 2044 Eorum
1608 2020 1703 2044 con-

303 2072 504 2123 juncftione
525 2086 607 2124 pars
629 2073 775 2124 oppidi,
798 2086 882 2124 quae
902 2072 1117 2124 appellatur
1137 2071 1272 2115 insula,
1307 2072 1403 2109 mari
1423 2072 1613 2123 disjuncta
1633 2086 1703 2110 an-

307 2137 432 2190 gusto,
455 2147 571 2190 ponte
593 2138 742 2176 rursum
763 2138 998 2190 adjungitur,
1021 2147 1058 2176 et
1078 2138 1313 2175 continetur.

364 2205 474 2242 LIII.
508 2205 563 2241 Ea
585 2213 687 2242 tanta
707 2204 759 2241 est
780 2204 884 2249 urbs,
908 2213 949 2241 ut
969 2217 1015 2241 ex
1036 2213 1199 2256 quatuor
1220 2203 1380 2241 urbibus
1402 2203 1582 2241 maximis
1604 2217 1701 2241 con-

307 2269 398 2307 stare
419 2270 592 2308 dicatur:
625 2283 788 2322 quarum
812 2283 886 2307 una
905 2269 957 2307 est
975 2283 1029 2314 ea,
1053 2283 1170 2321 quam
1192 2269 1287 2314 dixi,
1317 2269 1462 2307 insula:
1495 2283 1578 2320 qua¹
1599 2269 1699 2305 duo-

308 2337 378 2374 bus
399 2338 586 2389 portnbus
607 2339 745 2382 cincta,
763 2339 801 2375 in
821 2337 1016 2390 utriusque
1036 2346 1167 2390 portus
1189 2337 1344 2381 ostium,
1363 2337 1588 2386 aditumque
1607 2340 1703 2387 pr0—'

301 2403 402 2453 je&a
422 2403 473 2440 cst
493 2418 500 2440 :
535 2405 573 2441 in
596 2418 671 2456 qua
691 2405 830 2442 domus
850 2404 915 2449 est,
937 2418 1022 2456 quae
1053 2403 1150 2456 regis
1173 2403 1356 2441 Hieronis
1377 2401 1466 2445 fuit,
1501 2414 1575 2452 qua
1595 2401 1697 2438 Prae-

309 2477 404 2505 tores
427 2469 482 2506 nti
503 2468 636 2508 solent.
669 2471 712 2508 In
735 2483 776 2508 ea
795 2470 880 2508 sunt
898 2470 991 2509 aedes
1013 2470 1121 2509 sacrae
1141 2468 1386 2521 complures,
1417 2465 1477 2504 scd
1498 2466 1594 2512 duae,
1612 2480 1699 2519 qua:
