2201 2792
541 175 612 226 158
968 174 1057 211 IN
1124 170 1504 210 VERREM

533 269 704 314 veniffet,
736 267 836 307 nihil
857 268 994 306 habuit
1014 282 1138 321 neque
1158 270 1316 322 negotii,
1339 282 1463 320 neque
1483 268 1755 308 controverfiae.
1778 269 1932 314 Verres,

535 335 648 373 fimul
668 348 710 372 ac
733 335 858 386 tetigit
879 335 1130 386 provinciam,
1158 335 1284 373 statim
1306 334 1517 372 Messanam
1538 335 1662 372 literas
1684 334 1802 380 dedit,
1830 336 1933 373 Dio-

536 415 626 439 nem
645 401 829 444 evocavit,
852 400 1145 438 calumniatores
1164 414 1212 438 ex
1231 401 1312 438 finu
1333 400 1399 438 suo
1419 399 1606 453 apposuit,
1634 401 1704 452 qui
1723 401 1830 439 illam
1851 399 1933 439 hae-

537 466 735 503 feditatem
758 466 897 503 Veneri
926 466 1102 516 Erycinae
1134 465 1375 503 commissam
1395 465 1465 503 effe
1485 465 1667 503 dicerent.
1710 467 1798 504 Hac
1828 466 1875 504 de
1895 479 1935 504 re

536 531 698 569 ostendit
718 530 880 582 seipsum
901 531 1165 582 cogniturum.

592 596 748 634 Poffum
780 596 957 648 deinceps
993 605 1113 633 totam
1145 609 1225 633 rem
1246 595 1459 647 explicare3
1491 595 1629 633 deinde
1648 595 1694 633 ad
1714 604 1933 634 extremum

536 662 590 705 id,
627 663 730 713 quod
764 662 917 704 accidit,
949 661 1098 705 dicere3
1144 661 1314 699 Dionem
1347 661 1438 699 H-S
1470 661 1593 699 decies
1625 670 1786 700 centena
1811 661 1935 699 millia

537 727 759 771 numeraffe,
792 737 834 764 ut
869 727 1019 764 causam
1053 727 1298 764 certiffimam
1332 727 1523 764 obtineret
1542 745 1554 771 ;
1596 736 1773 779 praeterea
1802 739 1935 778 greges

537 806 722 844 equarum
753 793 832 843 ejus
860 792 975 829 istum
995 791 1202 843 abigendos
1237 791 1403 837 curaffe3
1434 791 1594 844 argenti,
1628 791 1814 844 vestisque
1842 791 1935 829 stra-

536 858 635 909 gulae
666 858 769 909 quod
803 857 932 901 fuerit,
968 857 1108 895 curaffe
1142 856 1406 895 auferendum.
1457 858 1555 896 Haec
1584 871 1709 909 neque
1741 871 1834 895 cum
1864 870 1937 909 ego

537 923 717 966 dicerem,
747 935 870 973 neque
901 935 992 959 cum
1024 932 1067 960 tu
1100 936 1268 974 negares,
1311 923 1444 974 magni
1471 923 1663 960 momenti
1691 921 1814 960 nostra
1847 921 1937 960 effet

536 988 670 1025 oratio.
722 988 814 1038 Qo
848 996 1021 1038 ternpore
1055 987 1174 1038 igitur
1202 999 1307 1024 aures
1328 987 1450 1037 judex
1477 987 1651 1038 erigeret,
1683 986 1937 1038 animumque

537 1053 746 1090 attenderet
764 1053 776 1088 ?
808 1065 898 1089 cum
922 1052 1001 1089 Dio
1021 1051 1099 1103 ipse
1119 1051 1301 1103 prodiret,
1337 1065 1430 1089 cum
1451 1052 1589 1096 caeteri,
1621 1052 1691 1104 qui
1710 1060 1798 1091 tum
1814 1052 1855 1090 in
1875 1052 1935 1089 Si-

536 1117 625 1154 cilia
645 1116 807 1168 negotiis
829 1116 969 1153 Dionis
1000 1115 1256 1154 interfuissent
1272 1134 1284 1160 ς
1315 1129 1408 1154 cum
1437 1129 1504 1168 per
1537 1130 1600 1154 eos
1627 1116 1725 1169 ipsos
1746 1117 1840 1161 dies,
1871 1129 1938 1168 per

535 1197 631 1234 quos
652 1182 802 1220 causam
824 1182 904 1219 Dio
923 1181 1080 1225 diceret,
1102 1182 1328 1232 reperiretur
1357 1181 1535 1232 pecunias
1556 1181 1747 1233 sumpfiffe
1766 1190 1935 1226 mutuas,

536 1248 695 1285 nomina
726 1247 790 1284 sua
819 1245 994 1297 exegiffe,
1024 1246 1164 1297 praedia
1193 1244 1400 1283 vendidiffe
1417 1264 1429 1289 ;
1475 1259 1568 1284 cum
1594 1245 1734 1284 tabulae
1763 1246 1935 1284 virorum

536 1313 729 1351 bonorum
749 1310 1035 1363 proferrentur;
1067 1324 1174 1356 cum,
1197 1311 1265 1363 qui
1284 1312 1488 1363 pecuniam
1510 1311 1633 1349 Dioni
1653 1311 1851 1356 dederunt,
1874 1312 1935 1350 di-

535 1387 664 1416 cerent
686 1377 814 1428 sejam
837 1385 921 1413 tum
942 1375 1095 1420 audiffe,
1127 1376 1171 1414 eo
1188 1374 1375 1414 ‘nummos
1397 1376 1510 1421 sumi,
1532 1386 1575 1414 ut
1595 1377 1706 1414 Verri
1727 1377 1906 1415 darentur
1920 1395 1933 1422 3

537 1457 628 1482 cum
651 1443 779 1487 amici,
801 1440 982 1494 hospites,
1014 1442 1164 1495 patroni
1185 1443 1340 1486 Dionis,
1362 1441 1540 1480 homines
1560 1441 1825 1487 honestiffimi,
1853 1441 1935 1482 haec

535 1509 668 1547 eadem
689 1508 724 1546 se
754 1507 892 1545 audifl‘e
926 1508 1109 1545 dicerent.
1157 1508 1323 1560 Opinor,
1359 1521 1451 1545 cum
1472 1506 1552 1545 haec
1574 1507 1721 1552 fierent,
1753 1516 1840 1546 turn
1870 1521 1936 1546 vos

536 1574 730 1618 audiretis,
753 1573 847 1611 ficut
868 1573 1047 1618 audistis;
1080 1582 1166 1611 tum
1196 1573 1303 1611 causa
1323 1573 1384 1625 agi
1404 1573 1607 1611 videretur.
1646 1574 1707 1611 Sic
1727 1587 1748 1610 a
1769 1586 1830 1610 me
1850 1572 1936 1612 sunt

537 1641 615 1677 aeta
630 1639 761 1677 omnia
776 1639 899 1690 priore
919 1639 1079 1683 actione,
1097 1648 1139 1676 ut
1159 1640 1199 1676 in
1216 1638 1445 1676 criminibus
1461 1639 1643 1676 omnibus
1661 1638 1815 1676 nullum
1832 1638 1934 1683 effer,

537 1705 578 1742 in
607 1717 685 1755 quo
722 1704 926 1755 quisquam
958 1703 1121 1741 vestrum
1153 1711 1377 1756 perpetuam
1403 1703 1682 1742 accusationem
1713 1704 1934 1755 requireret.

537 1770 653 1822 Nego
674 1783 744 1822 ego
764 1769 835 1807 effe
854 1769 1067 1821 quidquam
1099 1783 1119 1807 a
1149 1769 1305 1808 testibus
1337 1770 1501 1814 dictum,
1536 1769 1640 1821 quod
1672 1778 1737 1807 aut
1769 1768 1936 1808 vestrum

537 1830 708 1887 cuipiam
742 1835 829 1873 effet
863 1834 1090 1879 obscurum,
1126 1844 1190 1872 aut
1224 1834 1451 1886 cujusquam
1483 1835 1640 1872 oratoris
1674 1833 1936 1885 eloquentiam

538 1908 735 1952 quaereret.

595 1966 666 2002 XI.
699 1962 858 2001 Etenim
880 1962 928 2000 fic
950 1975 1012 1999 me
1043 1962 1169 2014 ipsum
1190 1961 1302 2014 egisse
1324 1962 1509 2000 memoria
1529 1962 1678 2007 tenetis,
1707 1971 1750 2000 ut
1768 1962 1808 2000 in
1830 1962 1935 2000 testi-

540 2030 610 2067 bus
633 2028 906 2080 interrogandis
928 2028 1057 2065 omnia
1077 2028 1239 2065 crimina
1260 2041 1527 2080 proponerem,
1549 2038 1587 2065 et
1604 2028 1855 2080 explicarem;
1878 2038 1935 2074 ut,

539 2108 630 2132 cum
653 2107 732 2131 rem
761 2102 879 2131 totam
900 2094 940 2130 in
961 2093 1090 2130 medio
1110 2093 1396 2145 proposuissem,
1429 2102 1515 2131 tum
1536 2093 1700 2145 deniqne
1721 2093 1853 2132 testem
1873 2094 1936 2132 in·

539 2170 783 2212 terrogarem.
808 2160 941 2210 Itaque
961 2173 1036 2196 non
1059 2159 1177 2197 modo
1198 2172 1278 2203 vos,
1296 2159 1437 2211 quibus
1459 2159 1511 2196 est
1524 2160 1795 2211 judicandum,
1814 2159 1938 2198 nostra

539 2227 702 2265 crimina
722 2226 882 2269 tenetis;
914 2225 975 2262 sed
1009 2227 1124 2262 etiam
1146 2225 1312 2277 populus
1338 2226 1538 2263 Romanus
1571 2233 1692 2262 totam
1726 2224 1935 2262 accusatio-

539 2306 644 2337 nem,
677 2292 903 2343 causamque
936 2293 1131 2343 cognovit.
1169 2292 1340 2329 Tametsi
1373 2293 1424 2329 ita
1453 2292 1499 2328 de
1533 2304 1621 2328 meo
1652 2289 1752 2327 faeto
1781 2290 1934 2342 loquor,

539 2359 643 2411 quasi
663 2372 733 2411 ego
753 2358 850 2396 illud
871 2371 955 2396 mea
974 2357 1170 2395 voluntate
1190 2358 1332 2409 potius,
1355 2371 1473 2409 quam
1494 2356 1610 2394 vestra
1631 2356 1769 2408 injuria
1788 2357 1935 2394 adduc-

539 2434 600 2462 tus
620 2423 794 2462 fecerim.

596 2489 872 2542 Interposuistis
907 2489 1177 2533 accusatorem,
1207 2489 1289 2541 qui,
1321 2502 1413 2526 cum
1444 2502 1514 2540 ego
1540 2487 1640 2527 mihi
1672 2501 1693 2527 c
1727 2497 1764 2526 et
1799 2501 1823 2526 x
1855 2487 1934 2525 dies
