2201 2792
589 204 663 243 233
1018 205 1108 243 IN
1176 205 1557 244 VERREM

583 300 735 353 disputo
753 330 763 345 ,
795 302 863 353 qui
884 303 1216 354 quemadmodum
1244 302 1360 341 effent
1379 303 1541 356 accepti,
1562 302 1734 354 Judices‚
1766 302 1921 341 audistis
1941 314 1988 341 ex

582 367 686 420 ipsis.
719 369 824 406 Bona
846 368 913 406 fibi
934 378 1061 420 erepta
1078 368 1149 406 effe
1170 369 1310 408 dixere.

628 435 777 472 Verum
797 434 892 478 haec,
915 435 1102 487 quoniam
1123 436 1310 487 ejusmodi
1330 436 1437 474 causa
1456 434 1544 481 fuit,
1571 435 1724 474 ferenda
1743 436 1854 481 sunt;
1887 432 1987 474 nihil

583 501 737 539 valuiffe
758 503 992 553 aequitatem,
1015 501 1114 540 nihil
1135 502 1451 540 consuetudinem
1470 517 1479 540 ε
1511 503 1650 540 damna
1669 503 1850 554 denique,
1872 501 1987 553 Judi-

583 581 661 612 ces,
684 568 789 606 nulla
807 578 909 605 tanta
929 568 1030 613 sunt,
1054 582 1138 621 quae
1159 583 1236 606 non
1258 569 1329 606 viri
1350 569 1481 613 fortes,
1499 583 1641 621 magno
1660 578 1698 607 et
1717 569 1839 607 libero
1859 568 1990 606 animo

584 634 724 679 affecti,
746 634 901 672 ferenda
920 634 1164 672 arbitrentur.
1203 635 1325 686 Qid,
1348 635 1372 673 fi
1394 635 1589 687 equitibus
1608 634 1796 673 Romanis
1818 648 1896 672 non
1915 633 1988 671 ob-

582 700 716 745 scuris,
737 714 862 752 neque
880 700 1037 752 ignotis,
1058 701 1118 738 sed
1136 699 1302 738 honestis
1322 710 1359 738 et
1379 701 1604 746 illustribus,
1636 714 1772 739 manus
1792 701 1839 738 ab
1860 701 1988 753 Apro-

583 767 664 811 nio,
687 767 756 805 isto
777 768 956 811 Praetore,
986 768 1061 805 fine
1093 768 1170 805 ulla
1202 767 1443 806 dubitatione
1470 767 1754 806 afferebantur?
1787 767 1896 820 Qid
1920 779 1989 813 ex—

583 833 757 885 spectatis
776 833 789 870 ?
811 834 906 885 quid
923 848 943 871 a
963 847 1025 871 me
1046 833 1213 886 amplius
1234 834 1441 872 dicendum
1462 835 1632 887 putatis?
1655 848 1701 872 an
1723 834 1762 872 id
1781 833 1988 886 agendum,

584 909 628 937 ut
648 913 693 937 eo
723 900 883 937 celerius
905 900 952 937 de
983 900 1053 938 isto
1074 900 1338 952 tranfigamus,
1370 915 1450 952 quo
1483 901 1670 939 maturius
1703 901 1749 938 ad
1769 900 1990 953 Apronium

583 965 782 1017 poffimus,
815 966 856 1003 id
877 966 981 1018 quod
1002 980 1074 1018 ego
1094 966 1153 1004 illi
1181 967 1263 1018 jam
1296 967 1335 1004 in
1357 966 1485 1004 Sicilia
1503 967 1702 1019 pollicitus
1723 966 1821 1011 sum,
1856 979 1989 1018 perve-

583 1032 698 1069 nire?
730 1033 797 1084 qui
833 1033 881 1070 C.
916 1033 1168 1077 Mammium,
1200 1033 1381 1083 Judices‚
1414 1032 1565 1070 summa
1598 1034 1738 1071 virtute
1771 1031 1988 1076 hominem,

583 1097 736 1136 summa
762 1098 959 1143 industria,
992 1098 1143 1136 summa
1161 1099 1294 1151 gratia,
1331 1099 1531 1138 Leontinis
1558 1100 1598 1137 in
1632 1099 1794 1152 publico
1824 1098 1990 1137 biduum

584 1165 725 1204 tenuit.
758 1167 889 1217 Atque
924 1165 970 1202 ab
993 1166 1181 1218 Apronio,
1203 1165 1374 1215 judices,
1407 1164 1567 1203 homine
1600 1167 1641 1204 in
1673 1166 1854 1204 dedecore
1885 1173 1989 1209 nato,

583 1231 630 1268 ad
651 1231 935 1283 turpitudinem
955 1231 1130 1275 educato,
1163 1231 1208 1268 ad
1230 1231 1358 1269 Verris
1380 1231 1523 1283 flagitia
1554 1232 1807 1284 libidinesque
1833 1245 1989 1269 accom-

585 1296 758 1342 modato,
780 1297 954 1348 equitem
975 1298 1200 1335 Romanum
1231 1297 1365 1335 scitote
1395 1298 1559 1335 biduum
1580 1298 1669 1336 cibo
1701 1299 1879 1350 tectoque
1898 1311 1990 1350 pro-

583 1362 787 1408 hibitum3
821 1364 985 1401 biduum
1005 1363 1222 1408 Leontinis,
1258 1364 1298 1401 in
1330 1363 1427 1409 foro,
1461 1364 1642 1402 custodiis
1663 1364 1828 1417 Apronii
1862 1373 1990 1402 reten-

584 1438 672 1467 tum
692 1438 807 1481 atque
827 1429 1031 1475 servatum,
1053 1442 1179 1482 neque
1199 1438 1285 1467 ante
1305 1429 1518 1475 dimissum,
1541 1444 1658 1482 quam
1679 1430 1724 1468 ad
1750 1430 1991 1469 conditiones

584 1496 666 1548 ejus
686 1496 864 1548 depactus
885 1495 950 1534 est.

640 1563 774 1601 XXV.
807 1563 914 1600 Nam
936 1563 1030 1614 quid
1060 1576 1131 1614 ego
1166 1562 1212 1600 de
1233 1563 1300 1613 Q
1319 1563 1463 1608 Lollio,
1486 1563 1655 1614 Judices,
1684 1563 1825 1608 dicam,
1861 1563 1991 1616 equite

585 1631 767 1668 Romano
788 1629 951 1682 spectato
982 1639 1096 1682 atque
1128 1628 1318 1667 honesto?
1352 1631 1463 1668 Clara
1493 1644 1549 1667 res
1581 1630 1646 1675 est,
1674 1644 1792 1683 quam
1820 1630 1990 1668 dicturus

585 1697 686 1742 sum,
717 1696 798 1734 tota
819 1696 949 1734 Sicilia
969 1696 1230 1741 celeberrima,
1264 1707 1379 1748 atque
1399 1697 1617 1735 notiflima:
1650 1697 1732 1750 qui,
1759 1710 1852 1735 culn
1873 1705 1992 1735 araret

583 1763 625 1802 in
655 1762 843 1807 AEtnenfi,
875 1776 1045 1815 cumque
1079 1763 1109 1800 is
1142 1776 1228 1815 ager
1256 1763 1431 1815 Apronio
1464 1777 1556 1801 cum
1591 1764 1735 1801 caeteris
1770 1763 1868 1816 agris
1903 1762 1991 1802 esset

584 1818 746 1867 traditus
768 1858 780 1874 ,
825 1828 988 1880 equestri
1018 1837 1142 1866 vetere
1174 1828 1241 1865 illa
1278 1838 1316 1866 et
1350 1829 1572 1866 auctoritate
1606 1837 1643 1866 et
1681 1829 1801 1880 gratia
1839 1827 1989 1873 fretus,

585 1895 791 1934 affirmavit
811 1923 823 1940 ,
854 1893 890 1931 se
929 1894 1152 1932 decumanis
1191 1894 1278 1946 plus
1313 1907 1430 1946 quam
1466 1894 1620 1932 deberet
1641 1923 1652 1938 ‚
1684 1908 1761 1932 non
1793 1894 1989 1933 daturum.

585 1960 771 1999 Refertur
803 1960 883 2011 ejus
915 1959 1037 1997 sermo
1071 1959 1117 1997 ad
1150 1960 1385 2011 Apronium.
1433 1960 1644 1998 Enimvero
1677 1960 1743 1998 iste
1773 1960 1908 2006 ridere,
1948 1973 1992 1998 ac

587 2027 733 2070 mirari,
765 2025 942 2063 Lollium
962 2024 1062 2063 nihil
1094 2025 1140 2062 de
1160 2025 1363 2071 Matrinio,
1395 2024 1493 2064 nihil
1525 2026 1572 2063 de
1591 2026 1734 2064 caeteris
1766 2026 1894 2072 rebus,
1921 2039 1991 2064 au·-

587 2092 694 2131 diffe.
744 2092 876 2130 Mittit
907 2091 952 2129 ad
982 2090 1184 2146 hominem
1215 2093 1427 2137 Venerios,
1462 2091 1568 2144 (hoc
1604 2106 1760 2146 quoque
1793 2092 1991 2138 attendite,

588 2159 819 2214 apparitores
853 2172 873 2195 a
908 2159 1072 2196 Praetore
1103 2159 1302 2210 affignatos
1334 2158 1505 2198 habuiffe
1531 2160 1823 2198 decumanum:
1855 2159 1882 2198 fi
1916 2158 1993 2198 hoc

589 2227 783 2266 mediocre
813 2234 1087 2277 argumentum
1122 2226 1241 2263 videri
1275 2227 1410 2279 potest,
1441 2227 1556 2265 istum
1590 2228 1990 2267 decumanorumno-

587 2294 694 2332 mine
713 2292 761 2330 ad
781 2291 865 2329 suos
886 2291 1048 2343 quaestus
1069 2290 1140 2329 effe
1158 2291 1349 2344 'abusum)
1382 2293 1584 2331 adducitur
1614 2306 1634 2330 a
1650 2292 1839 2336 Veneriis,
1874 2300 1989 2344 atque

588 2359 682 2398 adeo
712 2356 915 2396 attrahitur
935 2357 1086 2396 Lollius
1117 2359 1337 2402 commode,
1370 2372 1461 2396 cum
1482 2359 1679 2411 Apronius
1698 2372 1718 2396 a
1741 2357 1910 2411 palaestra
1929 2372 1990 2397 re-

589 2426 711 2471 disset,
742 2435 780 2464 et
810 2426 852 2464 in
884 2425 1067 2471 triclinio,
1101 2425 1206 2480 quod
1240 2426 1280 2463 in
1304 2425 1388 2464 foro
1409 2427 1535 2464 AEtnae
1565 2426 1754 2472 straverat,
1785 2425 1990 2466 decubuis-

588 2492 656 2531 set.
688 2492 876 2532 Statuitur
909 2492 1061 2532 Lollius
1090 2492 1132 2531 in
1165 2492 1234 2531 illo
1267 2493 1490 2546 tempestivo
1523 2493 1779 2547 gladiatorum
1812 2493 1991 2534 convivio
