2201 2792
598 174 943 214 ACTIONIS
987 175 1039 212 II.
1111 175 1320 213 LIBER
1363 177 1394 214 Ι.
1629 193 1704 234 157

297 274 397 313 mihi
414 288 490 313 non
506 274 562 311 uti
580 286 657 311 non
679 272 813 310 licebit
829 274 841 310 ἓ
865 273 971 311 Nam
987 272 1188 310 accusandi
1205 273 1305 311 mihi
1323 283 1476 327 tempus
1495 276 1581 314 mea
1596 278 1705 317 causa

296 342 429 379 datum
449 339 514 384 est,
538 349 582 377 ut
601 339 745 392 possem
766 340 936 377 oratione
958 339 1043 376 mea
1063 340 1227 377 crimina
1247 340 1477 392 causamque
1498 343 1703 394 explicare.

296 407 386 445 Hoc
407 406 433 444 fi
454 419 531 444 non
552 416 654 451 utor,
670 420 748 444 non
769 406 842 444 tibi
862 406 1043 458 injuriam
1061 405 1174 451 facio,
1194 406 1255 444 sed
1272 407 1317 444 de
1334 421 1423 445 meo
1438 408 1525 459 jure
1541 409 1704 461 aliquid,

294 481 332 510 et
352 473 562 511 commodo
583 471 755 510 detraho.

350 538 512 576 Causam
535 538 656 583 enirn,
679 538 822 590 inquit,
844 537 1024 591 cognosci
1045 546 1208 591 oportet.
1257 539 1313 576 Ea
1337 552 1375 576 re
1395 539 1567 591 quidem,
1601 541 1707 592 quod

294 603 403 642 aliter
421 605 672 643 condemnari
693 618 791 649 reus,
814 605 991 657 quamvis
1013 605 1057 643 fit
1076 619 1231 650 nocens,
1248 619 1326 643 non
1351 605 1489 658 potest.
1522 606 1567 644 Id
1586 607 1708 659 igitur

293 678 337 707 tu
358 670 516 709 moleste
537 671 672 716 tulisti,
702 684 723 708 a
742 685 805 708 me
825 671 973 722 aliquid
994 670 1141 709 saelum
1163 671 1246 717 effe,
1269 686 1348 724 quo
1369 673 1500 710 minus
1521 673 1588 710 iste
1609 687 1706 712 con-

294 736 468 774 demnari
488 736 635 790 poffet?
667 737 789 782 Nam,
811 737 921 775 causa
940 738 1109 790 cognita,
1138 737 1256 776 multi
1275 737 1430 791 poffunt
1450 738 1608 784 absolvi,
1642 740 1706 777 in-

294 802 450 855 cognita
470 802 646 855 quidem,
669 803 919 841 condemnari
941 817 1057 841 nemo
1077 803 1213 856 potest.

348 868 498 907 Adimo
518 869 624 907 enim
645 869 1035 922 comperendinatum
1052 888 1063 914 ;
1096 869 1202 922 quod
1221 867 1339 907 habet
1358 870 1421 908 lex
1441 870 1482 908 in
1503 869 1538 908 se
1564 870 1706 909 moles-

294 932 499 979 tiffimum,
532 935 591 973 bis
611 944 654 973 ut
675 935 784 973 causa
804 935 977 974 dicatur:
1015 936 1120 988 quod
1140 945 1206 973 aut
1238 949 1324 973 mea
1354 936 1462 974 causa
1491 936 1620 988 potius
1655 936 1708 975 est

295 1000 566 1045 constitutum,
588 1014 706 1052 quam
727 1010 793 1038 tua
807 1019 820 1046 3
843 1011 908 1039 aut
929 1000 1055 1039 nihilo
1076 1011 1142 1040 tua
1161 1002 1305 1054 potius,
1327 1015 1446 1054 quam
1468 1016 1565 1041 mea.
1598 1002 1708 1041 Nam

295 1065 322 1102 fi
343 1065 401 1104 bis
430 1067 556 1104 dicere
586 1066 638 1104 est
659 1066 930 1111 commodum,
963 1076 1065 1105 certe
1090 1067 1287 1119 utriusque
1307 1082 1518 1106 commune
1548 1068 1614 1107 est.
1666 1069 1706 1107 Si

295 1144 401 1176 eum,
434 1133 503 1183 qui
522 1132 707 1184 posterius
729 1132 841 1176 dixit,
877 1145 974 1184 opus
1005 1133 1059 1170 est
1088 1132 1263 1184 redargui
1279 1152 1291 1178 3
1324 1133 1549 1171 accusatoris
1584 1134 1707 1180 causa,

296 1206 339 1233 ut
361 1196 418 1234 bis
440 1205 625 1248 ageretur,
648 1196 905 1234 constitutum
925 1197 990 1234 est.
1020 1197 1183 1241 Verum,
1207 1207 1249 1234 ut
1270 1199 1421 1250 opinor,
1441 1199 1607 1237 Glaucia
1625 1200 1707 1252 pri-

296 1275 385 1301 mus
406 1261 513 1307 tulit,
549 1270 593 1299 ut
613 1262 1016 1314 comperendinaretur
1037 1275 1120 1300 reus
1139 1276 1147 1299 :
1180 1272 1290 1300 antea
1308 1264 1367 1300 vel
1383 1264 1549 1314 judicari
1579 1264 1709 1316 primo

294 1337 456 1381 poterat,
475 1328 534 1366 vel
554 1328 721 1381 amplius
743 1328 999 1381 pronuntiari.
1033 1329 1172 1366 Utram
1190 1329 1309 1380 igitur
1328 1339 1438 1382 putas
1455 1329 1581 1381 legem
1603 1331 1708 1369 mol-

254 1417 258 1420 ·
295 1393 465 1432 liorem?
498 1395 651 1446 Opinor
671 1394 779 1432 illam
811 1404 993 1439 veterem,
1030 1408 1105 1446 qua
1136 1394 1194 1432 vel
1218 1395 1297 1432 cito
1317 1395 1475 1439 absolvi,
1512 1395 1571 1432 vel
1605 1396 1709 1434 tarde

297 1461 560 1505 condemnari,
583 1460 735 1498 licebat.
762 1461 850 1513 Ego
872 1461 945 1498 tibi
966 1460 1075 1498 illam
1095 1460 1266 1499 Aciliam
1288 1460 1415 1514 legem
1436 1461 1606 1508 restituo,
1634 1475 1711 1514 qua

296 1528 380 1580 lege
401 1528 517 1566 multi
538 1527 654 1564 semel
682 1528 862 1572 accusati,
892 1527 1008 1565 semel
1029 1527 1129 1565 dicta
1149 1527 1270 1572 causa,
1293 1527 1408 1566 semel
1440 1528 1580 1566 auditis
1602 1529 1708 1566 testi-

297 1594 384 1638 bus,
407 1593 654 1632 condemnati
676 1593 777 1637 sunt,
813 1606 1058 1645 nequaquam
1087 1602 1166 1631 tam
1188 1592 1414 1638 manifestis,
1447 1607 1572 1646 neque
1594 1595 1708 1633 tantis

297 1658 544 1702 criminibus,
567 1659 720 1709 quantis
742 1667 784 1695 tu
805 1659 1059 1695 convinceris.
1104 1659 1202 1695 Puta
1222 1668 1259 1696 te
1280 1673 1357 1696 non
1379 1658 1450 1696 hac
1473 1669 1552 1696 tam
1573 1660 1708 1704 atroci,

298 1723 360 1761 sed
380 1724 446 1761 illa
471 1723 555 1775 lege
587 1723 785 1760 mitiffima
818 1723 968 1760 causam
1001 1723 1141 1760 dicere.
1185 1724 1414 1761 Accusabo:
1447 1725 1705 1776 respondebis.

298 1789 480 1828 Testibus
501 1788 628 1833 editis,
660 1789 712 1825 ita
733 1789 888 1826 mittam
915 1789 955 1825 in
976 1788 1195 1832 confilium,
1228 1798 1283 1832 ut,
1306 1789 1450 1826 etiamsi
1482 1789 1543 1827 lex
1564 1790 1707 1843 ampli-

297 1856 386 1893 andi
405 1854 519 1893 faciat
539 1848 778 1907 potestatem,
810 1863 939 1892 tamen
960 1854 1018 1892 isti
1042 1864 1153 1907 turpe
1173 1855 1241 1892 fibi
1263 1855 1495 1900 existiment,
1525 1869 1602 1894 non
1623 1857 1706 1910 pri·
1769 1905 1773 1909 ζ

297 1935 362 1960 mo
386 1921 573 1974 judicare.

353 1989 405 2027 X.
438 1988 601 2031 Verum,
624 1987 649 2025 fi
671 1986 821 2025 causam
842 1987 1022 2039 cognosci
1042 2000 1139 2040 opus
1159 1987 1225 2032 est,
1247 2001 1434 2040 parumne
1455 1988 1609 2040 cognita
1627 1988 1707 2026 est?

300 2053 611 2098 Diffimulamus,
634 2053 831 2098 Hortenfi,
867 2054 973 2105 quod
1004 2053 1099 2106 saepe
1129 2054 1278 2106 experti
1309 2054 1348 2090 in
1371 2054 1534 2092 dicendo
1561 2054 1706 2093 sumus.

300 2119 401 2170 Qis
434 2131 502 2157 nos
534 2132 766 2171 magnopere
797 2119 960 2156 attendit
988 2133 1174 2170 unquam,
1208 2120 1247 2157 in
1280 2118 1356 2157 hoc
1380 2120 1540 2172 quidem
1573 2134 1709 2172 genere

299 2185 513 2230 causarum,
535 2185 603 2222 ubi
623 2185 769 2236 aliquid
790 2193 979 2237 ereptum,
1008 2194 1072 2222 aut
1092 2186 1264 2223 ablatum
1286 2199 1306 2223 a
1326 2187 1512 2239 quopiam
1534 2187 1706 2225 dicitur?

298 2265 427 2290 nonne
447 2260 512 2289 aut
532 2252 573 2289 in
604 2250 760 2295 tabulis,
793 2259 858 2288 aut
889 2251 929 2288 in
951 2251 1108 2289 testibus
1141 2252 1269 2290 omnis
1289 2254 1503 2305 expectatio
1526 2253 1708 2304 judicum

300 2317 353 2355 est
371 2318 384 2354 ?
416 2317 513 2355 Dixi
533 2317 658 2370 prima
677 2317 839 2362 actione,
870 2330 934 2354 me
960 2318 1122 2369 planum
1144 2318 1215 2356 effe
1234 2317 1441 2362 facturum,
1475 2320 1522 2355 C.
1546 2317 1708 2353 Verrem

302 2383 394 2421 H-S
415 2384 727 2436 quadringenties
756 2373 889 2421 contra
908 2384 1035 2436 legem
1055 2384 1255 2422 abstuliffe.
1289 2383 1397 2434 Qid
1417 2385 1428 2419 ?
1461 2381 1535 2419 hoc
1556 2382 1708 2433 planius

303 2447 472 2498 egissem,
494 2449 521 2486 fi
552 2449 604 2486 ita
623 2449 824 2487 narrassem
841 2450 854 2486 ?
886 2449 966 2487 Dio
987 2450 1145 2502 quidam
1165 2449 1242 2486 fuit
1262 2448 1466 2486 Halefinus
1483 2465 1494 2492 ς
1527 2448 1595 2499 qui
1615 2460 1709 2485 cum

303 2512 384 2563 ejus
404 2512 500 2560 filio,
536 2516 701 2554 Praetore
726 2516 940 2562 Sacerdote,
970 2515 1168 2554 haereditas
1201 2528 1222 2552 a
1250 2512 1469 2566 propinquo
1500 2526 1710 2566 permagna
