2201 2792
581 178 926 219 ACTIONIS
957 179 1012 218 ΙΙ.
1070 179 1281 218 LIBER
1313 181 1386 218 III.
1602 196 1676 238 3²3.

279 279 328 324 se,
351 292 467 332 quam
489 278 684 324 decumas,
702 278 922 316 ablaturum
941 277 1109 323 videbat,
1131 277 1275 317 idcirco
1295 278 1450 331 longius
1471 279 1680 332 progreffus

279 346 343 384 est.
376 347 431 383 At
451 345 626 398 Apronio
646 345 795 398 semper
814 345 900 398 plus
921 344 1038 384 etiam
1058 345 1186 383 multo
1212 345 1277 385 abs
1299 353 1336 383 te
1370 345 1594 398 permiffum
1615 347 1681 391 est,

278 425 395 463 quam
415 411 521 464 quod
541 411 724 450 edixeras.
751 411 957 463 Qantum
977 411 1096 464 igitur
1115 410 1305 464 quaestum
1325 420 1508 464 putamus
1537 410 1683 450 faenum

278 477 349 515 effe
369 491 436 530 per
455 491 560 523 eum,
582 478 648 515 cui
663 477 816 530 quidvis
837 477 993 516 licitum
1013 477 1085 523 fit;
1117 491 1210 516 cum
1231 486 1384 516 tantum
1404 477 1503 517 lucri
1520 477 1683 516 voluerit

279 543 415 582 addere
435 545 481 590 is,
503 544 581 589 cui,
604 544 630 582 fi
651 544 831 582 decumas
851 543 1013 589 emiffet‚
1035 543 1140 582 idem
1159 557 1238 582 non
1254 543 1415 582 liceret?

336 611 547 656 Postremo,
569 611 636 648 illa
655 611 815 664 quidem
846 620 949 649 certe
969 611 1043 649 tibi
1073 610 1225 664 praecisa
1245 610 1411 649 defenfio
1442 611 1508 656 est,
1538 610 1579 648 in
1610 625 1685 664 qua

279 684 323 714 tu
342 677 490 731 semper
519 677 651 715 omnia
685 686 750 715 tua
768 675 883 722 furta,
915 686 1029 730 atque
1049 676 1190 730 flagitia
1223 676 1339 716 latere
1358 677 1460 730 poffe
1480 677 1681 716 arbitratus

279 757 318 782 es
333 762 346 790 5
377 759 504 798 magno
523 754 559 783 te
577 743 737 783 decumas
755 743 939 797 vendidsse'
955 763 966 790 3
987 744 1087 797 plebi
1102 745 1275 784 Romana>
1293 744 1488 799 corficlzqffi’
1502 763 1513 790 5
1535 760 1686 785 annonae

271 811 491 866 prqspexff’.
523 812 619 850 Non
639 811 763 864 potest
782 810 858 850 hoc
889 812 1013 850 dicere
1044 813 1091 857 is,
1122 812 1191 864 qui
1211 825 1348 865 negare
1379 825 1457 850 non
1483 812 1620 865 potest,
1651 813 1686 851 se

280 880 394 917 unius
411 879 491 932 agri
507 879 687 917 decumas
710 893 798 917 xxx
821 878 998 917 millibus
1019 878 1198 918 modium
1218 879 1393 924 minoris,
1409 892 1526 931 quam
1546 890 1685 933 potue-

281 945 344 990 rit,
366 945 596 983 vendidisse:
631 954 674 982 ut
693 946 825 990 etiam,
848 945 872 982 fi
895 945 968 983 tibi
987 944 1064 984 hoc
1084 946 1308 991 concedam,
1340 945 1523 984 Minucio
1542 945 1629 985 ideo
1650 955 1687 984 te

281 1024 358 1049 non
380 1010 582 1055 tradidisse,
606 1012 710 1063 quod
725 1013 808 1063 jam
828 1011 1026 1050 addixiffes
1048 1013 1237 1065 Apronio,
1274 1012 1399 1064 (aiunt
1429 1012 1535 1051 enim
1567 1021 1604 1051 te
1633 1013 1687 1052 ita

281 1076 454 1114 dictitare
468 1095 480 1121 ς
504 1076 608 1128 quod
624 1089 696 1128 ego
716 1078 890 1129 expecto,
912 1077 1108 1130 cupioque
1128 1086 1165 1115 te
1185 1078 1238 1115 ita
1258 1077 1356 1116 illud
1376 1077 1596 1130 defendere)
1620 1091 1685 1116 ve-

282 1156 369 1181 rum
391 1152 434 1182 ut
452 1143 506 1181 ita
524 1143 583 1188 fit,
620 1152 747 1181 tamen
769 1157 845 1181 non
878 1152 985 1196 potes
1012 1143 1103 1189 hoc,
1135 1144 1237 1196 quafi
1268 1144 1493 1197 praeclarum
1523 1144 1685 1197 aliquid,

281 1209 499 1262 praedicare,
522 1222 665 1261 magno
686 1219 722 1247 te
743 1210 922 1247 decumas
944 1210 1164 1255 vendidiffe,
1192 1224 1285 1249 cum
1305 1210 1415 1249 fuiffe
1434 1209 1586 1256 fateare,
1618 1211 1687 1264 qui

282 1276 411 1321 multo
430 1276 551 1329 pluris
572 1276 765 1314 voluerint
784 1290 922 1315 emere.

338 1343 467 1381 LXV.
500 1344 674 1381 Tenetur
693 1343 812 1395 igitur
826 1343 923 1394 jam,
940 1342 1107 1395 judices,
1141 1351 1178 1380 et
1200 1341 1400 1380 manifesto
1432 1352 1580 1381 tenetur
1599 1357 1687 1383 ava-

284 1403 384 1454 ritia,
402 1409 592 1462 cupiditas
613 1408 800 1453 hominis,
822 1409 956 1454 scelus,
973 1409 1213 1461 improbitas,
1232 1409 1398 1447 audacia.
1422 1409 1532 1460 Qid
1547 1409 1573 1447 fi
1588 1408 1688 1455 haec,

284 1489 369 1527 quae
403 1476 505 1521 dico,
540 1475 657 1528 ipsius
692 1475 807 1513 amici
841 1474 1130 1527 defensoresque
1158 1476 1414 1528 judicarunt?
1445 1475 1540 1528 quid
1571 1476 1687 1516 vultis

283 1542 484 1594 amplius?
517 1542 699 1580 Adventu
732 1543 780 1579 L.
804 1542 975 1586 Metelli,
1009 1542 1198 1586 Praetoris,
1229 1556 1323 1580 cum
1353 1555 1488 1580 omnes
1516 1543 1597 1594 ejus
1619 1556 1688 1581 co·-

286 1608 399 1645 mites
435 1607 501 1645 iste
533 1607 601 1645 fibi
637 1607 703 1645 suo
734 1607 802 1644 illo
823 1606 1047 1659 panchresto
1080 1607 1363 1645 medicamento
1383 1608 1527 1646 amicos
1560 1608 1688 1646 reddi-

285 1672 418 1717 diffet;
451 1673 600 1710 aditum
631 1672 683 1709 est
704 1673 749 1710 ad
770 1672 1010 1710 Metellum:
1043 1672 1201 1710 eductus
1227 1672 1279 1710 est
1302 1673 1523 1724 Apronius:
1555 1673 1690 1712 eduxit

287 1740 344 1777 vir
376 1740 578 1792 primarius
601 1739 649 1776 C.
673 1739 841 1784 Gallius,
875 1738 1046 1777 senator:
1081 1738 1282 1791 postulavit
1314 1753 1333 1776 a
1364 1739 1412 1776 L.
1436 1738 1614 1784 Metello,
1645 1748 1690 1777 ut

284 1819 333 1844 ex
353 1805 477 1843 edieto
498 1805 563 1842 suo
589 1804 785 1856 judicium
819 1805 922 1843 daret
948 1805 988 1842 in
1010 1805 1246 1858 Apronium,
1277 1804 1383 1856 ,Qcod
1406 1814 1474 1857 per
1504 1805 1592 1850 vim,
1623 1814 1690 1844 aut

285 1882 414 1910 metum
433 1871 617 1925 ahstulgffi‘t
633 1890 644 1916 ς
677 1885 796 1924 quam
830 1871 1041 1909 formulam
1064 1872 1329 1915 Octavianam,
1366 1880 1402 1909 et
1424 1872 1561 1909 Romae
1596 1872 1689 1910 Me-

288 1939 401 1977 tellus
422 1937 618 1983 habuerat,
650 1948 688 1976 et
721 1937 884 1976 habebat
916 1938 955 1976 in
991 1938 1214 1991 provincia:
1248 1951 1324 1976 non
1359 1939 1566 1990 impetrat3
1598 1952 1690 1977 cum

287 2005 363 2043 hoc
391 2005 534 2043 diceret
565 2005 767 2049 Metellus,
798 2005 1067 2057 praejudicium
1090 2019 1109 2042 a
1129 2005 1164 2043 se
1183 2005 1230 2042 de
1257 2005 1381 2057 capite
1403 2007 1449 2042 C.
1472 2005 1602 2043 Verris
1624 2019 1691 2058 per

286 2070 573 2122 hocjudiciurn
606 2071 709 2108 nolle
743 2070 838 2108 fieri.
870 2072 974 2109 Tota
1004 2071 1158 2109 Metelli
1185 2069 1336 2115 cohors,
1369 2069 1579 2109 hominum
1612 2085 1689 2109 non

288 2138 543 2190 ingratorum,
575 2136 700 2174 aderat
730 2138 920 2189 Apronio.
960 2137 1007 2175 C.
1032 2137 1199 2182 Gallius,
1231 2136 1352 2174 homo
1384 2137 1499 2175 nostri
1530 2139 1690 2182 ordinis,

287 2216 309 2240 a
335 2203 400 2241 suo
421 2201 714 2240 familiariffimo
734 2203 783 2240 L.
805 2203 970 2241 Metello
995 2203 1192 2255 judicium
1228 2216 1274 2241 ex
1306 2203 1430 2240 edicto
1461 2217 1538 2240 non
1570 2203 1690 2255 potest

290 2269 506 2321 impetrare.

316 2335 411 2373 Non
434 2332 668 2387 reprehendo
688 2334 923 2372 Metellum:
957 2334 1127 2387 pepercit
1148 2333 1298 2372 homini
1322 2334 1460 2376 amico,
1493 2343 1528 2370 ct
1549 2346 1689 2384 quem-

289 2400 501 2438 admodum
536 2401 663 2453 ipsum
696 2401 821 2439 dicere
852 2402 994 2446 audivi,
1031 2400 1247 2439 necessario.
1300 2400 1391 2437 Non
1430 2398 1666 2450 reprehendo
1681 2427 1692 2443 ‚

291 2466 466 2518 inquam,
498 2467 734 2506 Metellum:
768 2468 829 2505 sed
849 2466 925 2506 hoc
947 2469 1077 2512 miror,
1114 2465 1324 2518 quomodO,
1358 2465 1404 2501 de
1437 2479 1513 2516 quo
1534 2464 1694 2502 homine

290 2532 556 2585 praejudicium
595 2535 762 2573 noluerit
793 2534 875 2573 fieri
901 2548 966 2587 per
998 2542 1291 2585 recuperatore&
1324 2531 1369 2568 de
1395 2530 1470 2570 hoc
1502 2532 1582 2584 ipso
1617 2545 1693 2570 non

1292 2598 1313 2633 S
1336 2597 1356 2634 s
1371 2610 1391 2635 2
