2201 2792
621 196 788 235 PRO
849 196 894 234 P.
956 194 1390 247 QUINTIQ
1668 214 1712 248 ‘'s'-

359 296 468 349 Qid
488 309 577 348 ergo
599 296 678 334 est?
710 309 840 334 vereor
860 293 1097 340 mehercule,
1120 308 1167 332 ne
1189 304 1253 333 aut
1273 293 1511 348 gravioribm
1530 303 1613 332 utar
1634 309 1718 331 ver⁴

304 366 377 410 bis,
399 378 517 417 quam
538 373 672 402 natura
691 362 779 408 fert,
809 373 875 401 aut
894 363 1120 407 levioribus,
1153 376 1271 415 quam
1293 361 1401 400 causa
1421 361 1601 414 postulat.
1649 362 1717 400 Ais

302 430 373 469 efle
393 431 663 469 vadimonium
683 429 891 468 desertum.
935 430 1121 481 Qaefivit
1141 443 1161 467 a
1181 438 1218 467 te
1235 429 1378 474 statim,
1401 438 1444 466 ut
1464 429 1637 466 Romam
1658 442 1718 466 re-

303 498 388 543 diit,
422 497 627 549 Qintius,
663 511 742 549 quo
772 497 834 534 die
852 496 1123 535 vadimonium
1151 496 1246 534 istuc
1278 494 1426 534 fa&um
1456 495 1527 533 effe
1559 495 1719 532 diceres.

304 565 550 618 Respondisti
581 565 724 609 statim,
759 565 888 603 Nonis
921 564 1136 603 Februarii.
1179 562 1389 602 Discedens
1420 563 1461 601 in
1488 562 1721 600 memoriam

305 632 419 670 rediit
439 631 643 683 Qintius,
681 645 759 684 quo
789 631 851 670 die
879 631 1010 670 Roma
1040 632 1081 669 in
1114 630 1286 669 Galliam
1321 629 1516 683 profe&us
1549 629 1606 667 sit.
1658 628 1722 666 Ad

304 697 596 750 ephemeridem
616 698 831 737 revertitur.
876 698 1077 737 Invenitur
1100 697 1180 737 dies
1201 696 1464 751 profeffionis,
1487 696 1609 749 pridie
1631 695 1720 733 Kal.

305 765 520 804 Februarii.
565 766 694 804 Nonis
714 765 916 804 Februarii
936 765 963 804 fi
985 767 1125 806 Romae
1145 763 1237 810 fuit,
1270 763 1388 803 causa:
1414 762 1515 802 nihil
1536 762 1721 806 dicimus,

306 832 403 885 quin
424 832 497 870 tibi
517 832 787 871 vadimonium
809 832 1043 886 promiserit.

362 899 499 950 Qid?
533 898 609 938 hoc
629 900 796 938 inveniri
816 900 885 953 qui
904 899 1027 953 potest
1045 900 1058 937 ?
1091 897 1291 938 Profectus
1322 898 1375 937 est
1396 911 1472 936 una
1492 898 1541 936 L.
1566 896 1722 940 Albius,

307 963 428 1004 homo
448 965 489 1003 in
510 965 647 1018 primis
668 965 876 1005 honestus:
901 967 1004 1005 dicet
1025 965 1307 1005 testimonium.
1340 964 1537 1004 Prosecuti
1558 964 1644 1002 sunt
1665 961 1724 1000 fa-

309 1031 477 1069 miliares
504 1040 542 1068 et
570 1031 752 1076 Albium,
784 1041 823 1070 et
854 1033 1097 1084 Qintium:
1131 1033 1262 1070 dicent
1296 1031 1337 1069 hi
1359 1044 1517 1084 quoque
1549 1030 1725 1069 testimo-

310 1098 437 1137 nium.
469 1098 608 1135 Literae
629 1098 674 1135 P.
699 1098 870 1148 Qintii‚
907 1097 1016 1136 testes
1039 1107 1110 1143 tot,
1141 1098 1285 1151 quibus
1315 1098 1498 1136 omnibus
1519 1096 1725 1148 causajus-

310 1164 450 1203 tiffima
470 1163 523 1200 est
543 1175 612 1200 cur
633 1162 726 1200 scire
760 1164 973 1215 potuerint,
1009 1164 1118 1200 nulla
1148 1177 1217 1200 cur
1248 1164 1500 1207 mentiantur,
1533 1177 1627 1200 cum
1657 1162 1725 1200 ad-

310 1230 532 1284 stipulatore
561 1238 630 1267 tuo
661 1230 1004 1282 comparabuntur.
1050 1230 1104 1267 Et
1137 1230 1177 1267 in
1217 1228 1290 1267 hac
1320 1229 1509 1281 ejusmodi
1540 1229 1650 1267 causa
1680 1230 1725 1267 P.

311 1298 501 1350 Qintius
523 1295 712 1334 laborabit
731 1296 743 1333 ?
776 1305 814 1334 et
834 1297 980 1334 diutius
1002 1296 1042 1334 in
1063 1304 1172 1334 tanto
1193 1305 1302 1334 metu
1324 1295 1452 1341 miser,
1477 1295 1729 1349 periculoque

311 1364 554 1404 versabitur?
596 1372 634 1402 et
664 1361 932 1402 vehementius
972 1377 1062 1402 eum
1099 1363 1221 1416 gratia
1248 1363 1446 1401 adversarii
1479 1363 1728 1416 perterrebit,

250 1431 254 1434 ’
312 1445 432 1484 quam
459 1431 552 1469 fides
578 1430 722 1483 judicis
743 1430 1033 1469 consolabitur?
1066 1431 1179 1469 Vixit
1199 1430 1306 1468 enim
1327 1430 1476 1483 semper
1502 1429 1650 1468 inculte
1671 1438 1730 1468 at-

311 1513 388 1552 que
407 1498 589 1538 horride:
622 1507 755 1536 natura
790 1498 887 1536 tristi
913 1511 957 1536 ac
988 1497 1186 1537 recondita
1219 1496 1320 1536 fuit:
1353 1511 1432 1536 non
1467 1497 1513 1535 ad
1534 1497 1729 1542 solarium,

313 1579 393 1604 non
413 1566 453 1604 in
474 1578 628 1618 camp0‚
661 1578 739 1603 non
760 1565 801 1603 in
821 1565 1009 1604 conviviis
1030 1564 1195 1603 versatus
1213 1564 1266 1603 est
1283 1579 1293 1603 :
1325 1564 1365 1602 id
1396 1564 1489 1617 egit,
1521 1573 1565 1602 ut
1585 1564 1731 1602 amicos

313 1631 563 1675 observantia,
595 1644 678 1669 rem
711 1630 956 1684 parsimonia,
988 1631 1194 1669 retineret:
1237 1630 1439 1683 antiquam
1470 1630 1592 1668 officii
1613 1629 1731 1667 ratio-

316 1711 407 1735 nem
428 1696 578 1741 dilexit,
610 1697 720 1748 cujus
741 1696 921 1749 splendor
939 1697 1069 1735 omnis
1095 1695 1156 1734 his
1178 1697 1354 1735 moribus
1376 1695 1578 1734 obsolevit.
1610 1698 1679 1739 At,
1705 1695 1732 1732 si

315 1765 356 1802 in
378 1762 488 1801 causa
506 1763 586 1815 pari
609 1762 799 1801 discedere
818 1762 976 1801 inferior
996 1762 1201 1807 videretur,
1221 1770 1351 1800 tamen
1371 1760 1461 1800 effet
1480 1774 1559 1800 non
1578 1760 1732 1800 medio-

315 1830 430 1868 criter
449 1829 767 1882 conquerendum
785 1844 794 1868 ε
815 1842 921 1868 nunc
941 1830 982 1867 in
1002 1828 1111 1867 causa
1130 1828 1335 1882 superiore,
1351 1842 1398 1866 ne
1419 1837 1463 1866 ut
1483 1841 1549 1881 par
1569 1827 1734 1880 quidem

315 1897 375 1941 fit,
397 1896 590 1950 postulat:
622 1894 848 1935 inferiorem
881 1895 952 1934 effe
973 1896 1008 1934 se
1039 1896 1197 1949 patitur,
1229 1895 1414 1934 duntaxat
1445 1894 1564 1947 usque
1595 1908 1653 1939 eo,
1685 1907 1735 1933 ne

317 1977 412 2001 cum
444 1963 570 2008 bonis,
602 1961 720 2008 fama,
755 1961 996 2016 fortunisque
1029 1963 1215 2002 omnibus
1251 1964 1338 2001 Sex.
1368 1961 1497 2000 Naevii
1530 1960 1735 2015 cupiditati

312 2028 610 2081 crudelitatique
630 2028 805 2068 dedatur.

375 2095 490 2133 XIX.
522 2095 669 2140 Docui‚
701 2095 808 2147 quod
826 2095 1003 2148 primum
1034 2095 1234 2148 pollicitus
1255 2094 1356 2139 sum,
1379 2095 1428 2132 C.
1452 2094 1604 2147 Aquili,
1641 2107 1735 2131 cau-

320 2161 398 2199 sam
419 2160 596 2205 omnino,
619 2174 689 2198 cur
708 2161 929 2213 postularet,
951 2176 1028 2200 non
1045 2160 1156 2200 fuiffe
1168 2180 1179 2207 ς
1213 2160 1318 2214 quod
1340 2174 1464 2213 neque
1484 2160 1645 2214 pecunia
1666 2160 1734 2197 de-

321 2227 481 2265 bebatur
498 2245 509 2273 ;
542 2236 594 2272 et,
626 2226 652 2265 fi
673 2227 845 2266 maxime
865 2228 1080 2274 deberetur,
1111 2226 1361 2266 commiffum
1384 2226 1484 2265 nihil
1505 2226 1589 2271 effe,
1619 2238 1735 2278 quare

322 2294 367 2331 ad
387 2293 497 2332 istam
519 2294 709 2332 rationem
737 2295 1013 2348 perveniretur.
1059 2295 1231 2334 Attende
1258 2308 1376 2339 nune,
1409 2308 1455 2332 ex
1486 2293 1609 2331 edictio
1632 2293 1734 2329 Prae-

322 2360 413 2398 toris
435 2360 535 2398 bona
556 2361 600 2398 P.
625 2361 782 2412 Qintii
802 2361 985 2414 poffidere
1004 2361 1115 2400 nullo
1135 2363 1253 2400 modo
1274 2360 1449 2414 potuisse.
1470 2359 1609 2397 Recita
1629 2357 1733 2395 edic-

324 2435 434 2464 tum:
457 2427 531 2478 Qi
533 2426 789 2479 fraudationis
807 2442 874 2466 cau
889 2428 914 2466 ἅ
930 2428 1113 2467 latitaret.
1137 2428 1232 2467 Non
1253 2428 1305 2465 est
1326 2428 1356 2464 is
1379 2425 1566 2476 Qintius
1584 2443 1594 2469 3
1619 2423 1687 2462 nifi
1709 2423 1734 2461 fi

324 2491 489 2537 latitant,
512 2493 581 2545 qui
602 2493 649 2531 ad
668 2494 874 2547 negotium
894 2494 1022 2540 suum,
1044 2495 1178 2533 relicto
1197 2500 1455 2546 procuratore,
1479 2490 1733 2544 proficiscun-

326 2568 402 2596 tur.
445 2559 519 2596 Cui
534 2560 633 2598 heres
651 2575 721 2600 non
740 2561 893 2600 extabit.
936 2561 1001 2600 Ne
1020 2561 1052 2600 is
1073 2560 1248 2613 quidem.
1279 2559 1357 2612 Qti
1382 2559 1480 2597 exilii
1503 2561 1608 2611 cazgliz
1619 2558 1737 2609 sulum

408 2625 479 2663 To
497 2637 548 2663 M.
582 2626 653 2665 IV.
1406 2627 1431 2660 Γ
