2201 2792
586 202 933 243 ACTIONIS
976 203 1029 240 ΙΙ.
1101 202 1386 241 LIBERI.
1619 205 1693 259 167

287 308 337 347 L.
370 304 598 350 Mummio,
629 304 699 357 qui
733 304 871 342 urbem
903 301 1208 357 pulcherrimam
1244 312 1359 356 atque
1393 304 1694 350 ornatiffimam,

286 371 523 412 Corinthum
538 401 549 417 ,
590 370 848 424 plenissimam
883 384 1013 408 rerum
1050 370 1232 408 omnium
1249 399 1259 415 ,
1301 370 1450 408 sustulit
1465 399 1475 415 ,
1509 371 1695 423 urbesque

286 437 444 478 Achaiae
464 438 702 490 Boeotiaeque
733 437 876 475 multas
908 436 976 475 sub
997 437 1209 490 imperium
1229 437 1366 490 populi
1387 437 1558 475 Romani
1579 437 1697 474 ditio—

286 518 457 558 nemque
483 504 682 557 subjunxit
700 505 713 541 ?
745 517 913 556 quorum
935 504 1088 549 domus,
1125 517 1218 541 cum
1239 502 1384 542 honore
1405 513 1442 542 et
1462 504 1603 541 virtute
1624 503 1695 542 flo-

286 581 426 617 rerent,
463 571 593 624 figniS‚
629 581 668 609 et
703 570 844 608 tabulis
876 570 989 623 pictis
1024 579 1131 608 erant
1165 583 1306 608 vacuae.
1346 572 1403 608 At
1437 584 1526 608 vero
1562 570 1697 608 urbem

287 648 426 684 totam,
447 638 594 691 templa
614 639 804 682 Deorum,
838 636 1049 690 omnesque
1080 637 1199 676 Italiae
1229 646 1369 690 partes,
1401 637 1560 676 illorum
1588 637 1698 676 donis

286 720 329 744 ac
347 705 614 744 monumentis
636 713 834 743 exornatas
854 704 1045 743 videmus.

347 772 505 817 Vereor,
536 785 584 810 ne
602 769 685 809 haec
706 770 805 810 forte
825 771 1011 824 cuiquam
1033 771 1151 810 nimis
1173 771 1344 824 antiqua,
1373 771 1510 823 etjam
1531 770 1701 809 obsoleta

287 838 501 878 videantur.
534 840 592 877 Ita
611 839 717 876 enim
739 847 825 876 tum
845 838 1085 891 aequabiliter
1104 851 1239 877 omnes
1261 847 1367 876 erant
1397 836 1636 890 hujusmodi,
1660 847 1702 875 ut

287 902 369 943 haec
402 905 484 943 laus
504 904 657 942 eximiae
676 904 831 942 virtutis
863 913 901 941 et
932 904 1176 949 innocentiae,
1209 917 1287 942 non
1316 903 1441 942 solum
1474 903 1700 948 hominum,

289 983 426 1008 verum
445 971 563 1008 etiam
584 980 807 1023 temporum
828 970 1001 1015 illorum,
1033 969 1105 1008 effe
1125 970 1310 1008 videatur.
1349 970 1392 1007 P.
1418 969 1612 1014 Servilius,
1645 970 1703 1007 vir

290 1035 532 1081 clariffimus,
555 1036 736 1074 maximis
756 1036 867 1074 rebus
889 1036 1015 1088 gestiS,
1035 1036 1135 1074 adest
1151 1055 1162 1081 3
1187 1036 1233 1074 de
1255 1046 1291 1074 te
1308 1035 1534 1074 sententiam
1555 1036 1701 1074 laturus

292 1102 371 1141 est:
406 1103 628 1155 Olympum
651 1103 702 1146 vi,
736 1102 873 1154 copiis,
906 1102 1079 1146 consilio,
1115 1102 1257 1139 virtute
1277 1102 1394 1154 cepit,
1432 1102 1568 1140 urbem
1598 1102 1702 1139 anti-

292 1182 425 1221 quam,
445 1178 484 1205 et
504 1168 688 1205 omnibus
709 1168 821 1205 rebus
843 1169 1007 1212 auctam,
1029 1177 1066 1205 et
1086 1178 1272 1206 ornatam.
1306 1169 1456 1206 Recens
1477 1167 1703 1220 exemplum

292 1234 487 1273 fortiffimi
521 1234 593 1271 viri
624 1232 791 1286 profero.
838 1233 947 1271 Nam
977 1233 1103 1286 postea
1124 1234 1304 1271 Servilius
1337 1234 1546 1286 imperator
1566 1234 1703 1286 populi

292 1301 463 1340 Romani
485 1300 722 1353 Olympum,
755 1299 893 1338 urbem
925 1299 1109 1345 hostium,
1143 1300 1259 1353 cepit,
1291 1313 1409 1352 quam
1433 1310 1475 1338 tu
1502 1302 1541 1338 in
1568 1300 1706 1338 iisdem

250 1420 253 1423 ᾖ
293 1369 372 1407 illis
390 1369 486 1407 locis
508 1369 654 1421 legatus
676 1368 898 1420 quaestorius
919 1368 1061 1421 oppida
1080 1376 1212 1421 pacata
1232 1367 1440 1413 sociorum,
1469 1377 1583 1420 atque
1603 1368 1704 1406 ami-

294 1449 445 1481 corum,
466 1435 680 1488 diripienda
699 1448 742 1473 ac
762 1435 933 1474 vexanda
951 1434 1101 1473 curasti.

349 1503 430 1546 Tu,
464 1515 549 1554 quae
569 1514 616 1539 ex
637 1500 735 1539 fanis
756 1501 1042 1554 religiosissimis
1064 1514 1131 1554 per
1162 1500 1282 1538 scelus
1304 1510 1341 1539 et
1364 1501 1613 1539 latrocinium
1634 1501 1704 1538 ab-

299 1567 451 1613 stulisti,
473 1581 515 1605 ea
534 1581 603 1605 nos
624 1567 765 1612 videre,
798 1567 866 1605 nisi
888 1567 928 1605 in
950 1568 1040 1612 tuis,
1076 1567 1372 1619 amicorumque
1395 1576 1552 1605 tuorum
1581 1567 1704 1611 tecti&

294 1647 373 1671 non
392 1633 612 1685 poffumus:
647 1634 689 1671 P.
713 1634 907 1678 Servilius,
931 1647 1015 1684 quae
1036 1633 1139 1685 figna
1158 1643 1272 1684 atque
1293 1644 1517 1671 ornamenta
1537 1646 1583 1670 ex
1612 1633 1706 1670 urbe

294 1698 482 1744 hostium,
515 1699 553 1737 vi
573 1708 611 1736 et
636 1699 777 1736 virtute
796 1707 920 1751 capta,
950 1698 1041 1736 belli
1076 1699 1172 1751 lege,
1208 1708 1323 1750 atque
1355 1699 1706 1750 imperatoriojure

296 1765 461 1810 sustulit,
494 1778 535 1803 ea
565 1764 712 1817 populo
739 1765 920 1802 Romano
951 1765 1177 1817 apportavit,
1211 1777 1278 1816 per
1308 1762 1556 1816 triumphum
1586 1764 1704 1808 vexit,

296 1833 339 1871 in
360 1832 508 1870 tabulas
528 1831 702 1884 publicas
724 1832 769 1869 ad
790 1832 962 1870 aerarium
984 1831 1261 1884 praescribenda
1280 1831 1440 1868 curavit.
1474 1830 1707 1882 Cognoscite

296 1913 344 1938 ex
364 1899 485 1938 literis
507 1898 674 1952 publicis
696 1897 868 1936 hominis
890 1898 1112 1950 ampliffimi
1129 1898 1387 1950 diligentiam.
1420 1897 1570 1934 Recita.
1608 1898 1706 1934 RA-

298 1978 466 2004 TIONES
501 1977 702 2003 RELATA-2
728 1965 772 2002 P.
804 1965 1023 2002 SERviLn.
1062 1963 1157 2002 Non
1184 1963 1309 2001 solum
1341 1976 1548 2001 numerum
1579 1963 1706 2015 signo-

299 2045 402 2077 rum,
424 2031 485 2070 sed
515 2032 632 2084 etiam
665 2030 962 2083 uniuscujusque
991 2030 1317 2083 magnitudinem,
1350 2029 1529 2082 figuram,
1552 2029 1706 2074 statum,

299 2096 420 2135 literis
441 2096 593 2134 definiri
613 2096 731 2133 vides.
764 2097 876 2133 Certe
898 2098 1019 2149 major
1039 2096 1090 2133 est
1108 2096 1276 2140 virtutis,
1302 2096 1545 2147 victoriaeque
1559 2095 1707 2147 jucun-

300 2162 412 2208 ditas,
434 2176 551 2214 quam
572 2161 639 2198 ista
669 2161 858 2213 voluptaS,
890 2176 974 2213 quae
995 2162 1207 2214 percipitur
1237 2175 1284 2200 ex
1305 2161 1467 2199 libidine
1488 2170 1526 2198 et
1552 2162 1707 2214 cupidi-

301 2238 391 2267 tate.
438 2227 573 2266 Nlulto
605 2227 829 2279 diligentius
861 2227 1001 2265 habere
1032 2227 1121 2265 dico
1142 2228 1347 2265 Servilium
1373 2227 1540 2280 praedam
1573 2226 1709 2278 populi

305 2293 490 2339 Romani,
514 2306 631 2345 quam
653 2301 690 2329 te
712 2301 775 2329 tua
795 2291 896 2330 furta
918 2303 1044 2330 notata
1064 2303 1178 2345 atque
1199 2292 1398 2345 descripta.

330 2360 464 2397 XXII.
484 2359 603 2397 Dices
625 2367 689 2396 tua
710 2372 866 2410 quoque
887 2359 989 2411 signa
1009 2368 1045 2397 et
1066 2359 1212 2397 tabulas
1233 2359 1366 2410 pictas,
1381 2364 1607 2394 ornamento
1622 2354 1708 2391 urbi

303 2423 466 2477 foroque
486 2425 621 2478 populi
642 2425 812 2462 Romani
833 2424 955 2463 fuisse.
989 2425 1186 2463 hiemini:
1217 2424 1294 2460 vidi
1316 2422 1426 2459 simul
1449 2434 1541 2457 cum
1562 2420 1708 2473 populo

305 2490 486 2528 Romano
516 2490 671 2534 forum,
702 2491 988 2544 comitiumque
1018 2492 1242 2528 adornatum
1280 2488 1325 2524 ad
1359 2487 1524 2539 speciem
1555 2486 1707 2538 magni-

305 2555 382 2594 fico
417 2566 575 2603 ornatu3
619 2557 664 2595 ad
699 2557 877 2602 sensum,
913 2557 1266 2609 cogitationemque
1299 2554 1435 2592 acerbo
1466 2562 1504 2591 et
1536 2552 1706 2605 lugubri.
