2201 2792
735 156 873 196 PRO
931 156 983 194 A.
1042 153 1354 193 CAECINA.
1663 168 1740 208 507

350 258 524 313 periculo
558 257 694 297 mortis
727 258 883 310 injecto,
917 255 1128 295 formidine
1162 256 1339 294 animum
1373 254 1618 308 perterritum
1655 257 1741 294 loco

350 327 458 379 saepe‚
488 335 527 364 et
559 334 664 363 certo
695 324 741 362 de
769 324 879 369 statu,
915 323 1100 362 dimovet.
1132 324 1267 375 Itaque
1287 322 1402 360 saucii
1423 321 1516 375 saepe
1545 320 1740 366 homines,

351 406 444 431 cum
465 406 623 445 corpore
642 391 908 436 debilitantur,
929 392 1060 429 animo
1080 399 1210 428 tamen
1230 403 1307 428 non
1329 389 1486 434 cedunt,
1508 402 1633 441 neque
1653 401 1742 426 eum

352 459 578 511 relinquunt
597 459 745 503 locum,
767 471 886 510 quem
907 457 1105 496 statuerint
1135 455 1363 494 defendere:
1395 464 1432 494 at
1461 455 1527 493 alii
1547 454 1743 508 pelluntur

351 525 518 578 integri3
546 534 589 563 ut
609 538 687 563 non
708 524 873 562 dubium
892 524 952 568 fit,
973 523 1069 576 quin
1090 523 1213 574 major
1231 521 1404 560 adhibita
1423 523 1478 560 vis
1498 521 1534 559 ei
1553 521 1612 566 fit,
1634 523 1743 574 cujus

353 591 506 630 animus
523 591 568 629 fit
586 591 823 644 perterritus,
845 603 963 642 quam
984 589 1057 634 illi,
1079 589 1189 640 cujus
1209 601 1348 640 corpus
1369 588 1612 627 vulneratum
1633 587 1691 626 s1t.

409 657 526 705 Qod
560 657 586 694 fi
617 657 654 694 vi
674 655 802 708 pulsos
823 655 990 693 dicimus
1023 654 1212 692 exercitus
1233 653 1304 691 effe
1332 668 1411 699 eos,
1444 655 1513 707 qui
1546 663 1668 699 metu,
1703 667 1745 692 ac

353 725 462 762 tenui
481 723 576 776 saepe
596 722 822 775 suspicione,
856 721 1020 775 periculi
1053 721 1236 774 fugerunt
1249 739 1261 766 ς
1292 730 1344 767 et,
1377 721 1403 760 fi
1423 734 1502 759 non
1521 721 1646 759 solum
1667 720 1745 759 imu

354 789 469 842 pulsu
489 790 700 834 scutorum,
722 801 848 841 neque
867 787 1051 826 conflictu
1067 801 1287 840 corporum,
1309 801 1433 840 neque
1452 789 1531 825 ictu
1552 788 1746 831 eominus,

355 869 481 907 neque
513 855 753 906 conjectione
773 855 954 900 telorum,
985 854 1048 892 sed
1068 854 1161 906 saepe
1181 853 1349 892 clamore
1369 854 1451 908 ipso
1471 854 1661 899 militum,
1683 864 1746 892 aut

355 922 616 966 instructione,
652 921 878 974 aspectuque
897 922 1108 974 fignormn,
1140 933 1297 973 magnas
1317 921 1445 974 copias
1466 920 1589 974 pulsas
1610 921 1681 959 effe
1710 930 1749 958 et

356 988 541 1033 vidimus,
575 997 612 1025 et
633 988 877 1032 audivimus5
910 1001 996 1039 quae
1016 987 1072 1025 vis
1093 987 1133 1024 in
1156 986 1259 1025 bello
1279 987 1505 1040 appellatur,
1540 1000 1582 1024 ea
1607 988 1646 1024 in
1667 988 1748 1024 otio

358 1068 436 1092 non
455 1054 740 1107 appellabitur?
771 1064 822 1098 et,
845 1054 950 1107 quod
980 1053 1187 1091 vehemens
1208 1053 1247 1090 in
1269 1067 1307 1091 re
1330 1053 1489 1092 militari
1510 1063 1679 1107 putatur,
1710 1055 1749 1091 id

356 1122 440 1160 leve
460 1122 500 1159 in
528 1122 616 1174 jure
637 1121 743 1159 civili
757 1121 995 1173 judicabitur
1018 1121 1030 1157 ?
1062 1130 1113 1165 et,
1140 1120 1246 1173 quod
1265 1121 1455 1159 exercitus
1476 1130 1639 1159 armatos
1661 1135 1747 1159 mo-

357 1197 434 1233 vet,
466 1188 505 1225 id
524 1187 814 1225 advocationem
836 1196 1056 1239 togatorum
1079 1200 1155 1224 non
1176 1186 1370 1225 videbitur
1388 1187 1545 1225 moviss‘e
1563 1187 1576 1223 ?
1608 1196 1645 1225 et
1662 1188 1746 1225 vul-

358 1267 430 1292 nus
451 1254 620 1306 corporis
641 1254 764 1305 magis
796 1253 906 1290 istam
937 1253 1032 1297 vim,
1055 1266 1173 1304 quam
1195 1261 1314 1290 terror
1346 1253 1481 1298 animi,
1510 1253 1747 1291 declarabit?

359 1329 397 1358 et
416 1320 596 1358 sauciatio
616 1329 817 1370 quaeretur,
851 1332 945 1356 cum
963 1317 1098 1371 fugam
1119 1317 1259 1356 factam
1283 1318 1355 1356 effe
1386 1319 1573 1357 constabit
1591 1320 1604 1356 ?
1637 1321 1749 1358 Tuus

359 1388 466 1426 enim
487 1387 589 1425 testis
609 1385 686 1424 hoc
706 1386 820 1431 dixit,
843 1395 950 1424 metu
970 1386 1180 1438 perterritis
1207 1385 1341 1423 nostris
1363 1386 1567 1431 advocatis,
1603 1387 1751 1430 locum,

359 1467 436 1506 qua
454 1453 682 1506 effugerent,
716 1451 996 1490 demonstrasse.
1034 1452 1116 1503 Qi
1149 1465 1227 1489 non
1258 1451 1376 1490 modo
1403 1461 1446 1489 ut
1469 1451 1660 1505 fugerent,
1691 1453 1753 1490 sed

359 1521 479 1559 etiam
500 1519 614 1573 ipsius
634 1518 736 1571 fugae
757 1527 882 1556 tutam
902 1517 1017 1562 viam,
1048 1518 1289 1569 quaefierunt‚
1325 1516 1386 1556 his
1407 1518 1462 1556 vis
1484 1517 1655 1556 adhibita
1675 1533 1752 1557 non

361 1587 586 1626 videbitur?
619 1586 727 1637 Qid
746 1586 865 1638 igitur
895 1583 1125 1637 fugiebant?
1156 1594 1312 1638 propter
1341 1594 1507 1624 metum.
1540 1586 1648 1637 Qid
1668 1600 1753 1624 me-

362 1654 550 1692 tuebant?
583 1653 662 1690 vim
685 1652 877 1690 videlicet.
914 1651 1073 1689 Potestis
1104 1651 1223 1703 igitur
1254 1651 1444 1704 principia
1474 1665 1624 1704 negare,
1660 1666 1754 1691 cum

362 1729 533 1759 extrema
563 1718 775 1757 conceditis
794 1719 807 1755 ?
850 1717 1002 1770 Fugiss‘e
1036 1717 1253 1770 perterritos
1291 1717 1558 1756 confitemini:
1601 1717 1753 1756 causam

363 1781 465 1834 fuga:
486 1781 614 1819 dicitis
635 1780 808 1824 eandem,
830 1793 949 1832 quam
971 1792 1106 1817 omnes
1126 1779 1398 1831 intelligimuS,
1430 1791 1548 1823 arma,
1570 1778 1753 1817 multitu-

363 1850 495 1887 dinem
515 1847 741 1891 hominum,
764 1846 1018 1884 incursionem
1040 1854 1154 1898 atque
1173 1846 1366 1898 impetum
1387 1854 1622 1884 armatorum
1640 1860 1649 1884 :
1673 1844 1755 1884 haec

365 1917 434 1955 ubi
453 1915 719 1954 conceduntur
739 1912 809 1951 effe
829 1912 940 1958 faeta,
962 1913 1017 1951 ibi
1038 1913 1093 1951 vis
1114 1912 1210 1951 facta
1230 1912 1460 1965 negabitur?

420 1983 533 2021 XVI.
565 1983 620 2020 At
641 1994 728 2018 vero
748 1979 822 2018 hoc
845 1980 1004 2032 quidem
1020 1981 1102 2032 jam
1124 1989 1232 2017 vetus
1253 1979 1318 2023 est,
1352 1988 1389 2017 et
1409 1979 1601 2031 majorum
1620 1992 1755 2017 exem—

365 2050 432 2103 plo
449 2049 585 2087 multis
605 2050 646 2086 in
667 2047 778 2085 rebus
800 2048 1007 2092 usitatum3
1039 2060 1131 2084 cum
1153 2046 1199 2084 ad
1219 2047 1299 2084 vim
1315 2045 1531 2084 faciendam
1550 2046 1754 2092 veniretur,

366 2117 393 2154 fi
415 2129 512 2169 quos
533 2123 710 2159 armatos,
733 2115 908 2165 quamvis
930 2113 1079 2166 procul,
1100 2112 1392 2165 conspexiffent‚
1410 2121 1453 2151 ut
1473 2112 1599 2151 statim
1620 2112 1755 2150 testifi-

366 2185 442 2221 cati
463 2182 710 2226 discederent,
731 2181 879 2234 optime
899 2180 1139 2233 sponsionem
1170 2179 1292 2218 facere
1320 2179 1481 2233 poffent,
1513 2179 1756 2232 M'advmsscs

367 2250 517 2289 edic‘lum
536 2249 717 2288 Praetoris
737 2248 795 2286 vis
812 2248 927 2300 saffo
946 2246 1035 2300 cffit.
1069 2248 1175 2285 Itane
1202 2247 1320 2285 vero?
1352 2247 1444 2285 scire
1474 2245 1545 2284 effe
1576 2255 1754 2289 armatos,

369 2317 453 2354 satis
474 2317 540 2361 est,
562 2325 605 2354 ut
626 2316 705 2353 vim
725 2313 864 2352 factam
885 2315 1049 2367 probes;
1082 2314 1122 2352 in
1154 2327 1290 2352 manus
1312 2327 1445 2352 eorum
1466 2312 1646 2355 incidere,
1679 2325 1755 2349 non

369 2383 422 2420 est
442 2383 558 2431 satis?
589 2382 756 2435 aspectus
787 2391 1023 2420 armatorum
1053 2382 1099 2419 ad
1127 2382 1209 2419 vim
1230 2380 1465 2432 probandam
1493 2378 1660 2421 valebit3
1694 2378 1755 2414 in-

370 2448 501 2486 cursus
521 2457 559 2486 et
578 2449 748 2501 impetus
769 2462 843 2486 non
867 2448 1033 2486 valebit?
1057 2448 1124 2499 qui
1145 2447 1294 2490 abierit,
1316 2444 1466 2483 facilius
1488 2444 1556 2483 fibi
1578 2445 1657 2482 vim
1675 2443 1755 2481 fac*

371 2524 450 2553 tam
471 2514 664 2568 probabit,
687 2528 804 2566 quam
825 2515 893 2566 qui
917 2513 1092 2565 effugerit
1111 2514 1123 2550 ?

1323 2580 1344 2616 S
1368 2577 1387 2614 s
1400 2577 1420 2614 1'
1436 2590 1454 2615 ἐ
