2201 2792
450 136 529 177 134
882 122 972 161 IN
1042 120 1423 160 VERREM

445 221 620 275 pecuniis
641 220 731 267 fuit,
762 221 811 259 fic
842 220 883 259 in
904 221 967 274 spe
988 221 1259 274 corrumpendi
1280 220 1421 272 judicii
1451 218 1645 273 perspicua
1671 218 1735 258 sua
1752 232 1850 257 con-

447 289 540 334 filia,
557 289 790 341 conatusque
808 288 994 326 omnibus
1019 287 1125 326 fecit.
1158 287 1283 326 Semel
1305 287 1357 325 ait
1377 287 1412 325 se
1433 287 1473 324 in
1493 287 1570 324 vita
1589 285 1850 339 pertimuiffe;

446 364 548 400 turn,
571 369 662 393 cum
683 355 858 407 primum
878 367 962 392 reus
984 367 1004 391 a
1024 367 1086 391 me
1106 353 1227 391 factus
1249 353 1306 391 fit.
1339 353 1473 404 Qod,
1502 366 1594 390 cum
1615 365 1635 390 e
1654 351 1852 404 provincia

446 435 575 460 recens
608 421 711 466 esset,
743 421 964 473 invidiaque
999 429 1037 458 et
1068 419 1227 458 infamia
1260 433 1337 457 non
1369 419 1525 463 recenti,
1559 419 1622 456 sed
1651 427 1779 456 vetere
1806 430 1851 455 ac

446 489 642 533 diuturna,
682 487 868 540 flagraret,
901 495 987 524 tum
1020 486 1066 524 ad
1099 484 1296 538 judicium
1333 485 1664 537 corrumpendum
1697 493 1852 536 tempus

446 554 618 609 alienum
638 552 862 591 offenderet.
886 553 1036 604 Itaque,
1054 565 1146 589 cum
1162 564 1233 602 ego
1254 550 1358 588 diem
1376 550 1415 586 in
1437 550 1610 587 Siciliam
1630 547 1855 600 inquirendi

446 620 695 672 perexiguam
728 617 1007 671 postulaviffem
1026 646 1037 662 ‚
1079 617 1228 654 invenit
1257 615 1349 660 iste,
1380 615 1449 667 qui
1480 614 1551 652 fibi
1584 615 1626 652 in
1659 612 1852 651 Achaiam

446 686 566 725 biduo
588 685 802 723 breviorem
832 684 937 722 diem
967 683 1199 736 postularet:
1231 695 1311 720 non
1330 690 1374 720 ut
1404 681 1508 719 idem
1528 679 1734 719 conficeret
1760 679 1853 717 dili-

445 752 574 804 gentia
593 760 632 789 et
651 750 834 789 industria
852 750 929 795 sua,
959 749 1066 802 quod
1097 762 1169 801 ego
1189 762 1278 787 meo
1298 747 1427 785 labore
1446 756 1484 785 et
1504 746 1647 799 vigiliis
1667 744 1851 784 consecu-

444 828 507 856 tus
528 819 627 857 suin.
659 818 819 856 Etenim
849 816 915 854 ille
936 815 1131 854 Achaicus
1162 814 1376 867 inquisitor,
1406 828 1452 852 ne
1475 812 1735 852 Brundusium
1762 811 1853 864 qui-

445 884 535 922 dem
554 884 727 937 pervenit
746 898 755 921 :
787 896 858 935 ego
880 882 1050 920 Siciliam
1076 890 1200 919 totam
1226 880 1510 932 quinquaginta
1529 878 1664 917 diebus
1683 878 1734 916 sic
1754 877 1851 922 obii,

445 959 490 988 ut
509 950 689 989 omnium
711 949 960 1002 populorum,
992 948 1308 1000 privatorumque
1334 947 1476 990 literas,
1501 943 1737 995 injuriasque
1756 955 1853 994 cog-

445 1016 641 1055 noscerem
658 1034 669 1061 ;
702 1024 745 1053 ut
780 1014 1026 1067 perspicuum
1057 1013 1180 1050 cuivis
1200 1010 1271 1048 effe
1303 1010 1436 1063 posset,
1469 1008 1674 1048 hominem
1704 1008 1752 1046 ab
1781 1008 1853 1047 isto

445 1083 646 1135 quaefitum
662 1081 746 1125 effe,
765 1094 841 1118 non
859 1080 926 1132 qui
938 1091 1047 1117 reum
1065 1077 1177 1116 suum
1195 1076 1413 1122 adduceret,
1428 1075 1490 1115 sed
1505 1075 1573 1130 qui
1593 1088 1728 1114 meum
1749 1083 1852 1113 tem-

445 1163 518 1201 pus
539 1148 740 1186 obsideret.

485 1216 558 1253 III.
584 1215 705 1252 Nunc
726 1212 847 1250 homo
863 1211 1130 1250 audacissimus
1152 1219 1266 1262 atque
1286 1209 1564 1248 amentiffimus
1585 1207 1660 1247 hoc
1681 1207 1850 1261 cogitat:

445 1281 642 1332 intelligit,
676 1292 738 1316 me
758 1279 811 1315 ita
841 1287 1015 1330 paratum
1047 1286 1161 1329 atque
1181 1277 1410 1315 instructum
1430 1277 1471 1314 in
1489 1276 1688 1328 judicium
1709 1275 1851 1318 venire,

447 1355 489 1383 ut
510 1359 586 1382 non
609 1344 726 1382 modo
747 1344 786 1380 in
807 1343 961 1381 auribus
982 1343 1126 1388 vestris,
1159 1342 1219 1380 sed
1242 1343 1282 1380 in
1302 1342 1424 1380 oculis
1445 1342 1641 1385 omnium,
1662 1340 1727 1378 sua
1750 1339 1853 1377 furta

446 1421 562 1462 atque
597 1410 739 1462 flagitia
770 1408 964 1447 defixurus
986 1408 1070 1447 sim.
1116 1409 1249 1452 Videt,
1281 1408 1466 1445 senatores
1487 1407 1632 1443 multos
1652 1404 1724 1443 effe
1745 1405 1853 1443 testes

447 1477 610 1515 audaciae
632 1476 731 1513 suae:
764 1475 866 1512 videt
897 1475 1041 1512 multos
1072 1474 1221 1526 equites
1253 1473 1467 1518 Romanos,
1498 1471 1718 1524 frequentes
1753 1484 1854 1524 prae-

446 1551 546 1581 terea
567 1543 666 1580 cives
687 1550 801 1593 atque
823 1541 955 1585 socios,
979 1540 1121 1592 quibus
1142 1539 1221 1591 ipse
1240 1539 1404 1591 insignes
1426 1538 1583 1590 injurias
1601 1536 1750 1575 fecerit.
1777 1536 1854 1574 Vi-

445 1609 509 1646 det
529 1608 645 1645 etiam
668 1616 724 1645 tot
749 1620 878 1659 graves
913 1607 958 1643 ab
989 1605 1224 1643 amicissimis
1259 1605 1483 1642 civitatibus
1517 1603 1724 1655 legationes
1760 1613 1855 1640 cum

445 1674 613 1727 publicis
634 1672 923 1711 auctoritatibus
955 1685 996 1709 ac
1029 1671 1258 1712 testimoniis
1278 1669 1506 1708 conveniffe.
1551 1670 1650 1720 Qae
1677 1681 1771 1706 cum
1800 1667 1855 1706 ita

444 1741 531 1785 sint,
554 1739 672 1792 usque
703 1753 747 1777 eo
777 1739 823 1776 de
843 1738 1026 1776 omnibus
1046 1737 1157 1775 bonis
1178 1737 1279 1775 male
1299 1736 1518 1781 existimat;
1541 1735 1660 1787 usque
1679 1747 1725 1772 eo
1745 1733 1854 1772 sena-

446 1808 542 1845 toria
566 1806 714 1858 judicia
734 1805 894 1858 perdita,
928 1805 1204 1857 profligataque
1222 1803 1293 1842 effe
1314 1802 1531 1847 arbitratur,
1554 1811 1597 1839 ut
1627 1800 1705 1838 hoc
1725 1800 1854 1852 palam

446 1874 609 1917 dictitet,
633 1886 711 1910 non
731 1871 807 1909 sine
828 1870 935 1908 causa
955 1871 990 1907 se
1011 1870 1199 1922 cupidum
1222 1870 1396 1922 pecuniae
1414 1868 1537 1912 fuiffe,
1559 1866 1745 1918 quoniam
1766 1874 1853 1903 tan-

447 1947 533 1975 tum
554 1938 593 1975 in
615 1936 778 1989 pecunia
796 1935 1014 1988 praefidium
1043 1936 1260 1987 experiatur
1279 1933 1378 1978 effe;
1410 1932 1483 1972 sese
1506 1932 1563 1985 (id
1583 1932 1689 1984 quod
1709 1931 1854 1969 diffici-

446 2003 589 2041 limum
603 2001 735 2053 fuerit)
756 2009 909 2054 tempus
931 2001 1057 2053 ipsum
1078 2000 1209 2039 emisse
1223 2000 1365 2052 judicii
1385 1999 1455 2045 sui,
1473 2012 1552 2051 quo
1573 2007 1705 2036 caetera
1724 1996 1854 2035 facili-

446 2083 490 2107 us
511 2082 634 2106 emere
654 2067 800 2121 posset;
832 2077 888 2112 ut,
911 2067 1096 2120 quoniam
1117 2067 1331 2105 criminum
1353 2066 1434 2103 vim
1453 2063 1713 2116 subterfugere
1743 2063 1854 2102 nullo

445 2135 565 2173 modo
585 2143 745 2187 poterat,
767 2133 978 2186 procellam
999 2133 1184 2185 temporis
1205 2132 1403 2172 devitaret.

502 2200 621 2252 Qod
642 2200 667 2237 fi
700 2213 776 2237 non
798 2200 915 2237 modo
947 2200 985 2236 in
1007 2199 1127 2243 causa,
1150 2212 1283 2236 verum
1315 2199 1354 2236 in
1387 2198 1518 2249 aliquo
1544 2196 1705 2235 honesto
1724 2184 1852 2247 praesiss

446 2267 524 2311 dio,
556 2275 620 2304 aut
651 2266 690 2303 in
722 2266 883 2317 alicujus
914 2265 1146 2316 eloquentia,
1178 2274 1242 2302 aut
1262 2265 1382 2317 gratia
1400 2264 1506 2316 spem
1527 2263 1697 2314 aliquam
1725 2261 1852 2299 collo-

446 2332 572 2377 casset,
604 2330 774 2385 profecto
810 2345 886 2368 non
918 2329 1000 2367 haec
1021 2331 1152 2368 omnia
1178 2330 1390 2382 colligeret,
1425 2337 1540 2379 atque
1570 2335 1850 2379 aucuparetur3

447 2412 523 2436 non
547 2398 663 2449 usquc
694 2411 738 2435 eo
769 2397 990 2449 despiceret,
1023 2404 1363 2447 contemneretque
1395 2392 1571 2431 ordinem
1605 2392 1851 2437 senatorium,

448 2473 490 2504 ut
511 2463 693 2502 arbitratu
714 2464 743 2515 ej
753 2476 793 2502 us
815 2463 1045 2516 deligeretur
1063 2475 1110 2501 ex
1131 2461 1275 2506 senatu,
1298 2461 1366 2514 qui
1386 2473 1470 2500 reus
1491 2459 1626 2506 fieret5
1650 2459 1731 2511 qui,
1754 2457 1851 2498 dum
