2201 2792
597 201 944 241 ACTIONIS
986 201 1039 239 ΙΙ.
1099 202 1321 254 LIBER
1363 205 1395 241 Ι.
1626 220 1699 260 159

296 304 392 343 solos
423 304 465 341 in
499 302 670 341 Siciliam
702 300 958 354 postulaffem,
992 313 1014 338 c
1038 310 1075 339 et
1097 314 1181 340 vl11
1205 301 1275 339 fibi
1295 302 1336 340 in
1357 302 1547 341 Achaiam
1568 307 1700 357 postu-

295 371 400 408 laret.
432 369 589 407 Menses
611 367 711 406 mihi
744 378 817 406 tres
853 382 946 406 cum
971 367 1200 421 eripuissetis
1230 369 1276 406 ad
1305 369 1499 422 agendum
1533 372 1702 409 maxime

293 435 495 488 appofitos,
528 434 726 486 reliquum
761 448 877 472 omne
909 443 1062 487 tempus
1093 433 1211 486 hujus
1243 435 1334 473 anni
1355 449 1418 472 me
1439 436 1546 474 vobis
1567 437 1702 474 remis-

294 500 425 538 surum
445 499 630 552 putastis3
664 509 720 544 ut,
743 513 836 537 cum
856 498 962 538 horis
983 499 1117 538 nostris
1138 514 1207 538 nos
1229 500 1388 538 effemus
1411 501 1479 545 us1,
1512 511 1568 545 tu,
1600 502 1701 540 binis

293 567 394 604 ludis
427 567 673 619 interpofitiS,
709 566 996 619 quadragesimo
1031 566 1114 619 post
1148 566 1209 604 die
1244 567 1518 620 responderes:
1566 568 1703 606 deinde

292 631 345 670 ita
365 641 519 684 tempus
541 632 758 677 duceretur,
792 642 833 670 ut
863 646 883 670 a
902 632 977 670 Μ’.
1002 631 1215 670 Glabrione
1248 634 1427 677 Praetore,
1459 643 1496 670 et
1523 647 1543 670 a
1563 647 1704 686 magna

291 708 397 750 parte
417 697 559 736 horum
573 698 770 750 judicum,
788 698 834 736 ad
855 699 1064 737 Praetorem
1085 698 1219 743 alium,
1231 698 1457 751 judicesque
1478 700 1571 737 alios
1593 701 1701 738 veni-

292 777 434 802 remus.

346 831 445 869 Haec
466 831 492 869 fi
524 844 596 884 ego
626 845 706 870 non
726 830 928 876 vidiffem;
961 831 988 869 fi
1009 845 1073 869 me
1106 845 1185 869 non
1215 845 1352 869 omnes
1374 832 1471 877 noti,
1499 832 1702 884 ignotique

292 896 539 941 monuissent,
569 897 610 934 id
639 897 714 949 agi,
746 897 786 935 id
818 898 994 949 cogitari,
1023 897 1063 934 in
1084 911 1128 934 eo
1158 897 1335 942 laborari,
1367 908 1409 935 ut
1442 911 1497 935 res
1531 900 1570 935 in
1603 898 1702 935 illud

292 971 446 1014 tempus
472 963 704 1013 rejiceretur,
737 963 864 1007 credo,
896 963 923 1001 fi
959 963 1055 1001 meis
1090 963 1194 1001 horis
1232 964 1271 1001 in
1300 964 1509 1001 accusando
1542 964 1598 1001 uti
1630 978 1699 1001 vo-

292 1027 458 1072 luiffem,
489 1041 646 1073 vererer,
683 1042 730 1066 ne
761 1027 862 1065 mihi
892 1029 1058 1066 crimina
1086 1043 1164 1067 non
1198 1029 1470 1082 suppeterent,
1510 1044 1556 1068 ne
1580 1031 1702 1068 oratio

293 1093 430 1131 deeffet
449 1112 461 1138 ς
500 1107 548 1131 ne
578 1107 652 1132 vox
686 1092 857 1145 viresque
891 1093 1122 1138 deficerent;
1170 1108 1229 1138 ne,
1272 1109 1389 1146 quern
1426 1109 1542 1133 nemo
1575 1096 1703 1148 prima

292 1160 440 1197 actione
461 1158 664 1196 defendere
684 1159 792 1196 ausus
813 1159 915 1203 esset,
947 1173 1038 1197 eum
1059 1173 1130 1211 ego
1151 1160 1209 1198 bis
1242 1161 1413 1198 accusare
1439 1175 1515 1199 non
1539 1161 1698 1213 poffem.

293 1226 379 1278 Ego
398 1237 533 1263 meum
555 1224 760 1262 confilium
781 1233 867 1261 tum
883 1225 1099 1276 judicibuS,
1118 1235 1204 1262 tum
1225 1227 1370 1278 populo
1392 1227 1586 1271 Romano,
1609 1242 1700 1279 pro-

293 1291 394 1329 bavi.
426 1291 560 1330 Nemo
579 1290 645 1334 est,
677 1291 745 1342 qui
776 1289 848 1327 alia
878 1287 1023 1328 ratione
1043 1289 1203 1327 istorum
1225 1290 1387 1342 injuriae,
1421 1301 1535 1343 atque
1566 1292 1700 1344 impu-

291 1357 430 1395 dentiae
450 1355 611 1410 potuiffe
630 1355 758 1394 obfisti
789 1355 1004 1393 arbitretur.
1051 1356 1212 1393 Etenim
1243 1369 1320 1408 qua
1349 1356 1510 1394 stultitia
1532 1356 1700 1401 fuiffem,

248 1413 252 1416 .
293 1423 333 1467 fi,
356 1436 474 1475 quam
494 1423 613 1466 diem,
647 1422 715 1474 qui
736 1421 852 1460 istum
883 1422 1129 1475 eripiendum
1161 1422 1419 1466 redemerunt,
1451 1425 1491 1460 in
1523 1424 1701 1461 cautione

291 1489 485 1534 viderunt,
516 1502 609 1526 cum
635 1488 689 1526 ita
707 1498 896 1533 caverent,
929 1489 973 1527 Si
991 1489 1068 1541 pss
1087 1488 1242 1527 Kalend.
1265 1489 1436 1541 Januar.
1459 1490 1495 1527 in
1528 1490 1701 1541 cmgstlium

290 1564 437 1599 tretur3
469 1555 511 1593 in
541 1568 626 1592 eam
658 1553 762 1592 diem
795 1567 880 1606 ego,
923 1567 1016 1592 curn
1050 1554 1255 1606 potuissem
1291 1555 1420 1599 vitare,
1453 1555 1700 1594 incidissem?

291 1621 414 1659 Nunc
433 1620 534 1659 mihi
556 1620 739 1672 temporis
769 1621 865 1671 ejus,
888 1621 993 1671 quod
1013 1619 1114 1657 mihi
1134 1621 1181 1658 ad
1201 1620 1411 1658 dicendum
1432 1621 1556 1666 datur,
1582 1622 1702 1674 (quo-

292 1687 398 1724 niam
418 1686 459 1723 in
479 1686 610 1723 animo
630 1685 683 1722 est
703 1684 855 1723 causam
885 1698 1047 1724 omnem
1073 1687 1279 1738 exponere)
1316 1685 1493 1724 habenda
1523 1688 1619 1726 ratio
1650 1688 1703 1727 est

292 1752 511 1804 diligenter.

348 1819 440 1856 XII.
475 1818 610 1868 Itaque
629 1817 806 1870 primurn
836 1816 952 1855 illum
983 1819 1112 1856 aetum
1135 1817 1241 1856 istius
1263 1818 1349 1855 vitae
1371 1818 1633 1871 turpiffimum
1662 1828 1702 1856 et

292 1884 627 1937 flagitiofiffimum
657 1884 964 1936 praetermittam.
998 1884 1115 1922 Nihil
1145 1898 1166 1921 a
1186 1898 1247 1922 me
1270 1885 1316 1921 de
1335 1886 1509 1937 pueritiae
1529 1885 1602 1923 suae
1632 1885 1700 1923 fla-

290 1951 412 2003 gitiis,
433 1950 674 2003 peccatisque
694 1950 823 1989 audiet
837 1968 850 1996 3
882 1949 984 1989 nihil
1014 1964 1061 1989 ex
1081 1951 1149 1988 illa
1168 1951 1321 2004 impura
1341 1951 1592 1989 adolescentia
1612 1952 1700 1996 sua;

294 2030 379 2068 quae
399 2018 524 2069 qualis
555 2016 686 2062 fuerit,
717 2027 783 2055 aut
814 2016 1058 2062 meministis,
1089 2026 1155 2055 aut
1175 2031 1221 2055 ex
1243 2031 1301 2062 eo,
1332 2032 1451 2070 quem
1470 2017 1527 2055 sui
1548 2018 1701 2056 similli-

295 2096 408 2120 mum
433 2082 630 2134 produxit,
664 2082 933 2134 recognoscere
971 2083 1141 2135 potestis,
1193 2084 1340 2121 Omnia
1370 2084 1586 2136 praeteribo,
1619 2097 1703 2135 quae

295 2146 397 2185 mihi
418 2148 542 2199 turpia
573 2147 679 2184 dictu
699 2147 958 2193 videbuntur,
991 2161 1116 2200 neque
1136 2148 1274 2192 solum,
1297 2149 1393 2200 quid
1418 2149 1534 2187 istum
1557 2150 1700 2193 audire,

294 2226 428 2252 verum
448 2213 579 2258 etiam,
616 2212 710 2264 quid
731 2226 794 2250 me
814 2213 944 2251 deceat
971 2213 1110 2258 dicere,
1142 2215 1401 2253 considerabo.
1434 2215 1528 2259 Vos,
1561 2215 1699 2266 quaeso,

294 2279 380 2318 date
414 2278 518 2324 hoc,
555 2288 593 2317 et
627 2279 827 2317 concedite
862 2279 1000 2332 pudori
1036 2294 1152 2326 meo,
1198 2291 1240 2319 ut
1273 2281 1442 2333 aliquam
1477 2291 1623 2332 partem
1654 2280 1701 2316 de

294 2346 400 2384 istius
435 2346 678 2398 impudentia
709 2346 865 2384 reticere
898 2345 1049 2398 poffim.
1097 2348 1229 2385 Omne
1266 2348 1363 2384 illud
1396 2356 1562 2397 tempus,
1596 2345 1700 2396 quod
1749 2383 1752 2388 ,

295 2409 372 2448 fuit
405 2421 609 2464 antequam
637 2411 704 2450 iste
738 2412 785 2449 ad
818 2412 1056 2464 magistratus
1088 2426 1249 2464 remque
1284 2411 1482 2463 publicam
1520 2409 1697 2455 accessit,

295 2473 433 2513 habeat
464 2491 531 2529 per
562 2491 623 2515 me
657 2478 827 2516 solutum
847 2491 890 2516 ac
911 2478 1093 2516 liberum.
1141 2478 1301 2514 Sileatur
1321 2476 1366 2512 de
1386 2476 1583 2512 nocturnis
1618 2477 1699 2527 ejus

295 2539 612 2581 bacchationibus
639 2555 682 2582 ac
709 2543 883 2595 vigiliis:
926 2543 1129 2586 lenonum,
1160 2541 1384 2586 aleatorum,
1426 2540 1699 2593 perduc‘torum
