2201 2792
539 167 614 207 174
965 150 1055 190 IN
1129 150 1512 189 VERREM

533 256 684 294 littores
705 267 725 291 a
744 251 889 306 populo
909 251 1115 305 pecuniam
1137 250 1256 304 poss‘et
1275 251 1439 303 exigere.
1464 251 1569 288 Cum
1584 246 1666 287 haec
1683 247 1814 286 omnia
1835 247 1939 287 tant-5³.

532 320 795 364 contentione,
831 318 946 355 tantis
968 318 1089 370 copiis
1110 326 1310 369 agerentur
1323 335 1334 361 3
1363 330 1456 354 cum
1476 315 1592 353 illum
1614 315 1799 353 miserum
1819 314 1938 353 multi

533 386 764 430 accusarent,
797 397 912 422 nemo
933 382 1152 421 defenderet
1167 400 1179 428 ς
1211 395 1382 434 cumque
1403 381 1608 419 Dolabella
1627 394 1720 419 cum
1741 380 1815 419 suis
1841 394 1939 433 prae-

533 453 643 492 festis
663 459 851 505 pugnaret
871 450 912 487 in
933 448 1105 492 confilio,
1121 448 1257 485 Verres
1274 446 1446 485 fortunas
1468 448 1525 499 agi
1549 446 1630 485 suas
1651 446 1795 485 diceret
1802 465 1814 491 ;
1837 446 1942 485 idem

534 519 801 558 testimonium
836 516 992 561 diceret,
1024 515 1127 553 idem
1159 514 1246 552 effet
1279 514 1320 552 in
1350 514 1522 559 consilio,
1558 514 1663 552 idem
1684 513 1943 552 accusatorem

533 585 715 640 paraffet:
748 583 830 622 haec
857 596 951 620 cum
980 581 1112 620 omnia
1142 579 1291 624 fierent,
1322 589 1360 618 et
1390 593 1484 618 cum
1517 578 1722 617 hominem
1756 579 1944 618 constaret

534 651 706 690 occisum
723 669 734 695 ς
767 658 897 687 tamen
919 657 1022 686 tanta
1041 647 1097 684 vis
1118 646 1223 684 istius
1245 646 1407 698 injuriae,
1430 654 1533 684 tanta
1554 646 1595 683 in
1615 645 1685 683 isto
1712 644 1943 698 improbitas

534 718 756 772 putabatur,
788 724 831 753 ut
852 715 898 753 de
919 713 1151 752 Philodamo
1173 725 1378 752 AMPLIUS
1399 712 1726 766 pronuntiaretur.

590 785 724 823 XXX.
757 781 867 834 Qid
900 794 972 834 ego
1006 794 1110 819 nunc
1142 780 1182 818 in
1212 780 1370 818 alteram
1402 779 1591 818 aetionem
1624 779 1701 817 Cn.
1730 775 1946 816 Dolabellae

534 851 704 903 spiritus,
735 848 831 901 quid
857 846 974 900 hujus
1005 847 1206 898 lacrymas,
1237 855 1276 884 et
1304 845 1570 884 concurslones
1590 843 1816 898 proferam?
1848 843 1946 896 quid

536 918 584 955 C.
607 916 789 959 Neronis,
811 914 883 951 viri
902 913 1044 966 optimi
1064 923 1178 965 atque
1198 912 1512 957 innocentiffimi,
1534 911 1733 950 nonnullis
1756 911 1796 948 in
1816 910 1944 954 rebus,

534 984 711 1021 animum
743 981 862 1019 nimis
897 980 1083 1018 timidum
1114 988 1229 1030 atque
1260 979 1498 1016 demiffum?
1531 979 1599 1030 qui
1630 978 1671 1015 in
1703 977 1770 1014 illa
1788 989 1828 1014 re
1848 975 1945 1029 quid

533 1049 656 1087 facere
690 1047 871 1101 potuerit,
909 1059 988 1084 non
1018 1044 1198 1089 habebat,
1230 1044 1299 1084 nisi
1327 1043 1441 1089 forte,
1472 1043 1513 1081 id
1548 1043 1654 1095 quod
1688 1056 1824 1081 omnes
1856 1051 1945 1082 tum

534 1115 806 1157 desiderabant,
838 1121 882 1150 ut
903 1120 1031 1164 ageret
1051 1124 1135 1149 eam
1157 1124 1240 1148 rem
1261 1110 1338 1148 fine
1358 1110 1478 1148 Verre
1498 1120 1535 1148 et
1557 1109 1774 1149 Dolabella.
1813 1109 1945 1161 Qid-

534 1181 631 1234 quid
657 1179 744 1218 effet
773 1179 850 1217 fine
883 1176 945 1214 his
979 1178 1123 1220 aetum,
1153 1188 1288 1213 omnes
1323 1175 1544 1227 probarent.
1582 1176 1694 1213 Tum
1721 1188 1809 1213 vero
1838 1175 1945 1228 quod

534 1246 830 1300 pronuntiatum
860 1242 926 1287 est,
957 1255 1036 1279 non
1066 1254 1133 1293 per
1160 1240 1362 1278 Neronem
1386 1240 1622 1292 judicatum,
1668 1240 1730 1278 sed
1758 1254 1825 1294 per
1857 1242 1945 1280 Do-

536 1312 716 1353 labellam
747 1317 924 1362 ereptum
943 1307 1246 1346 existimabatur.
1293 1307 1588 1346 Condemnatur
1618 1308 1725 1345 enim
1745 1309 1945 1361 perpaucis

536 1378 732 1418 sententiis
765 1374 1033 1419 Philodamus,
1064 1383 1103 1412 et
1131 1375 1213 1427 ejus
1245 1373 1362 1413 filius.
1406 1374 1538 1420 Adest,
1570 1374 1697 1419 instat,
1725 1382 1837 1427 urget
1857 1375 1946 1413 Do-

536 1445 687 1490 labella,
720 1452 763 1481 ut
793 1456 910 1495 quam
936 1441 1110 1494 primum
1131 1439 1251 1479 securi
1279 1440 1480 1486 feriantur,
1512 1454 1591 1493 quo
1626 1454 1746 1492 quam
1781 1440 1947 1479 minime

536 1510 653 1550 multi
674 1523 720 1547 ex
741 1508 816 1546 illis
838 1507 884 1545 de
904 1506 1009 1545 istius
1039 1505 1184 1544 nefario
1214 1505 1351 1544 scelere
1377 1505 1507 1544 audire
1532 1506 1693 1558 poffent.
1727 1505 1946 1544 Constitui-

535 1587 599 1616 tur
634 1577 673 1614 in
709 1574 792 1613 foro
827 1573 1024 1612 Laodiceae
1059 1572 1320 1626 speetaculum
1354 1573 1551 1617 acerbum,
1596 1581 1634 1610 et
1663 1571 1862 1617 miserum,
1908 1581 1947 1611 et

536 1656 648 1696 grave
680 1642 753 1680 toti
787 1640 883 1679 Asiae
918 1639 1151 1692 provinciae5
1190 1639 1342 1691 grandis
1371 1648 1463 1677 natu
1498 1652 1647 1691 parens,
1679 1637 1865 1676 adductus
1900 1638 1947 1676 ad

536 1709 800 1762 supplicium,
833 1720 879 1744 ex
901 1706 1016 1744 altera
1046 1714 1150 1758 parte
1182 1705 1313 1744 filius:
1346 1706 1425 1750 ille,
1458 1705 1565 1758 quod
1584 1704 1815 1758 pudicitiam
1846 1705 1948 1743 libe-

536 1789 667 1814 rorum
684 1793 695 1820 3
728 1773 807 1818 hic,
840 1772 945 1825 quod
971 1772 1092 1810 vitam
1124 1772 1256 1824 patris,
1288 1771 1512 1824 famamque
1542 1771 1678 1810 sororis
1709 1769 1945 1810 defenderat.

538 1832 674 1881 Flebat
695 1850 870 1890 uterque,
903 1853 980 1876 non
1002 1839 1048 1875 de
1069 1837 1134 1876 suo
1154 1838 1360 1890 supplicio,
1392 1838 1452 1876 sed
1478 1847 1585 1890 pater
1618 1837 1665 1874 de
1699 1836 1772 1874 filii
1807 1845 1947 1882 morte,

538 1909 583 1945 de
605 1907 719 1959 patris
740 1905 857 1942 filius.
882 1904 991 1954 Qid
1012 1902 1300 1954 lachrymarum
1320 1903 1448 1955 ipsum
1470 1903 1669 1941 Neronem
1689 1902 1833 1954 putatis
1854 1916 1948 1955 pro-

538 1972 699 2011 fudisse?
733 1984 850 2023 quem
872 1970 1009 2008 fletum
1028 1970 1145 2007 totius
1167 1969 1263 2007 Afiae
1282 1968 1419 2007 fuiffe?
1452 1982 1569 2021 quern
1587 1969 1739 2007 luetum
1759 1977 1797 2006 et
1816 1969 1946 2022 gemi-

538 2048 626 2077 tum
648 2036 998 2089 Lampsacenorum
1018 2037 1030 2073 ?
1063 2035 1183 2074 securi
1203 2035 1274 2073 effe
1294 2035 1483 2088 percuffos
1503 2034 1683 2074 homines
1708 2035 1949 2082 innocentes,

538 2105 702 2148 nobiles,
736 2103 855 2141 socios
887 2102 1022 2155 populi
1043 2102 1227 2147 Romani,
1260 2111 1375 2154 atque
1402 2102 1562 2147 amicos,
1593 2110 1748 2154 propter
1775 2101 1949 2141 hominis

541 2169 818 2224 flagitiosissimi
847 2169 1076 2222 singularem
1110 2168 1340 2221 nequitiam,
1371 2177 1484 2222 atque
1516 2167 1841 2221 improbiffimam
1874 2181 1946 2206 cu-

540 2238 742 2290 piditatem
764 2236 776 2272 ?

596 2303 684 2353 Jam
699 2302 796 2353 jam,
820 2299 1039 2343 Dolabella,
1076 2313 1200 2352 neque
1234 2313 1297 2337 me
1327 2300 1397 2344 tui,
1430 2312 1553 2351 neque
1583 2307 1740 2335 tuorum
1761 2297 1944 2343 liberum,

540 2382 636 2420 quos
659 2377 700 2405 tu
723 2367 876 2405 miseros
899 2367 937 2404 in
959 2366 1132 2418 egestate,
1166 2375 1279 2418 atque
1300 2367 1339 2404 in
1369 2366 1573 2403 solitudine
1595 2364 1795 2416 reliquisti,
1831 2364 1947 2402 mise-

542 2448 574 2472 ιτ
601 2450 608 2471 J
634 2455 653 2486 3
800 2433 982 2471 Vtra-sne
1004 2433 1070 2470 tihi
1100 2433 1189 2469 {mai
1212 2432 1301 2478 suit,
1331 2441 1373 2470 ut
1392 2433 1472 2485 ejus
1493 2431 1714 2476 libidinem,
1735 2430 1946 2470 hominum
