2201 2792
444 214 494 269 55
965 210 1322 250 ORATIO

499 313 572 351 III.
597 311 775 350 Primum
796 324 816 348 a
837 309 1089 362 Chrysogono
1109 317 1212 362 peto,
1234 316 1279 346 ut
1299 306 1474 361 pecunia,
1496 304 1738 358 fortunisque
1758 306 1846 344 nos-

443 380 511 418 tris
533 387 737 417 contentus
759 377 818 421 fit,
840 376 1063 429 sanguinem
1083 385 1121 413 et
1144 376 1263 413 vitam
1283 387 1331 412 ne
1350 382 1478 427 petat:
1509 372 1647 410 deinde
1676 386 1696 409 a
1721 373 1846 415 vobis,

443 446 615 498 Judices,
649 454 691 482 ut
711 443 913 481 audacium
932 442 1060 480 sceleri
1081 441 1265 486 resistatis,
1297 440 1568 478 innocentium
1589 438 1848 477 calamitatem

443 513 590 556 levetis,
622 520 660 549 et
690 511 731 548 in
751 509 858 548 causa
879 510 964 548 Sex.
988 508 1133 553 Roscii,
1155 507 1389 561 periculum,
1423 506 1528 559 quod
1559 506 1601 544 in
1627 518 1761 544 omnes
1782 505 1845 544 in-

443 579 627 623 tenditur,
649 575 891 630 propulsetis.

502 645 620 696 Qod
641 644 667 681 fi
698 652 762 681 aut
792 642 900 680 causa
930 641 1120 686 criminis,
1154 649 1220 678 aut
1247 639 1338 678 faeti
1365 639 1540 692 suspiciO,
1571 646 1637 676 aut
1668 636 1850 690 quaelibet

446 711 612 763 denique
643 708 703 747 vel
724 709 888 746 minima
921 722 977 745 res
1013 708 1233 760 reperietur,
1269 706 1526 758 quamobrem
1559 704 1759 743 videantur
1790 702 1851 741 illi

445 775 626 816 nonnihil
647 786 776 813 tamen
799 776 837 812 in
858 773 1064 812 deferendo
1085 774 1242 812 nomine
1261 773 1379 811 secuti
1395 791 1408 818 i
1439 772 1645 826 postremo,
1669 771 1696 809 fi
1717 778 1850 824 praeter

445 857 530 881 eam
550 842 732 895 praedam,
755 854 871 893 quam
893 840 987 886 dixi,
1005 841 1221 893 quidquam
1241 840 1345 878 aliud
1362 839 1479 878 causae
1500 837 1746 882 inveneritis3
1770 849 1849 875 non

446 909 676 952 recusamus,
711 907 806 959 quin
838 906 996 944 illorum
1027 907 1184 944 libidini
1205 908 1290 944 Sex.
1313 905 1444 944 Roscii
1469 905 1548 944 vita
1568 904 1740 943 dedatur.
1784 902 1851 940 Sin

445 975 549 1013 aliud
570 975 696 1027 agitur
715 972 829 1017 nihil,
865 973 947 1018 nifi,
983 982 1027 1010 ut
1058 973 1103 1010 iis
1124 986 1171 1010 ne
1192 972 1286 1024 quid
1317 972 1424 1015 desit,
1459 970 1601 1022 quibus
1633 969 1719 1008 satis
1751 967 1852 1007 nihil

445 1041 497 1079 est
514 1059 524 1085 ς
557 1041 583 1079 fi
609 1040 685 1078 hoc
706 1040 830 1077 solum
851 1038 926 1077 hoc
947 1048 1122 1090 tempore
1142 1046 1350 1091 pugnatur,
1381 1045 1425 1074 ut
1445 1038 1491 1074 ad
1520 1036 1630 1084 illam
1660 1036 1851 1089 opimam,

445 1106 742 1160 praeclaramque
761 1104 927 1157 praedam
947 1104 1144 1142 damnatio
1165 1105 1251 1142 Sex.
1273 1102 1419 1147 Roscii,
1439 1103 1545 1140 velut
1567 1101 1764 1146 cumulus,
1787 1113 1852 1139 ac-

445 1173 581 1217 cedat;
613 1184 742 1210 nonne
773 1184 866 1207 cum
887 1169 1012 1207 multa
1042 1169 1215 1221 indigna,
1247 1177 1334 1206 tum
1354 1168 1412 1206 vel
1440 1166 1515 1205 hoc
1542 1165 1854 1219 indigniffimum

445 1238 512 1282 est,
534 1251 600 1275 vos
621 1237 777 1274 idoneos
796 1234 966 1280 habitos,
988 1248 1053 1287 per
1069 1248 1236 1287 quorum
1255 1233 1470 1277 sententias,
1485 1232 1627 1285 jusque
1640 1232 1854 1285 jurandum

446 1304 487 1342 id
515 1302 766 1355 affequantur,
802 1300 907 1353 quod
940 1310 1050 1339 antea
1080 1300 1149 1353 ipsi
1171 1300 1307 1338 scelere
1341 1308 1378 1337 et
1398 1298 1498 1337 ferro
1528 1297 1671 1350 assequi
1690 1297 1852 1337 consue-

447 1378 538 1408 runt
555 1369 568 1405 ?
601 1368 683 1419 Qi
703 1380 751 1405 ex
771 1367 926 1404 civitate
946 1366 987 1404 in
1008 1365 1181 1404 senatum
1200 1374 1356 1418 propter
1382 1364 1627 1417 dignitatern,
1656 1377 1703 1402 ex
1723 1363 1855 1402 senatu

446 1438 488 1475 in
518 1434 593 1473 hoc
626 1433 833 1473 confilium
866 1433 1001 1471 delec‘ti
1027 1432 1111 1470 estis
1145 1441 1300 1485 propter
1320 1431 1571 1476 severitatem,
1604 1430 1652 1468 ab
1682 1429 1743 1469 his
1778 1429 1855 1468 hoc

447 1501 636 1556 postulare
654 1499 833 1538 homines
854 1498 1017 1544 ficarios,
1049 1508 1163 1551 atque
1183 1498 1423 1551 gladiatores,
1451 1511 1529 1535 non
1556 1496 1673 1535 modo
1694 1505 1737 1534 ut
1763 1495 1854 1549 sup-

446 1567 565 1622 plicia
585 1567 721 1611 vitent,
743 1579 828 1618 quae
847 1579 868 1603 a
887 1565 995 1604 vobis
1016 1579 1086 1618 pro
1106 1564 1306 1602 maleficiis
1327 1563 1401 1601 suis
1422 1572 1593 1602 metuere
1619 1571 1735 1615 atque
1761 1561 1855 1600 hor-

447 1646 528 1671 rere
548 1632 703 1676 debent,
738 1644 874 1669 verum
894 1631 1011 1669 etiam
1043 1638 1087 1668 ut
1108 1630 1238 1683 spoliis
1260 1630 1347 1668 Sex.
1369 1629 1500 1668 Roscii
1521 1627 1597 1667 hoc
1611 1628 1763 1682 judicio
1790 1641 1856 1667 or-

448 1700 529 1738 nati
549 1699 728 1751 au&ique
748 1698 942 1736 discedant
959 1698 974 1734 ?

504 1765 575 1804 IV.
608 1764 685 1803 His
717 1764 764 1802 de
794 1764 905 1802 rebus
927 1763 1058 1808 tantis,
1094 1772 1255 1815 tamque
1286 1762 1495 1807 atrocibus,
1530 1775 1657 1814 neque
1677 1761 1762 1800 satis
1793 1774 1858 1799 me

449 1830 658 1869 commode
677 1829 817 1874 dicere,
837 1843 963 1880 neque
979 1829 1064 1866 satis
1085 1829 1249 1880 graviter
1266 1828 1466 1880 conqueri,
1488 1840 1613 1878 neque
1630 1826 1715 1864 satis
1736 1826 1857 1864 libere

449 1895 651 1934 vociferari
672 1895 771 1947 posse
803 1894 995 1946 intelligo.
1037 1895 1146 1932 Nam
1178 1893 1449 1931 commoditati
1481 1892 1698 1944 ingenium,
1730 1893 1858 1945 gravi-

449 1962 519 2000 tati
541 1971 641 2006 aetas,
665 1961 831 1998 libertati
852 1971 1024 2013 tempora
1044 1960 1129 1997 sunt
1150 1959 1444 2012 impedimento,
1468 1960 1562 1997 Huc
1583 1959 1729 1997 accedit
1749 1959 1857 1997 sum-

452 2041 539 2066 mus
563 2028 693 2071 timor,
715 2040 834 2078 quem
855 2026 955 2064 mihi
977 2035 1122 2071 natura,
1154 2026 1354 2078 pudorque
1374 2039 1482 2064 meus
1504 2025 1693 2070 attribuit,
1717 2034 1755 2063 et
1776 2025 1858 2064 ves-

453 2104 509 2132 tra
529 2094 709 2146 dignita&
731 2103 770 2130 et
790 2093 846 2131 vis
864 2092 1175 2137 adversariorum,
1199 2101 1235 2130 et
1257 2095 1343 2130 Sex.
1367 2091 1497 2130 Roscii
1517 2091 1700 2144 pericula.
1748 2092 1858 2143 Qa-

452 2170 607 2214 propter
642 2173 707 2197 vos
741 2172 822 2204 oro,
857 2168 970 2211 atque
1004 2158 1172 2202 obsecro,
1205 2158 1375 2209 Judices‚
1419 2166 1461 2195 ut
1488 2166 1644 2202 attente,
1682 2157 1859 2209 bonaque

452 2241 545 2265 cum
567 2226 673 2263 venia
702 2226 814 2263 verba
835 2239 917 2263 mea
935 2226 1108 2263 audiatis.
1156 2225 1265 2270 Fide,
1298 2224 1555 2277 sapientiaque
1586 2224 1703 2262 vestra
1722 2222 1858 2270 fretus,

453 2294 539 2345 plus
562 2293 685 2330 oneris
707 2292 851 2337 sustuli,
887 2305 1005 2344 quam
1026 2291 1122 2329 ferre
1155 2304 1217 2329 me
1238 2290 1338 2342 posse
1360 2291 1550 2342 intelligo.
1598 2290 1688 2328 Hoc
1715 2303 1811 2328 onus
1833 2290 1859 2328 fi

454 2373 519 2396 vos
551 2360 677 2411 aliqua
711 2372 757 2396 ex
793 2367 897 2411 parte
932 2358 1159 2401 allevamus,
1200 2355 1335 2401 feram,
1379 2365 1421 2394 ut
1453 2365 1600 2409 potero,
1637 2355 1776 2401 studio,
1822 2365 1859 2394 et

454 2425 648 2469 industria,
672 2426 858 2477 Judices:
910 2425 962 2462 fin
997 2438 1017 2462 a
1048 2424 1155 2462 vobis
1194 2423 1251 2475 (id
1286 2423 1390 2475 quod
1418 2436 1494 2461 non
1530 2422 1653 2476 spero)
1686 2422 1856 2467 deserar3

455 2499 582 2529 tamen
615 2492 746 2529 animo
774 2505 852 2529 non
884 2490 1077 2535 deficiam,
1108 2499 1146 2527 et
1166 2489 1219 2534 id,
1252 2489 1356 2541 quod
1377 2488 1533 2541 suscepi,
1555 2488 1681 2541 quoad
1712 2498 1859 2541 potero,

454 2554 657 2610 perferam.
701 2556 820 2607 Qod
841 2556 865 2594 fi
886 2554 1051 2609 perferre
1070 2569 1147 2595 non
1168 2564 1314 2608 potero,
1339 2554 1508 2607 opprimi
1527 2568 1588 2593 me
1608 2567 1722 2594 onere
1742 2553 1861 2594 officii
