2201 2792
494 191 575 230 454
927 176 1017 214 IN
1089 175 1469 213 VERREM

494 277 663 327 bamque
685 273 881 312 fortunam
901 273 907 310 !
941 287 1018 311 non
1040 274 1160 311 vitam
1181 273 1364 318 liberum,
1396 273 1457 311 sed
1479 274 1613 311 mortis
1639 273 1888 317 celeritatem,

492 342 616 394 pretio
637 341 821 378 redimere
843 340 1078 392 cogebantur
1109 348 1296 391 parentes.
1330 340 1462 391 Atque
1493 340 1561 392 ipfi
1596 340 1711 377 etiam
1743 339 1890 377 adoles-

493 418 620 446 centes
641 421 731 444 cum
756 406 872 443 Sestio
905 406 950 442 de
970 405 1103 442 eadem
1123 405 1248 457 plaga,
1281 414 1318 442 et
1339 405 1385 442 de
1418 419 1494 443 uno
1521 406 1590 443 illo
1621 407 1714 451 ictu,
1751 406 1890 458 loque-

494 474 659 512 bantur:
692 473 808 523 idque
829 471 1066 523 postremum
1098 480 1269 523 parentes
1306 471 1389 509 suos
1416 471 1529 508 liberi
1548 472 1719 516 orabant,
1756 481 1798 509 ut
1832 472 1889 508 le-

494 540 607 577 vandi
628 538 817 577 cruciatus
832 537 887 574 sui
903 538 1023 590 gratia
1036 537 1181 574 Lictori
1198 537 1362 589 pecunia
1378 538 1541 575 daretur.
1565 538 1690 575 Multi
1709 546 1745 574 et
1761 550 1889 589 graves

494 606 641 644 dolores
676 604 822 642 inventi
854 603 1073 655 parentibus
1105 612 1143 640 et
1173 603 1428 654 propinquis3
1462 603 1607 641 multi:
1641 612 1889 640 veruntamen

493 685 596 710 mors
618 671 662 708 sit
682 679 867 708 extrema.
905 668 1000 706 Non
1028 669 1113 706 erit.
1147 668 1263 705 Estne
1295 668 1442 720 aliquid
1463 669 1575 713 ultra,
1614 683 1692 721 quo
1713 668 1891 721 progredi

493 737 697 775 crudelitas
734 735 874 788 poffit?
908 735 1159 787 Reperietur:
1194 748 1298 779 nam,
1332 735 1490 773 illorum
1524 735 1635 772 liberi
1668 748 1759 772 cum
1779 744 1891 773 erunt

494 804 613 842 securi
634 802 810 855 percusti,
830 814 872 838 ac
893 802 1031 845 necati,
1051 814 1210 853 corpora
1229 800 1318 838 feris
1339 801 1583 852 objicientur.
1607 802 1698 838 Hoc
1719 801 1745 838 s1
1762 801 1890 839 luctu-

493 870 601 907 osum
623 869 676 906 est
696 867 857 921 parenti,
881 867 1044 905 redimat
1064 867 1186 920 pretio
1204 866 1409 919 sepeliendi
1427 867 1667 919 potestatem.

550 935 723 973 Onasum
757 933 1017 986 Segestanum,
1052 932 1258 971 hominem
1280 933 1468 978 nobilem,
1506 933 1631 971 dicere
1658 933 1825 977 audistis,
1858 933 1894 971 se

493 1003 543 1041 ob
566 1002 800 1054 sepulturam
821 1000 995 1038 Heraclii
1015 998 1195 1038 navarchi
1217 1000 1420 1052 pecuniam
1441 999 1690 1038 Timarchidi
1710 1000 1890 1038 dinume-

496 1069 599 1107 raffe.
632 1069 723 1106 Hoc
758 1067 823 1119 (ne
857 1066 968 1119 poffis
1001 1067 1153 1112 dicere;
1180 1076 1309 1119 patres
1339 1067 1428 1105 enim
1447 1067 1612 1111 veniunt,
1648 1067 1773 1118 amjffis
1785 1067 1890 1118 filiis,

493 1136 601 1187 irati)
635 1135 693 1172 vir
714 1134 932 1186 primarius,
964 1132 1086 1171 homo
1118 1133 1390 1178 nobiliflimus,
1428 1134 1546 1178 dicit;
1579 1147 1704 1186 neque
1735 1134 1780 1171 de
1810 1133 1893 1171 filio

492 1203 603 1240 dicit.
636 1203 724 1252 Jarn
745 1199 835 1245 hoc,
869 1200 956 1251 quis
991 1209 1077 1237 tum
1108 1199 1184 1238 fuit
1217 1200 1418 1251 Syracusis,
1455 1201 1550 1252 quin
1585 1200 1759 1244 audierit,
1797 1200 1892 1251 quin

494 1269 598 1313 sciat,
620 1267 686 1305 has
708 1280 774 1319 per
793 1265 1092 1304 Timarchidem
1115 1266 1305 1318 pactiones
1328 1266 1527 1318 sepulturae
1548 1280 1640 1304 cum
1658 1267 1753 1303 vivis
1774 1266 1891 1303 etiam

494 1335 572 1372 illis
593 1334 663 1372 ess'e
684 1332 797 1370 facias
819 1332 832 1369 ?
855 1331 949 1370 Non
972 1332 1099 1384 palam
1119 1345 1210 1369 cum
1233 1331 1486 1369 Timarchide
1506 1332 1790 1384 loquebantur?
1813 1345 1890 1370 non

494 1414 628 1438 omnes
649 1399 829 1437 omnium
861 1399 1071 1451 propinqui
1102 1397 1413 1436 adhibebantur?
1447 1412 1523 1436 non
1554 1399 1679 1450 palam
1713 1398 1890 1436 vivorum

494 1466 628 1504 funera
649 1465 898 1503 locabantur?
932 1464 1086 1515 Qibus
1121 1465 1234 1502 rebus
1265 1465 1449 1502 omnibus
1485 1465 1575 1502 actis
1608 1473 1722 1516 atque
1741 1463 1888 1509 decisis,

494 1534 761 1586 producuntur
780 1545 800 1569 e
817 1544 978 1575 carcere,
1000 1539 1037 1568 et
1058 1530 1276 1583 deligantur
1291 1531 1337 1569 ad
1358 1531 1504 1584 palum.

550 1600 698 1638 XLVI.
732 1599 832 1650 Qis
855 1606 932 1636 tam
953 1597 1030 1635 fuit
1050 1596 1119 1635 illo
1140 1607 1313 1651 tempore
1334 1598 1450 1636 durus
1471 1607 1509 1636 et
1529 1597 1686 1643 ferreus,
1709 1597 1795 1650 quis
1813 1606 1891 1636 tam

493 1664 745 1709 inhumanus,
778 1673 912 1717 praeter
933 1677 1055 1702 unum
1076 1672 1126 1709 te,
1160 1664 1226 1716 qui
1249 1678 1326 1702 non
1346 1664 1504 1702 illorum
1532 1673 1652 1709 aetate,
1675 1663 1890 1709 nobilitate,

494 1731 656 1775 miseria,
680 1738 992 1768 commoveretur
1010 1730 1022 1767 ?
1055 1730 1202 1783 Ecquis
1224 1729 1314 1775 fuit,
1339 1730 1435 1783 quin
1456 1730 1729 1782 lacrymaretur
1749 1730 1762 1767 ?
1794 1730 1891 1781 quin

493 1800 547 1835 ita
566 1797 824 1848 calamitatem
846 1805 997 1849 putaret
1029 1796 1203 1841 illorum,
1231 1807 1274 1835 ut
1300 1796 1497 1835 fortunam
1528 1806 1656 1834 tamen
1688 1810 1766 1834 non
1797 1796 1890 1833 alie-

494 1877 599 1908 nam,
614 1862 832 1915 periculum
853 1871 983 1899 autem
999 1875 1224 1907 commune,
1242 1863 1303 1914 agi
1319 1862 1584 1900 arbitraretur?
1606 1862 1814 1900 Feriuntur
1834 1861 1890 1899 se-

494 1930 591 1967 curi.
616 1928 772 1967 Laetaris
794 1936 835 1964 tu
856 1927 895 1964 in
915 1928 1095 1965 omnium
1110 1929 1276 1980 gemitu,
1298 1936 1336 1965 et
1357 1926 1572 1980 triumphas
1591 1942 1600 1965 ;
1636 1927 1744 1965 testes
1769 1927 1890 1966 avari-

494 1996 557 2033 tiae
579 2004 651 2031 tuae
672 1993 811 2045 gaudes
830 1992 901 2030 effe
923 1993 1102 2031 sublatos.
1136 1994 1310 2038 Errabas‚
1333 1994 1485 2038 Verres,
1507 2002 1544 2031 et
1563 1992 1809 2031 vehementer
1829 2006 1890 2031 er-

494 2062 615 2105 rabas,
652 2074 744 2097 cum
767 2068 802 2097 te
823 2059 990 2097 maculas
1011 2058 1206 2097 furtorum
1234 2069 1272 2098 et
1303 2059 1538 2112 flagitiorum
1560 2068 1732 2105 tuorum,
1766 2059 1890 2098 socio-

495 2141 582 2165 rum
603 2126 873 2164 innocentium
895 2124 1090 2177 sanguine,
1113 2126 1238 2164 eluere
1258 2126 1484 2164 arbitrabare
1503 2141 1512 2164 :
1535 2139 1702 2179 praeceps
1723 2125 1891 2164 amentia

495 2193 675 2237 ferebare,
698 2193 764 2245 qui
788 2202 824 2229 te
844 2191 1075 2230 existimares
1097 2194 1259 2231 avaritiae
1280 2193 1436 2231 vulnera
1453 2193 1690 2231 crudelitatis
1712 2191 1889 2230 remediis

496 2259 597 2313 poffe
618 2259 757 2297 sanare.
791 2258 949 2296 Etenim
968 2272 1188 2310 quanquam
1210 2258 1268 2296 illi
1290 2259 1377 2297 sunt
1397 2259 1542 2296 mortui
1563 2258 1711 2296 sceleris
1737 2259 1794 2295 tui
1816 2256 1890 2294 tes-

496 2336 567 2371 tes,
591 2335 719 2364 tamen
740 2338 874 2363 eorum
896 2325 1104 2377 propinqui
1126 2338 1249 2377 neque
1270 2325 1356 2369 tibi,
1379 2339 1502 2376 neque
1523 2324 1614 2368 illis,
1637 2323 1798 2368 desunt;
1832 2332 1890 2361 ta-

496 2407 585 2431 men
606 2406 652 2430 ex
674 2393 742 2429 illo
763 2391 844 2444 ipso
867 2404 1029 2429 numero
1050 2390 1327 2429 navarchorum
1349 2391 1470 2443 aliqui
1497 2391 1646 2435 vivunt,
1668 2399 1706 2428 ct
1726 2389 1886 2434 adsunt3

496 2471 608 2510 quos,
631 2467 673 2495 ut
694 2456 792 2495 mihi
814 2457 976 2502 videtur,
999 2457 1044 2494 ab
1066 2457 1224 2495 illorum
1246 2457 1515 2494 innocentium
1533 2469 1646 2509 poena
1671 2455 1825 2494 fortuna
1845 2455 1891 2493 ad

496 2523 596 2563 hanc
617 2523 765 2563 causam
790 2524 1000 2564 reservavit.
1035 2524 1151 2562 Adest
1173 2522 1374 2576 Philargus
1397 2523 1653 2569 Haluntinus,
1687 2523 1769 2576 qui,
1802 2522 1892 2575 quia
