2201 2792
468 218 541 246 122
863 207 935 246 IN
994 208 1062 260 Q
1109 207 1480 247 cAEcerM
1527 209 1532 213 ⁷

462 305 701 345 accusatione
722 305 903 352 dicimus,
935 307 1117 346 concedas
1138 317 1289 362 oportet
1309 309 1369 354 iis,
1405 308 1474 361 qui
1494 308 1603 347 nullo
1623 307 1689 347 suo
1708 315 1864 361 peccato

461 372 743 426 impediuntur,
765 386 844 426 quo
864 373 994 412 minus
1016 374 1167 412 alterius
1188 384 1342 427 peccata
1361 375 1617 413 demonstrare
1637 375 1789 428 poffint.

516 439 579 477 Ac
599 439 698 484 vide,
730 448 921 491 quantum
939 438 1218 478 interfuturum
1249 441 1294 478 fit
1319 441 1419 478 inter
1449 454 1592 485 meam,
1623 450 1737 493 atque
1757 449 1865 478 tuam

461 504 756 543 accusationem.
789 505 889 557 Ego,
923 505 1039 543 etiam
1069 519 1154 558 quae
1186 515 1228 544 tu
1248 506 1324 544 fine
1344 506 1461 544 Verre
1487 506 1725 551 commifisti‚
1753 505 1863 543 Verri

460 571 620 609 crimini
639 571 795 609 daturus
825 571 925 615 sum,
958 571 1064 624 quod
1095 580 1132 609 te
1163 585 1240 610 non
1271 571 1527 625 prohibuerit,
1556 585 1649 610 cum
1670 571 1865 610 summam

460 636 540 689 ipse
573 636 731 675 haberet
760 637 1013 690 potestatem3
1046 646 1089 676 tu
1113 647 1259 683 contra,
1290 652 1339 676 ne
1359 652 1443 690 quae
1477 638 1544 676 ille
1563 637 1724 690 quidem
1755 636 1865 681 fecit,

460 703 634 756 objicies,
656 717 704 742 ne
724 717 800 756 qua
818 716 865 741 ex
885 713 989 756 parte
1009 705 1236 757 conjunctus
1257 719 1351 743 cum
1371 718 1416 742 eo
1436 705 1630 758 reperiare.

517 770 627 822 Qid
661 770 742 816 illa,
774 770 936 809 Caecili?
978 772 1308 810 contemnendane
1343 771 1417 810 tibi
1451 771 1629 809 videntur
1663 770 1747 815 effe,
1790 770 1866 808 fine

459 836 601 889 quibus
621 836 730 874 causa
748 835 933 881 sustineri,
965 837 1171 890 praesertim
1194 847 1309 883 tanta,
1343 837 1453 875 nullo
1475 837 1592 876 modo
1612 836 1761 890 potest?
1794 836 1865 873 ali-

459 916 537 955 qua
555 902 716 942 facultas
737 903 901 956 agendi?
932 903 1060 956 aliqua
1079 904 1231 943 dicendi
1259 904 1525 944 consuetudo?
1556 903 1684 956 aliqua
1703 904 1744 942 in
1764 902 1865 947 foro,

451 969 626 1021 judiciis,
648 970 812 1022 legibus,
843 978 908 1008 aut
928 970 1038 1015 ratio,
1061 980 1125 1008 aut
1145 971 1392 1009 exercitatio?

513 1035 710 1087 Intelligo,
742 1047 861 1086 quam
894 1034 1093 1087 scopuloso
1123 1035 1351 1086 difficilique
1382 1034 1422 1072 in
1453 1034 1540 1072 loco
1560 1033 1696 1073 verser.
1740 1034 1864 1078 Nam,

456 1114 552 1139 cum
585 1101 714 1139 omnis
734 1101 948 1153 arrogantia
978 1101 1106 1139 odiosa
1131 1101 1198 1146 est,
1230 1110 1317 1140 tum
1342 1101 1409 1139 illa
1441 1101 1603 1154 ingenii,
1633 1109 1748 1153 atque
1781 1101 1865 1140 elo-

456 1167 626 1220 quentiae
647 1168 774 1206 multo
809 1167 1083 1205 molestissima.
1141 1167 1409 1217 Qamobrem
1445 1166 1543 1204 nihil
1576 1167 1663 1204 dico
1698 1167 1745 1204 de
1775 1180 1865 1204 meo

454 1233 615 1286 ingenio
627 1252 640 1278 5
662 1245 788 1284 neque
807 1232 860 1269 est
880 1233 984 1283 quod
1004 1231 1141 1284 poffim
1159 1232 1283 1270 dicere
1300 1251 1311 1277 5
1344 1246 1480 1284 neque,
1502 1232 1528 1270 fi
1548 1232 1649 1277 effet,
1672 1232 1861 1271 dicerem:

456 1307 522 1336 aut
542 1298 649 1336 enim
670 1298 710 1335 id
730 1296 830 1335 mihi
851 1296 1023 1343 satis'est,
1054 1297 1160 1350 quod
1191 1297 1244 1335 est
1264 1298 1309 1336 de
1343 1312 1406 1336 me
1427 1298 1635 1351 opinionis,
1671 1299 1865 1351 quidquid

456 1364 535 1410 est3
567 1373 646 1408 aut,
682 1363 709 1401 fi
729 1363 768 1400 id
788 1376 925 1416 parum
945 1363 1010 1408 est,
1042 1377 1114 1416 ego
1134 1365 1258 1416 majus
1292 1364 1332 1402 id
1365 1364 1709 1403 commemorando
1739 1363 1864 1402 facere

455 1444 535 1469 non
556 1429 722 1483 poffum.

510 1497 606 1535 XII.
630 1496 693 1533 De
713 1504 764 1540 te,
789 1495 936 1540 Caecili,
954 1496 1037 1547 jam
1060 1494 1282 1534 mehercule
1302 1494 1378 1534 hoc
1398 1504 1504 1534 extra
1522 1495 1622 1534 hanc
1643 1497 1862 1535 contendo-

453 1575 547 1601 nem
579 1569 850 1613 certamenque
880 1561 1052 1599 nostrum
1083 1560 1322 1600 familiariter
1354 1571 1484 1600 tecum
1505 1562 1653 1615 loquar.
1690 1563 1757 1600 Tu
1786 1562 1864 1615 ipse

454 1628 790 1681 quemadmodum
811 1627 1016 1673 existimes,
1038 1628 1125 1666 vide
1146 1629 1262 1667 etiam
1292 1637 1408 1680 atque
1427 1629 1544 1666 etiam
1557 1647 1569 1674 ;
1602 1637 1640 1668 et
1660 1637 1703 1666 tu
1724 1637 1761 1666 te
1776 1628 1861 1666 col-

453 1695 559 1747 lige3
592 1703 643 1738 et,
675 1694 744 1745 qui
765 1693 824 1738 sis,
856 1702 894 1731 et
921 1693 1015 1745 quid
1042 1692 1165 1732 facere
1184 1694 1319 1747 poffis,
1350 1694 1558 1732 considera.
1619 1694 1794 1739 Putasne,
1826 1703 1864 1733 te

453 1760 556 1813 poffe
576 1760 623 1798 de
643 1760 841 1805 maximis,
862 1759 1185 1813 acerbissimisque
1206 1761 1332 1806 rebus,
1360 1774 1454 1799 cum
1481 1760 1631 1800 causam
1654 1760 1861 1806 sociorum,

455 1821 704 1878 fortunasque
732 1826 951 1877 provinciae,
977 1827 1042 1877 jus
1073 1827 1210 1879 populi
1238 1827 1422 1871 Romani,
1452 1827 1679 1878 gravitatem
1705 1826 1861 1878 judicii,

455 1892 667 1944 legumque
701 1890 919 1941 susceperis,
957 1898 1016 1928 tot
1054 1904 1126 1935 res,
1158 1900 1238 1929 tam
1277 1904 1422 1943 graves,
1464 1901 1544 1928 tam
1581 1892 1713 1936 varias,
1753 1905 1859 1937 voce,

456 1957 660 2000 memoria,
696 1955 868 1999 confilio,
901 1955 1071 2007 ingenio,
1109 1955 1317 1994 sustinere?
1350 1956 1526 2001 Putasne,
1559 1965 1595 1994 te
1629 1956 1746 2009 posse,
1777 1971 1862 2009 quae

458 2023 505 2060 C.
529 2022 666 2060 Verres
687 2022 728 2059 in
749 2020 946 2072 quaestura,
978 2035 1063 2073 quae
1094 2021 1134 2059 in
1166 2022 1368 2074 legatione,
1393 2036 1478 2074 quae
1508 2023 1548 2059 in
1569 2032 1744 2074 praetura,
1776 2037 1862 2076 quae

457 2088 608 2132 Romae,
642 2101 726 2139 quae
758 2087 797 2123 in
819 2086 940 2131 Italia,
974 2100 1058 2139 quae
1079 2087 1119 2124 in
1140 2086 1300 2132 Achaia,
1332 2087 1434 2133 Asia,
1456 2087 1764 2140 Pamphyliaque
1792 2102 1861 2141 pa-

456 2155 577 2199 trarit,
613 2167 668 2198 ea,
710 2153 1041 2205 quemadmodum
1076 2154 1170 2192 locis
1202 2154 1516 2207 temporibusque
1547 2155 1663 2193 divisa
1694 2155 1780 2200 sint,
1811 2155 1862 2193 fic

457 2220 688 2259 criminibus
719 2228 757 2257 et
792 2220 960 2257 oratione
991 2219 1249 2273 distinguere?
1282 2221 1444 2260 Putasne
1475 2220 1590 2273 poffe,
1621 2220 1661 2257 id
1693 2220 1798 2272 quod
1820 2220 1860 2258 in

456 2286 644 2339 ejusmodi
663 2298 726 2324 reo
747 2285 916 2323 maxime
936 2285 1182 2323 necessarium
1203 2286 1268 2331 est,
1299 2286 1435 2330 facere,
1471 2294 1527 2330 ut,
1563 2299 1648 2337 quae
1668 2285 1735 2323 ille
1765 2286 1859 2324 libi-

457 2352 602 2397 dinose,
635 2365 719 2404 quae
754 2349 909 2396 nefarie,
940 2365 1025 2403 quae
1058 2352 1262 2390 crudeliter
1294 2352 1441 2396 fecerit,
1472 2364 1513 2388 ea
1538 2365 1644 2402 aeque
1664 2352 1796 2390 acerba
1822 2361 1860 2391 et

457 2418 614 2469 indigna
634 2417 833 2456 videantur
851 2416 922 2455 effe
956 2417 1017 2463 iis,
1049 2418 1116 2470 qui
1136 2418 1304 2463 audient,
1331 2427 1445 2469 atque
1465 2417 1543 2455 illis
1563 2417 1638 2455 visa
1656 2417 1758 2463 sunt,
1791 2419 1859 2471 qui

460 2484 650 2522 senserunt
666 2484 679 2520 ?

512 2550 661 2603 Magna
680 2549 766 2590 sunt
785 2564 840 2598 ea,
863 2564 948 2604 quae
967 2550 1069 2597 dico,
1096 2549 1196 2592 mihi
1215 2551 1350 2591 crede:
1382 2551 1463 2592 noli
1482 2550 1564 2590 haec
1595 2559 1856 2593 contemnere.
