<?xml version="1.0" encoding="UTF-8"?>
<!DOCTYPE html PUBLIC "-//W3C//DTD XHTML 1.0 Transitional//EN"
    "http://www.w3.org/TR/xhtml1/DTD/xhtml1-transitional.dtd">
<html xmlns="http://www.w3.org/1999/xhtml" xml:lang="en" lang="en">
 <head>
  <title>
</title>
<meta http-equiv="Content-Type" content="text/html;charset=utf-8" />
  <meta name='ocr-system' content='tesseract 3.04.00' />
  <meta name='ocr-capabilities' content='ocr_page ocr_carea ocr_par ocr_line ocrx_word'/>
</head>
<body>
  <div class='ocr_page' id='page_1' title='image "./operacumindicibu04ciceuoft_0337.png"; bbox 0 0 2201 2792; ppageno 0'>
   <div class='ocr_carea' id='block_1_1' title="bbox 576 167 1683 230">
    <p class='ocr_par' dir='ltr' id='par_1_1' title="bbox 576 167 1683 230">
     <span class='ocr_line' id='line_1_1' title="bbox 576 167 1683 230; baseline 0.002 -23"><span class='ocrx_word' id='word_1_1' title='bbox 576 167 922 208; x_wconf 87' lang='lat' dir='ltr'><strong>ACTIONIS</strong></span> <span class='ocrx_word' id='word_1_2' title='bbox 964 169 1017 207; x_wconf 93' lang='lat' dir='ltr'><strong>II.</strong></span> <span class='ocrx_word' id='word_1_3' title='bbox 1077 169 1288 209; x_wconf 91' lang='lat' dir='ltr'><strong>LIBER</strong></span> <span class='ocrx_word' id='word_1_4' title='bbox 1320 173 1394 211; x_wconf 87' lang='lat'>111.</span> <span class='ocrx_word' id='word_1_5' title='bbox 1606 191 1683 230; x_wconf 79' lang='lat'><strong>319</strong></span> 
     </span>
    </p>
   </div>
   <div class='ocr_carea' id='block_1_2' title="bbox 258 268 1687 2574">
    <p class='ocr_par' dir='ltr' id='par_1_2' title="bbox 274 268 1687 452">
     <span class='ocr_line' id='line_1_2' title="bbox 275 268 1687 324; baseline 0.005 -18"><span class='ocrx_word' id='word_1_6' title='bbox 275 268 384 307; x_wconf 89' lang='lat' dir='ltr'><strong>velis.</strong></span> <span class='ocrx_word' id='word_1_7' title='bbox 417 268 454 306; x_wconf 91' lang='lat' dir='ltr'><strong>Si</strong></span> <span class='ocrx_word' id='word_1_8' title='bbox 475 281 522 307; x_wconf 84' lang='lat' dir='ltr'><strong>ex</strong></span> <span class='ocrx_word' id='word_1_9' title='bbox 549 269 746 322; x_wconf 87' lang='lat' dir='ltr'><strong>provincia</strong></span> <span class='ocrx_word' id='word_1_10' title='bbox 779 269 908 307; x_wconf 89' lang='lat' dir='ltr'><strong>Sicilia</strong></span> <span class='ocrx_word' id='word_1_11' title='bbox 939 278 1019 308; x_wconf 92' lang='lat' dir='ltr'><strong>tota</strong></span> <span class='ocrx_word' id='word_1_12' title='bbox 1038 269 1175 308; x_wconf 89' lang='lat' dir='ltr'><strong>statuas</strong></span> <span class='ocrx_word' id='word_1_13' title='bbox 1197 270 1381 309; x_wconf 86' lang='lat' dir='ltr'><strong>idoneum</strong></span> <span class='ocrx_word' id='word_1_14' title='bbox 1397 272 1590 324; x_wconf 87' lang='lat' dir='ltr'><strong>judicem,</strong></span> <span class='ocrx_word' id='word_1_15' title='bbox 1622 285 1687 313; x_wconf 87' lang='lat' dir='ltr'><strong>aut</strong></span> 
     </span>
     <span class='ocr_line' id='line_1_3' title="bbox 276 335 1685 390; baseline 0.005 -18"><span class='ocrx_word' id='word_1_16' title='bbox 276 344 580 387; x_wconf 82' lang='lat' dir='ltr'>recuperatorem</span> <span class='ocrx_word' id='word_1_17' title='bbox 604 335 759 373; x_wconf 90' lang='lat' dir='ltr'><strong>nullum</strong></span> <span class='ocrx_word' id='word_1_18' title='bbox 782 335 884 388; x_wconf 83' lang='lat' dir='ltr'><strong>poffe</strong></span> <span class='ocrx_word' id='word_1_19' title='bbox 918 337 1088 389; x_wconf 88' lang='lat' dir='ltr'><strong>reperiri,</strong></span> <span class='ocrx_word' id='word_1_20' title='bbox 1118 336 1284 390; x_wconf 86' lang='lat' dir='ltr'><strong>postulat</strong></span> <span class='ocrx_word' id='word_1_21' title='bbox 1316 351 1336 376; x_wconf 84' lang='lat' dir='ltr'><strong>a</strong></span> <span class='ocrx_word' id='word_1_22' title='bbox 1368 347 1417 384; x_wconf 85' lang='lat' dir='ltr'><strong>te,</strong></span> <span class='ocrx_word' id='word_1_23' title='bbox 1451 349 1493 377; x_wconf 88' lang='lat' dir='ltr'><strong>ut</strong></span> <span class='ocrx_word' id='word_1_24' title='bbox 1514 341 1685 380; x_wconf 82' lang='lat' dir='ltr'>Romam</span> 
     </span>
     <span class='ocr_line' id='line_1_4' title="bbox 274 401 434 452; baseline 0.013 -15"><span class='ocrx_word' id='word_1_25' title='bbox 274 401 434 452; x_wconf 85' lang='lat' dir='ltr'><strong>rejicias.</strong></span> 
     </span>
    </p>

    <p class='ocr_par' dir='ltr' id='par_1_3' title="bbox 265 467 1685 1514">
     <span class='ocr_line' id='line_1_5' title="bbox 328 467 1682 525; baseline 0.005 -21"><span class='ocrx_word' id='word_1_26' title='bbox 328 467 410 505; x_wconf 88' lang='lat' dir='ltr'><strong>Hic</strong></span> <span class='ocrx_word' id='word_1_27' title='bbox 431 467 628 506; x_wconf 86' lang='lat' dir='ltr'><strong>enimvero</strong></span> <span class='ocrx_word' id='word_1_28' title='bbox 649 478 690 506; x_wconf 90' lang='lat' dir='ltr'><strong>tu</strong></span> <span class='ocrx_word' id='word_1_29' title='bbox 711 468 917 514; x_wconf 85' lang='lat' dir='ltr'>exclamas,</span> <span class='ocrx_word' id='word_1_30' title='bbox 947 468 1153 507; x_wconf 89' lang='lat' dir='ltr'><strong>hominem</strong></span> <span class='ocrx_word' id='word_1_31' title='bbox 1185 469 1426 523; x_wconf 85' lang='lat' dir='ltr'><strong>improbum,</strong></span> <span class='ocrx_word' id='word_1_32' title='bbox 1455 472 1523 524; x_wconf 90' lang='lat' dir='ltr'><strong>qui</strong></span> <span class='ocrx_word' id='word_1_33' title='bbox 1549 473 1682 525; x_wconf 88' lang='lat' dir='ltr'><strong>postu-</strong></span> 
     </span>
     <span class='ocr_line' id='line_1_6' title="bbox 273 531 1685 587; baseline 0.006 -17"><span class='ocrx_word' id='word_1_34' title='bbox 273 531 326 570; x_wconf 88' lang='lat' dir='ltr'><strong>let</strong></span> <span class='ocrx_word' id='word_1_35' title='bbox 344 533 398 571; x_wconf 89' lang='lat' dir='ltr'><strong>ibi</strong></span> <span class='ocrx_word' id='word_1_36' title='bbox 420 533 466 571; x_wconf 91' lang='lat' dir='ltr'><strong>de</strong></span> <span class='ocrx_word' id='word_1_37' title='bbox 487 543 552 571; x_wconf 87' lang='lat' dir='ltr'><strong>tua</strong></span> <span class='ocrx_word' id='word_1_38' title='bbox 571 535 850 573; x_wconf 81' lang='lat' dir='ltr'><strong>existimatione</strong></span> <span class='ocrx_word' id='word_1_39' title='bbox 864 535 1061 587; x_wconf 88' lang='lat' dir='ltr'><strong>judicium</strong></span> <span class='ocrx_word' id='word_1_40' title='bbox 1083 535 1179 581; x_wconf 85' lang='lat' dir='ltr'><strong>fieri,</strong></span> <span class='ocrx_word' id='word_1_41' title='bbox 1211 537 1279 574; x_wconf 87' lang='lat' dir='ltr'><strong>ubi</strong></span> <span class='ocrx_word' id='word_1_42' title='bbox 1302 546 1338 574; x_wconf 93' lang='lat' dir='ltr'><strong>te</strong></span> <span class='ocrx_word' id='word_1_43' title='bbox 1358 538 1591 577; x_wconf 86' lang='lat' dir='ltr'><strong>invidiosum</strong></span> <span class='ocrx_word' id='word_1_44' title='bbox 1613 540 1685 579; x_wconf 79' lang='lat' dir='ltr'><strong>effe</strong></span> 
     </span>
     <span class='ocr_line' id='line_1_7' title="bbox 271 598 1684 656; baseline 0.007 -20"><span class='ocrx_word' id='word_1_45' title='bbox 271 598 526 653; x_wconf 85' lang='lat' dir='ltr'><strong>intelligebat.</strong></span> <span class='ocrx_word' id='word_1_46' title='bbox 560 601 689 653; x_wconf 81' lang='lat' dir='ltr'><strong>Negas</strong></span> <span class='ocrx_word' id='word_1_47' title='bbox 723 610 759 640; x_wconf 90' lang='lat' dir='ltr'><strong>te</strong></span> <span class='ocrx_word' id='word_1_48' title='bbox 780 602 951 639; x_wconf 84' lang='lat' dir='ltr'>Romam</span> <span class='ocrx_word' id='word_1_49' title='bbox 984 602 1243 654; x_wconf 62' lang='lat' dir='ltr'><strong>rejecturum:</strong></span> <span class='ocrx_word' id='word_1_50' title='bbox 1276 616 1390 656; x_wconf 88' lang='lat' dir='ltr'><strong>negas</strong></span> <span class='ocrx_word' id='word_1_51' title='bbox 1411 605 1458 642; x_wconf 92' lang='lat' dir='ltr'><strong>de</strong></span> <span class='ocrx_word' id='word_1_52' title='bbox 1489 616 1684 646; x_wconf 89' lang='lat' dir='ltr'><strong>conventu</strong></span> 
     </span>
     <span class='ocr_line' id='line_1_8' title="bbox 271 666 1683 722; baseline 0.006 -20"><span class='ocrx_word' id='word_1_53' title='bbox 271 675 549 717; x_wconf 85' lang='lat' dir='ltr'><strong>recuperatores</strong></span> <span class='ocrx_word' id='word_1_54' title='bbox 584 666 795 706; x_wconf 82' lang='lat' dir='ltr'><strong>daturum:</strong></span> <span class='ocrx_word' id='word_1_55' title='bbox 838 666 1042 705; x_wconf 89' lang='lat' dir='ltr'><strong>cohortem</strong></span> <span class='ocrx_word' id='word_1_56' title='bbox 1079 677 1187 706; x_wconf 89' lang='lat' dir='ltr'><strong>tuam</strong></span> <span class='ocrx_word' id='word_1_57' title='bbox 1222 670 1420 722; x_wconf 81' lang='lat' dir='ltr'><strong>proponis.</strong></span> <span class='ocrx_word' id='word_1_58' title='bbox 1468 671 1683 712; x_wconf 84' lang='lat' dir='ltr'><strong>Scandilius</strong></span> 
     </span>
     <span class='ocr_line' id='line_1_9' title="bbox 269 731 1679 788; baseline 0.006 -19"><span class='ocrx_word' id='word_1_59' title='bbox 269 743 352 769; x_wconf 88' lang='lat' dir='ltr'><strong>rem</strong></span> <span class='ocrx_word' id='word_1_60' title='bbox 372 731 408 769; x_wconf 91' lang='lat' dir='ltr'><strong>se</strong></span> <span class='ocrx_word' id='word_1_61' title='bbox 439 741 560 770; x_wconf 89' lang='lat' dir='ltr'><strong>totam</strong></span> <span class='ocrx_word' id='word_1_62' title='bbox 595 733 820 772; x_wconf 59' lang='lat' dir='ltr'><strong>relicturum</strong></span> <span class='ocrx_word' id='word_1_63' title='bbox 855 734 964 780; x_wconf 91' lang='lat' dir='ltr'><strong>dicit,</strong></span> <span class='ocrx_word' id='word_1_64' title='bbox 996 742 1034 772; x_wconf 92' lang='lat' dir='ltr'><strong>et</strong></span> <span class='ocrx_word' id='word_1_65' title='bbox 1066 733 1132 772; x_wconf 91' lang='lat' dir='ltr'><strong>suo</strong></span> <span class='ocrx_word' id='word_1_66' title='bbox 1153 743 1327 788; x_wconf 90' lang='lat' dir='ltr'><strong>tempore</strong></span> <span class='ocrx_word' id='word_1_67' title='bbox 1358 736 1429 774; x_wconf 82' lang='lat' dir='ltr'><strong>effe</strong></span> <span class='ocrx_word' id='word_1_68' title='bbox 1449 738 1679 779; x_wconf 85' lang='lat' dir='ltr'><strong>rediturum.</strong></span> 
     </span>
     <span class='ocr_line' id='line_1_10' title="bbox 270 796 1679 859; baseline 0.006 -24"><span class='ocrx_word' id='word_1_69' title='bbox 270 796 380 846; x_wconf 82' lang='lat' dir='ltr'><strong>Qid</strong></span> <span class='ocrx_word' id='word_1_70' title='bbox 401 807 443 836; x_wconf 89' lang='lat' dir='ltr'><strong>tu</strong></span> <span class='ocrx_word' id='word_1_71' title='bbox 462 799 518 836; x_wconf 88' lang='lat' dir='ltr'><strong>ibi</strong></span> <span class='ocrx_word' id='word_1_72' title='bbox 539 808 624 836; x_wconf 85' lang='lat' dir='ltr'><strong>tum</strong></span> <span class='ocrx_word' id='word_1_73' title='bbox 643 800 656 836; x_wconf 87' lang='lat'>?</span> <span class='ocrx_word' id='word_1_74' title='bbox 687 800 783 852; x_wconf 86' lang='lat' dir='ltr'><strong>quid</strong></span> <span class='ocrx_word' id='word_1_75' title='bbox 803 799 926 838; x_wconf 90' lang='lat' dir='ltr'><strong>facis?</strong></span> <span class='ocrx_word' id='word_1_76' title='bbox 959 801 1201 839; x_wconf 89' lang='lat' dir='ltr'><strong>Scandilium</strong></span> <span class='ocrx_word' id='word_1_77' title='bbox 1223 802 1328 854; x_wconf 85' lang='lat' dir='ltr'><strong>cogis</strong></span> <span class='ocrx_word' id='word_1_78' title='bbox 1350 803 1363 839; x_wconf 88' lang='lat'>?</span> <span class='ocrx_word' id='word_1_79' title='bbox 1396 803 1503 858; x_wconf 80' lang='lat' dir='ltr'><strong>Qid</strong></span> <span class='ocrx_word' id='word_1_80' title='bbox 1523 806 1536 842; x_wconf 91' lang='lat'>?</span> <span class='ocrx_word' id='word_1_81' title='bbox 1564 805 1679 859; x_wconf 90' lang='lat' dir='ltr'><strong>spon-</strong></span> 
     </span>
     <span class='ocr_line' id='line_1_11' title="bbox 269 862 1680 921; baseline 0.006 -20"><span class='ocrx_word' id='word_1_82' title='bbox 269 862 413 902; x_wconf 89' lang='lat' dir='ltr'><strong>fionem</strong></span> <span class='ocrx_word' id='word_1_83' title='bbox 434 874 631 918; x_wconf 89' lang='lat' dir='ltr'><strong>acceptam</strong></span> <span class='ocrx_word' id='word_1_84' title='bbox 653 864 806 904; x_wconf 87' lang='lat' dir='ltr'><strong>facere?</strong></span> <span class='ocrx_word' id='word_1_85' title='bbox 838 867 1093 919; x_wconf 88' lang='lat' dir='ltr'><strong>Impudenter</strong></span> <span class='ocrx_word' id='word_1_86' title='bbox 1119 867 1224 905; x_wconf 85' lang='lat' dir='ltr'><strong>tollis</strong></span> <span class='ocrx_word' id='word_1_87' title='bbox 1256 869 1517 921; x_wconf 61' lang='lat' dir='ltr'><strong>exspedtatum</strong></span> <span class='ocrx_word' id='word_1_88' title='bbox 1549 873 1680 911; x_wconf 85' lang='lat' dir='ltr'><strong>existi-</strong></span> 
     </span>
     <span class='ocr_line' id='line_1_12' title="bbox 268 932 1680 990; baseline 0.006 -22"><span class='ocrx_word' id='word_1_89' title='bbox 268 932 449 969; x_wconf 86' lang='lat' dir='ltr'><strong>mationis</strong></span> <span class='ocrx_word' id='word_1_90' title='bbox 472 932 754 984; x_wconf 87' lang='lat' dir='ltr'><strong>tuaejudicium</strong></span> <span class='ocrx_word' id='word_1_91' title='bbox 774 947 782 971; x_wconf 92' lang='lat'>:</span> <span class='ocrx_word' id='word_1_92' title='bbox 815 947 893 971; x_wconf 92' lang='lat' dir='ltr'><strong>non</strong></span> <span class='ocrx_word' id='word_1_93' title='bbox 912 932 1022 972; x_wconf 85' lang='lat' dir='ltr'><strong>facis.</strong></span> <span class='ocrx_word' id='word_1_94' title='bbox 1055 934 1166 985; x_wconf 83' lang='lat' dir='ltr'><strong>Qid</strong></span> <span class='ocrx_word' id='word_1_95' title='bbox 1182 935 1300 987; x_wconf 89' lang='lat' dir='ltr'><strong>ergo?</strong></span> <span class='ocrx_word' id='word_1_96' title='bbox 1323 937 1500 988; x_wconf 90' lang='lat' dir='ltr'><strong>Apronio</strong></span> <span class='ocrx_word' id='word_1_97' title='bbox 1515 940 1680 990; x_wconf 90' lang='lat' dir='ltr'><strong>permit-</strong></span> 
     </span>
     <span class='ocr_line' id='line_1_13' title="bbox 269 998 1677 1058; baseline 0.006 -23"><span class='ocrx_word' id='word_1_98' title='bbox 269 998 332 1043; x_wconf 87' lang='lat' dir='ltr'><strong>tis,</strong></span> <span class='ocrx_word' id='word_1_99' title='bbox 355 1008 412 1043; x_wconf 88' lang='lat' dir='ltr'><strong>ut,</strong></span> <span class='ocrx_word' id='word_1_100' title='bbox 435 1012 531 1051; x_wconf 92' lang='lat' dir='ltr'><strong>quos</strong></span> <span class='ocrx_word' id='word_1_101' title='bbox 552 999 659 1044; x_wconf 88' lang='lat' dir='ltr'><strong>velit,</strong></span> <span class='ocrx_word' id='word_1_102' title='bbox 695 999 741 1037; x_wconf 94' lang='lat' dir='ltr'><strong>de</strong></span> <span class='ocrx_word' id='word_1_103' title='bbox 772 999 932 1038; x_wconf 89' lang='lat' dir='ltr'><strong>cohorte</strong></span> <span class='ocrx_word' id='word_1_104' title='bbox 951 1000 1076 1039; x_wconf 89' lang='lat' dir='ltr'><strong>sumat</strong></span> <span class='ocrx_word' id='word_1_105' title='bbox 1107 1012 1384 1054; x_wconf 87' lang='lat' dir='ltr'><strong>recuperatores</strong></span> <span class='ocrx_word' id='word_1_106' title='bbox 1404 1004 1417 1040; x_wconf 87' lang='lat'>?</span> <span class='ocrx_word' id='word_1_107' title='bbox 1450 1005 1677 1058; x_wconf 88' lang='lat' dir='ltr'><strong>Indignum,</strong></span> 
     </span>
     <span class='ocr_line' id='line_1_14' title="bbox 270 1065 1678 1123; baseline 0.006 -21"><span class='ocrx_word' id='word_1_108' title='bbox 270 1065 337 1101; x_wconf 87' lang='lat' dir='ltr'><strong>uni</strong></span> <span class='ocrx_word' id='word_1_109' title='bbox 357 1065 486 1117; x_wconf 87' lang='lat' dir='ltr'><strong>potius</strong></span> <span class='ocrx_word' id='word_1_110' title='bbox 507 1078 554 1103; x_wconf 86' lang='lat' dir='ltr'><strong>ex</strong></span> <span class='ocrx_word' id='word_1_111' title='bbox 575 1065 718 1117; x_wconf 87' lang='lat' dir='ltr'><strong>iniquis</strong></span> <span class='ocrx_word' id='word_1_112' title='bbox 741 1065 931 1111; x_wconf 89' lang='lat' dir='ltr'><strong>sumendi,</strong></span> <span class='ocrx_word' id='word_1_113' title='bbox 963 1080 1081 1119; x_wconf 88' lang='lat' dir='ltr'><strong>quarn</strong></span> <span class='ocrx_word' id='word_1_114' title='bbox 1103 1067 1273 1120; x_wconf 89' lang='lat' dir='ltr'><strong>utrisque</strong></span> <span class='ocrx_word' id='word_1_115' title='bbox 1294 1082 1341 1106; x_wconf 82' lang='lat' dir='ltr'><strong>ex</strong></span> <span class='ocrx_word' id='word_1_116' title='bbox 1362 1071 1480 1121; x_wconf 82' lang='lat' dir='ltr'><strong>aequis</strong></span> <span class='ocrx_word' id='word_1_117' title='bbox 1501 1073 1678 1123; x_wconf 87' lang='lat' dir='ltr'><strong>rejicien-</strong></span> 
     </span>
     <span class='ocr_line' id='line_1_15' title="bbox 267 1130 1676 1188; baseline 0.007 -21"><span class='ocrx_word' id='word_1_118' title='bbox 267 1130 321 1175; x_wconf 88' lang='lat' dir='ltr'><strong>di,</strong></span> <span class='ocrx_word' id='word_1_119' title='bbox 343 1131 423 1169; x_wconf 87' lang='lat' dir='ltr'><strong>fieri</strong></span> <span class='ocrx_word' id='word_1_120' title='bbox 444 1132 684 1184; x_wconf 88' lang='lat' dir='ltr'><strong>potestatem.</strong></span> <span class='ocrx_word' id='word_1_121' title='bbox 719 1132 917 1170; x_wconf 87' lang='lat' dir='ltr'><strong>Neutrum</strong></span> <span class='ocrx_word' id='word_1_122' title='bbox 936 1131 1031 1171; x_wconf 88' lang='lat' dir='ltr'><strong>facis</strong></span> <span class='ocrx_word' id='word_1_123' title='bbox 1052 1147 1202 1172; x_wconf 89' lang='lat' dir='ltr'><strong>eorum.</strong></span> <span class='ocrx_word' id='word_1_124' title='bbox 1236 1135 1345 1186; x_wconf 79' lang='lat' dir='ltr'><strong>Qid</strong></span> <span class='ocrx_word' id='word_1_125' title='bbox 1366 1150 1456 1188; x_wconf 85' lang='lat' dir='ltr'><strong>ergo</strong></span> <span class='ocrx_word' id='word_1_126' title='bbox 1476 1138 1488 1174; x_wconf 91' lang='lat'>?</span> <span class='ocrx_word' id='word_1_127' title='bbox 1522 1139 1574 1176; x_wconf 91' lang='lat' dir='ltr'><strong>est</strong></span> <span class='ocrx_word' id='word_1_128' title='bbox 1605 1140 1676 1178; x_wconf 89' lang='lat' dir='ltr'><strong>ali-</strong></span> 
     </span>
     <span class='ocr_line' id='line_1_16' title="bbox 267 1197 1676 1258; baseline 0.007 -24"><span class='ocrx_word' id='word_1_129' title='bbox 267 1197 376 1249; x_wconf 89' lang='lat' dir='ltr'><strong>quid,</strong></span> <span class='ocrx_word' id='word_1_130' title='bbox 399 1198 505 1249; x_wconf 91' lang='lat' dir='ltr'><strong>quod</strong></span> <span class='ocrx_word' id='word_1_131' title='bbox 524 1199 742 1250; x_wconf 85' lang='lat' dir='ltr'><strong>improbius</strong></span> <span class='ocrx_word' id='word_1_132' title='bbox 764 1198 844 1236; x_wconf 89' lang='lat' dir='ltr'><strong>fieri</strong></span> <span class='ocrx_word' id='word_1_133' title='bbox 865 1199 1001 1251; x_wconf 88' lang='lat' dir='ltr'><strong>potest.</strong></span> <span class='ocrx_word' id='word_1_134' title='bbox 1035 1201 1154 1252; x_wconf 85' lang='lat' dir='ltr'><strong>Cogit</strong></span> <span class='ocrx_word' id='word_1_135' title='bbox 1173 1201 1278 1238; x_wconf 88' lang='lat' dir='ltr'><strong>enim</strong></span> <span class='ocrx_word' id='word_1_136' title='bbox 1302 1203 1540 1242; x_wconf 80' lang='lat' dir='ltr'><strong>Scandilium</strong></span> <span class='ocrx_word' id='word_1_137' title='bbox 1557 1207 1676 1258; x_wconf 88' lang='lat' dir='ltr'><strong>quin-</strong></span> 
     </span>
     <span class='ocr_line' id='line_1_17' title="bbox 267 1264 1677 1324; baseline 0.008 -24"><span class='ocrx_word' id='word_1_138' title='bbox 267 1277 343 1316; x_wconf 88' lang='lat' dir='ltr'><strong>que</strong></span> <span class='ocrx_word' id='word_1_139' title='bbox 372 1264 438 1302; x_wconf 93' lang='lat' dir='ltr'><strong>illa</strong></span> <span class='ocrx_word' id='word_1_140' title='bbox 459 1264 583 1301; x_wconf 81' lang='lat' dir='ltr'><strong>millia</strong></span> <span class='ocrx_word' id='word_1_141' title='bbox 603 1264 815 1302; x_wconf 69' lang='lat' dir='ltr'><strong>nummum</strong></span> <span class='ocrx_word' id='word_1_142' title='bbox 836 1265 921 1302; x_wconf 87' lang='lat' dir='ltr'><strong>dare</strong></span> <span class='ocrx_word' id='word_1_143' title='bbox 941 1275 1055 1318; x_wconf 89' lang='lat' dir='ltr'><strong>atque</strong></span> <span class='ocrx_word' id='word_1_144' title='bbox 1078 1266 1328 1304; x_wconf 88' lang='lat' dir='ltr'><strong>adnumerare</strong></span> <span class='ocrx_word' id='word_1_145' title='bbox 1344 1269 1534 1321; x_wconf 85' lang='lat' dir='ltr'><strong>Apronio.</strong></span> <span class='ocrx_word' id='word_1_146' title='bbox 1568 1273 1677 1324; x_wconf 84' lang='lat' dir='ltr'><strong>Qid</strong></span> 
     </span>
     <span class='ocr_line' id='line_1_18' title="bbox 265 1329 1677 1391; baseline 0.008 -25"><span class='ocrx_word' id='word_1_147' title='bbox 265 1330 395 1382; x_wconf 89' lang='lat' dir='ltr'><strong>potuit</strong></span> <span class='ocrx_word' id='word_1_148' title='bbox 415 1329 627 1382; x_wconf 86' lang='lat' dir='ltr'><strong>elegantius</strong></span> <span class='ocrx_word' id='word_1_149' title='bbox 648 1329 770 1367; x_wconf 86' lang='lat' dir='ltr'><strong>facere</strong></span> <span class='ocrx_word' id='word_1_150' title='bbox 792 1330 934 1368; x_wconf 75' lang='lat' dir='ltr'><strong>Praetor</strong></span> <span class='ocrx_word' id='word_1_151' title='bbox 954 1331 1117 1383; x_wconf 90' lang='lat' dir='ltr'><strong>cupidus</strong></span> <span class='ocrx_word' id='word_1_152' title='bbox 1138 1332 1432 1372; x_wconf 85' lang='lat' dir='ltr'><strong>existimationis</strong></span> <span class='ocrx_word' id='word_1_153' title='bbox 1454 1335 1575 1382; x_wconf 82' lang='lat' dir='ltr'><strong>bonae,</strong></span> <span class='ocrx_word' id='word_1_154' title='bbox 1609 1340 1677 1391; x_wconf 85' lang='lat' dir='ltr'><strong>qui</strong></span> 
     </span>
     <span class='ocr_line' id='line_1_19' title="bbox 265 1395 1677 1452; baseline 0.008 -20"><span class='ocrx_word' id='word_1_155' title='bbox 265 1395 313 1433; x_wconf 82' lang='lat' dir='ltr'><strong>ab</strong></span> <span class='ocrx_word' id='word_1_156' title='bbox 333 1395 405 1433; x_wconf 90' lang='lat' dir='ltr'><strong>sese</strong></span> <span class='ocrx_word' id='word_1_157' title='bbox 424 1409 584 1434; x_wconf 90' lang='lat' dir='ltr'><strong>omnem</strong></span> <span class='ocrx_word' id='word_1_158' title='bbox 600 1395 857 1449; x_wconf 88' lang='lat' dir='ltr'><strong>suspicionem</strong></span> <span class='ocrx_word' id='word_1_159' title='bbox 879 1397 1128 1450; x_wconf 86' lang='lat' dir='ltr'><strong>propulsaret,</strong></span> <span class='ocrx_word' id='word_1_160' title='bbox 1145 1398 1212 1450; x_wconf 86' lang='lat' dir='ltr'><strong>qui</strong></span> <span class='ocrx_word' id='word_1_161' title='bbox 1234 1398 1269 1436; x_wconf 90' lang='lat' dir='ltr'><strong>se</strong></span> <span class='ocrx_word' id='word_1_162' title='bbox 1290 1400 1434 1452; x_wconf 89' lang='lat' dir='ltr'><strong>eripere</strong></span> <span class='ocrx_word' id='word_1_163' title='bbox 1454 1415 1500 1440; x_wconf 88' lang='lat' dir='ltr'><strong>ex</strong></span> <span class='ocrx_word' id='word_1_164' title='bbox 1517 1403 1677 1443; x_wconf 85' lang='lat' dir='ltr'><strong>infamia</strong></span> 
     </span>
     <span class='ocr_line' id='line_1_20' title="bbox 266 1463 455 1514; baseline 0 -14"><span class='ocrx_word' id='word_1_165' title='bbox 266 1471 423 1514; x_wconf 89' lang='lat' dir='ltr'><strong>cuperet</strong></span> <span class='ocrx_word' id='word_1_166' title='bbox 443 1463 455 1499; x_wconf 92' lang='lat'>?</span> 
     </span>
    </p>

    <p class='ocr_par' dir='ltr' id='par_1_4' title="bbox 258 1529 1674 2574">
     <span class='ocr_line' id='line_1_21' title="bbox 326 1529 1672 1587; baseline 0.007 -21"><span class='ocrx_word' id='word_1_167' title='bbox 326 1529 435 1567; x_wconf 88' lang='lat' dir='ltr'><strong>LXI.</strong></span> <span class='ocrx_word' id='word_1_168' title='bbox 468 1529 671 1567; x_wconf 61' lang='lat' dir='ltr'><strong>Adduffitus</strong></span> <span class='ocrx_word' id='word_1_169' title='bbox 692 1539 769 1568; x_wconf 90' lang='lat' dir='ltr'><strong>erat</strong></span> <span class='ocrx_word' id='word_1_170' title='bbox 790 1530 829 1567; x_wconf 89' lang='lat' dir='ltr'><strong>in</strong></span> <span class='ocrx_word' id='word_1_171' title='bbox 856 1530 1086 1576; x_wconf 85' lang='lat' dir='ltr'><strong>sermonem,</strong></span> <span class='ocrx_word' id='word_1_172' title='bbox 1109 1532 1312 1576; x_wconf 86' lang='lat' dir='ltr'><strong>invidiam,</strong></span> <span class='ocrx_word' id='word_1_173' title='bbox 1334 1534 1672 1587; x_wconf 85' lang='lat' dir='ltr'><strong>vituperationem.</strong></span> 
     </span>
     <span class='ocr_line' id='line_1_22' title="bbox 264 1594 1674 1650; baseline 0.007 -18"><span class='ocrx_word' id='word_1_174' title='bbox 264 1595 470 1633; x_wconf 64' lang='lat' dir='ltr'><strong>Didfitarat</strong></span> <span class='ocrx_word' id='word_1_175' title='bbox 490 1594 612 1633; x_wconf 90' lang='lat' dir='ltr'><strong>homo</strong></span> <span class='ocrx_word' id='word_1_176' title='bbox 632 1596 835 1649; x_wconf 89' lang='lat' dir='ltr'><strong>improbus</strong></span> <span class='ocrx_word' id='word_1_177' title='bbox 853 1606 970 1648; x_wconf 89' lang='lat' dir='ltr'><strong>atque</strong></span> <span class='ocrx_word' id='word_1_178' title='bbox 991 1598 1182 1649; x_wconf 89' lang='lat' dir='ltr'><strong>impurus,</strong></span> <span class='ocrx_word' id='word_1_179' title='bbox 1203 1600 1415 1650; x_wconf 88' lang='lat' dir='ltr'><strong>Apronius,</strong></span> <span class='ocrx_word' id='word_1_180' title='bbox 1434 1601 1581 1641; x_wconf 88' lang='lat' dir='ltr'><strong>socium</strong></span> <span class='ocrx_word' id='word_1_181' title='bbox 1602 1605 1674 1643; x_wconf 78' lang='lat' dir='ltr'><strong>effe</strong></span> 
     </span>
     <span class='ocr_line' id='line_1_23' title="bbox 264 1662 1670 1720; baseline 0.007 -22"><span class='ocrx_word' id='word_1_182' title='bbox 264 1662 500 1699; x_wconf 86' lang='lat' dir='ltr'><strong>Praetorem:</strong></span> <span class='ocrx_word' id='word_1_183' title='bbox 533 1670 684 1698; x_wconf 84' lang='lat' dir='ltr'><strong>venerat</strong></span> <span class='ocrx_word' id='word_1_184' title='bbox 717 1675 773 1700; x_wconf 90' lang='lat' dir='ltr'><strong>res</strong></span> <span class='ocrx_word' id='word_1_185' title='bbox 794 1662 832 1699; x_wconf 88' lang='lat' dir='ltr'><strong>in</strong></span> <span class='ocrx_word' id='word_1_186' title='bbox 861 1662 1059 1714; x_wconf 89' lang='lat' dir='ltr'><strong>judicium</strong></span> <span class='ocrx_word' id='word_1_187' title='bbox 1093 1672 1207 1715; x_wconf 83' lang='lat' dir='ltr'><strong>atque</strong></span> <span class='ocrx_word' id='word_1_188' title='bbox 1242 1664 1476 1705; x_wconf 89' lang='lat' dir='ltr'><strong>discrimen:</strong></span> <span class='ocrx_word' id='word_1_189' title='bbox 1508 1670 1670 1720; x_wconf 84' lang='lat' dir='ltr'><strong>potestas</strong></span> 
     </span>
     <span class='ocr_line' id='line_1_24' title="bbox 262 1726 1670 1788; baseline 0.007 -24"><span class='ocrx_word' id='word_1_190' title='bbox 262 1738 340 1766; x_wconf 83' lang='lat' dir='ltr'><strong>erat</strong></span> <span class='ocrx_word' id='word_1_191' title='bbox 370 1727 444 1772; x_wconf 83' lang='lat' dir='ltr'><strong>isti,</strong></span> <span class='ocrx_word' id='word_1_192' title='bbox 475 1726 629 1765; x_wconf 90' lang='lat' dir='ltr'><strong>homini</strong></span> <span class='ocrx_word' id='word_1_193' title='bbox 660 1728 824 1780; x_wconf 88' lang='lat' dir='ltr'><strong>integro,</strong></span> <span class='ocrx_word' id='word_1_194' title='bbox 856 1738 972 1781; x_wconf 87' lang='lat' dir='ltr'><strong>atque</strong></span> <span class='ocrx_word' id='word_1_195' title='bbox 1000 1729 1214 1774; x_wconf 88' lang='lat' dir='ltr'><strong>innocenti,</strong></span> <span class='ocrx_word' id='word_1_196' title='bbox 1248 1730 1347 1775; x_wconf 86' lang='lat' dir='ltr'><strong>data,</strong></span> <span class='ocrx_word' id='word_1_197' title='bbox 1381 1741 1437 1777; x_wconf 87' lang='lat' dir='ltr'><strong>ut,</strong></span> <span class='ocrx_word' id='word_1_198' title='bbox 1468 1734 1507 1770; x_wconf 90' lang='lat' dir='ltr'><strong>in</strong></span> <span class='ocrx_word' id='word_1_199' title='bbox 1540 1737 1670 1788; x_wconf 88' lang='lat' dir='ltr'><strong>Apro-</strong></span> 
     </span>
     <span class='ocr_line' id='line_1_25' title="bbox 261 1793 1671 1853; baseline 0.006 -22"><span class='ocrx_word' id='word_1_200' title='bbox 261 1793 373 1831; x_wconf 88' lang='lat' dir='ltr'><strong>nium</strong></span> <span class='ocrx_word' id='word_1_201' title='bbox 394 1807 485 1830; x_wconf 88' lang='lat' dir='ltr'><strong>cum</strong></span> <span class='ocrx_word' id='word_1_202' title='bbox 506 1793 839 1839; x_wconf 76' lang='lat' dir='ltr'><strong>animadvertisset,</strong></span> <span class='ocrx_word' id='word_1_203' title='bbox 862 1793 934 1832; x_wconf 85' lang='lat' dir='ltr'><strong>sese</strong></span> <span class='ocrx_word' id='word_1_204' title='bbox 953 1795 1169 1847; x_wconf 72' lang='lat' dir='ltr'><strong>graviffima</strong></span> <span class='ocrx_word' id='word_1_205' title='bbox 1189 1795 1328 1833; x_wconf 89' lang='lat' dir='ltr'><strong>levaret</strong></span> <span class='ocrx_word' id='word_1_206' title='bbox 1354 1796 1528 1837; x_wconf 68' lang='lat' dir='ltr'><strong>infamia.</strong></span> <span class='ocrx_word' id='word_1_207' title='bbox 1562 1802 1671 1853; x_wconf 81' lang='lat' dir='ltr'><strong>Qid</strong></span> 
     </span>
     <span class='ocr_line' id='line_1_26' title="bbox 262 1859 1672 1921; baseline 0.006 -23"><span class='ocrx_word' id='word_1_208' title='bbox 262 1860 454 1912; x_wconf 84' lang='lat' dir='ltr'><strong>excogitat</strong></span> <span class='ocrx_word' id='word_1_209' title='bbox 494 1859 648 1912; x_wconf 82' lang='lat' dir='ltr'><strong>poenae?</strong></span> <span class='ocrx_word' id='word_1_210' title='bbox 695 1860 790 1912; x_wconf 91' lang='lat' dir='ltr'><strong>quid</strong></span> <span class='ocrx_word' id='word_1_211' title='bbox 820 1861 1152 1899; x_wconf 76' lang='lat' dir='ltr'><strong>animadversionis</strong></span> <span class='ocrx_word' id='word_1_212' title='bbox 1188 1863 1229 1899; x_wconf 89' lang='lat' dir='ltr'><strong>in</strong></span> <span class='ocrx_word' id='word_1_213' title='bbox 1264 1864 1523 1915; x_wconf 84' lang='lat' dir='ltr'><strong>Apronium?</strong></span> <span class='ocrx_word' id='word_1_214' title='bbox 1565 1870 1672 1921; x_wconf 79' lang='lat' dir='ltr'><strong>cogit</strong></span> 
     </span>
     <span class='ocr_line' id='line_1_27' title="bbox 263 1927 1670 1984; baseline 0.006 -21"><span class='ocrx_word' id='word_1_215' title='bbox 263 1927 501 1964; x_wconf 88' lang='lat' dir='ltr'><strong>Scandilium</strong></span> <span class='ocrx_word' id='word_1_216' title='bbox 537 1927 732 1978; x_wconf 87' lang='lat' dir='ltr'><strong>Apronio,</strong></span> <span class='ocrx_word' id='word_1_217' title='bbox 765 1927 815 1965; x_wconf 91' lang='lat' dir='ltr'><strong>ob</strong></span> <span class='ocrx_word' id='word_1_218' title='bbox 847 1927 1077 1980; x_wconf 75' lang='lat' dir='ltr'><strong>singularem</strong></span> <span class='ocrx_word' id='word_1_219' title='bbox 1110 1929 1420 1980; x_wconf 84' lang='lat' dir='ltr'><strong>improbitatem,</strong></span> <span class='ocrx_word' id='word_1_220' title='bbox 1458 1942 1572 1984; x_wconf 85' lang='lat' dir='ltr'><strong>atque</strong></span> <span class='ocrx_word' id='word_1_221' title='bbox 1601 1949 1670 1973; x_wconf 82' lang='lat' dir='ltr'><strong>au-</strong></span> 
     </span>
     <span class='ocr_line' id='line_1_28' title="bbox 262 1992 1670 2044; baseline 0.006 -15"><span class='ocrx_word' id='word_1_222' title='bbox 262 1992 424 2036; x_wconf 85' lang='lat' dir='ltr'><strong>daciam,</strong></span> <span class='ocrx_word' id='word_1_223' title='bbox 447 1992 838 2044; x_wconf 83' lang='lat' dir='ltr'><strong>praedicationemque</strong></span> <span class='ocrx_word' id='word_1_224' title='bbox 859 1992 1011 2031; x_wconf 81' lang='lat' dir='ltr'><strong>nefariae</strong></span> <span class='ocrx_word' id='word_1_225' title='bbox 1032 1993 1235 2039; x_wconf 86' lang='lat' dir='ltr'><strong>societatis,</strong></span> <span class='ocrx_word' id='word_1_226' title='bbox 1259 1996 1351 2033; x_wconf 82' lang='lat' dir='ltr'><strong>H-S</strong></span> <span class='ocrx_word' id='word_1_227' title='bbox 1374 2011 1395 2034; x_wconf 91' lang='lat' dir='ltr'><strong>v</strong></span> <span class='ocrx_word' id='word_1_228' title='bbox 1417 1998 1541 2036; x_wconf 86' lang='lat' dir='ltr'><strong>millia</strong></span> <span class='ocrx_word' id='word_1_229' title='bbox 1565 2014 1670 2039; x_wconf 88' lang='lat' dir='ltr'><strong>mer-</strong></span> 
     </span>
     <span class='ocr_line' id='line_1_29' title="bbox 262 2058 1668 2110; baseline 0.008 -15"><span class='ocrx_word' id='word_1_230' title='bbox 262 2058 381 2102; x_wconf 88' lang='lat' dir='ltr'><strong>cedis,</strong></span> <span class='ocrx_word' id='word_1_231' title='bbox 402 2072 444 2096; x_wconf 88' lang='lat' dir='ltr'><strong>ac</strong></span> <span class='ocrx_word' id='word_1_232' title='bbox 465 2059 613 2110; x_wconf 81' lang='lat' dir='ltr'><strong>praemii</strong></span> <span class='ocrx_word' id='word_1_233' title='bbox 634 2059 734 2097; x_wconf 83' lang='lat' dir='ltr'><strong>dare.</strong></span> <span class='ocrx_word' id='word_1_234' title='bbox 767 2060 874 2109; x_wconf 83' lang='lat' dir='ltr'><strong>Qid</strong></span> <span class='ocrx_word' id='word_1_235' title='bbox 894 2059 1083 2105; x_wconf 89' lang='lat' dir='ltr'><strong>interfuit,</strong></span> <span class='ocrx_word' id='word_1_236' title='bbox 1106 2059 1227 2099; x_wconf 90' lang='lat' dir='ltr'><strong>homo</strong></span> <span class='ocrx_word' id='word_1_237' title='bbox 1247 2062 1504 2110; x_wconf 84' lang='lat' dir='ltr'><strong>audaciffime,</strong></span> <span class='ocrx_word' id='word_1_238' title='bbox 1539 2076 1668 2107; x_wconf 86' lang='lat' dir='ltr'><strong>utrum</strong></span> 
     </span>
     <span class='ocr_line' id='line_1_30' title="bbox 260 2124 1668 2178; baseline 0.007 -16"><span class='ocrx_word' id='word_1_239' title='bbox 260 2124 335 2163; x_wconf 92' lang='lat' dir='ltr'><strong>hoc</strong></span> <span class='ocrx_word' id='word_1_240' title='bbox 369 2124 614 2168; x_wconf 75' lang='lat' dir='ltr'><strong>decerneres,</strong></span> <span class='ocrx_word' id='word_1_241' title='bbox 648 2138 694 2161; x_wconf 82' lang='lat' dir='ltr'><strong>an</strong></span> <span class='ocrx_word' id='word_1_242' title='bbox 727 2124 779 2169; x_wconf 92' lang='lat' dir='ltr'><strong>id,</strong></span> <span class='ocrx_word' id='word_1_243' title='bbox 814 2126 920 2176; x_wconf 91' lang='lat' dir='ltr'><strong>quod</strong></span> <span class='ocrx_word' id='word_1_244' title='bbox 952 2127 1148 2178; x_wconf 89' lang='lat' dir='ltr'><strong>Apronius</strong></span> <span class='ocrx_word' id='word_1_245' title='bbox 1184 2128 1396 2174; x_wconf 60' lang='lat' dir='ltr'><strong>diffitabat,</strong></span> <span class='ocrx_word' id='word_1_246' title='bbox 1440 2140 1522 2169; x_wconf 90' lang='lat' dir='ltr'><strong>tute</strong></span> <span class='ocrx_word' id='word_1_247' title='bbox 1558 2134 1603 2171; x_wconf 90' lang='lat' dir='ltr'><strong>de</strong></span> <span class='ocrx_word' id='word_1_248' title='bbox 1632 2144 1668 2172; x_wconf 89' lang='lat' dir='ltr'><strong>te</strong></span> 
     </span>
     <span class='ocr_line' id='line_1_31' title="bbox 260 2190 1667 2248; baseline 0.006 -19"><span class='ocrx_word' id='word_1_249' title='bbox 260 2191 492 2244; x_wconf 85' lang='lat' dir='ltr'><strong>profiterere,</strong></span> <span class='ocrx_word' id='word_1_250' title='bbox 524 2204 566 2228; x_wconf 83' lang='lat' dir='ltr'><strong>ac</strong></span> <span class='ocrx_word' id='word_1_251' title='bbox 599 2190 789 2228; x_wconf 68' lang='lat' dir='ltr'><strong>di&amp;itares</strong></span> <span class='ocrx_word' id='word_1_252' title='bbox 809 2191 822 2227; x_wconf 86' lang='lat'>?</span> <span class='ocrx_word' id='word_1_253' title='bbox 855 2193 986 2242; x_wconf 85' lang='lat' dir='ltr'><strong>Qem</strong></span> <span class='ocrx_word' id='word_1_254' title='bbox 1013 2191 1233 2239; x_wconf 86' lang='lat' dir='ltr'><strong>hominem,</strong></span> <span class='ocrx_word' id='word_1_255' title='bbox 1257 2195 1279 2232; x_wconf 83' lang='lat' dir='ltr'>fi</span> <span class='ocrx_word' id='word_1_256' title='bbox 1302 2197 1388 2246; x_wconf 85' lang='lat' dir='ltr'><strong>quis</strong></span> <span class='ocrx_word' id='word_1_257' title='bbox 1410 2198 1534 2248; x_wconf 87' lang='lat' dir='ltr'><strong>pudor</strong></span> <span class='ocrx_word' id='word_1_258' title='bbox 1554 2200 1592 2236; x_wconf 88' lang='lat' dir='ltr'><strong>in</strong></span> <span class='ocrx_word' id='word_1_259' title='bbox 1616 2209 1667 2245; x_wconf 87' lang='lat' dir='ltr'><strong>te,</strong></span> 
     </span>
     <span class='ocr_line' id='line_1_32' title="bbox 259 2257 1666 2313; baseline 0.005 -17"><span class='ocrx_word' id='word_1_260' title='bbox 259 2267 373 2310; x_wconf 84' lang='lat' dir='ltr'><strong>atque</strong></span> <span class='ocrx_word' id='word_1_261' title='bbox 407 2258 499 2295; x_wconf 86' lang='lat' dir='ltr'><strong>adeo</strong></span> <span class='ocrx_word' id='word_1_262' title='bbox 533 2257 558 2294; x_wconf 86' lang='lat' dir='ltr'>fi</span> <span class='ocrx_word' id='word_1_263' title='bbox 595 2258 681 2309; x_wconf 86' lang='lat' dir='ltr'><strong>quis</strong></span> <span class='ocrx_word' id='word_1_264' title='bbox 704 2267 829 2296; x_wconf 90' lang='lat' dir='ltr'><strong>metus</strong></span> <span class='ocrx_word' id='word_1_265' title='bbox 861 2257 1001 2304; x_wconf 69' lang='lat' dir='ltr'><strong>fuisset,</strong></span> <span class='ocrx_word' id='word_1_266' title='bbox 1033 2260 1109 2298; x_wconf 89' lang='lat' dir='ltr'><strong>fine</strong></span> <span class='ocrx_word' id='word_1_267' title='bbox 1140 2260 1332 2313; x_wconf 87' lang='lat' dir='ltr'><strong>supplicio</strong></span> <span class='ocrx_word' id='word_1_268' title='bbox 1363 2263 1559 2301; x_wconf 84' lang='lat' dir='ltr'><strong>dimittere</strong></span> <span class='ocrx_word' id='word_1_269' title='bbox 1588 2280 1666 2304; x_wconf 88' lang='lat' dir='ltr'><strong>non</strong></span> 
     </span>
     <span class='ocr_line' id='line_1_33' title="bbox 260 2323 1666 2378; baseline 0.004 -16"><span class='ocrx_word' id='word_1_270' title='bbox 260 2324 438 2368; x_wconf 87' lang='lat' dir='ltr'><strong>debuisti,</strong></span> <span class='ocrx_word' id='word_1_271' title='bbox 469 2323 574 2361; x_wconf 89' lang='lat' dir='ltr'><strong>hunc</strong></span> <span class='ocrx_word' id='word_1_272' title='bbox 601 2324 665 2362; x_wconf 78' lang='lat' dir='ltr'><strong>abs</strong></span> <span class='ocrx_word' id='word_1_273' title='bbox 699 2333 736 2362; x_wconf 90' lang='lat' dir='ltr'><strong>te</strong></span> <span class='ocrx_word' id='word_1_274' title='bbox 767 2324 842 2362; x_wconf 85' lang='lat' dir='ltr'><strong>fine</strong></span> <span class='ocrx_word' id='word_1_275' title='bbox 873 2327 1033 2378; x_wconf 83' lang='lat' dir='ltr'><strong>praemio</strong></span> <span class='ocrx_word' id='word_1_276' title='bbox 1067 2327 1255 2365; x_wconf 85' lang='lat' dir='ltr'><strong>discedere</strong></span> <span class='ocrx_word' id='word_1_277' title='bbox 1291 2329 1456 2365; x_wconf 82' lang='lat' dir='ltr'><strong>noluisti.</strong></span> <span class='ocrx_word' id='word_1_278' title='bbox 1520 2331 1666 2369; x_wconf 87' lang='lat' dir='ltr'><strong>Omnia</strong></span> 
     </span>
     <span class='ocr_line' id='line_1_34' title="bbox 260 2389 1664 2442; baseline 0.006 -16"><span class='ocrx_word' id='word_1_279' title='bbox 260 2389 371 2427; x_wconf 78' lang='lat' dir='ltr'><strong>simul</strong></span> <span class='ocrx_word' id='word_1_280' title='bbox 394 2390 608 2442; x_wconf 83' lang='lat' dir='ltr'><strong>intelligere</strong></span> <span class='ocrx_word' id='word_1_281' title='bbox 642 2391 833 2442; x_wconf 85' lang='lat' dir='ltr'><strong>potuistiS‚</strong></span> <span class='ocrx_word' id='word_1_282' title='bbox 864 2392 1036 2442; x_wconf 88' lang='lat' dir='ltr'><strong>Judices,</strong></span> <span class='ocrx_word' id='word_1_283' title='bbox 1071 2407 1118 2431; x_wconf 83' lang='lat' dir='ltr'><strong>ex</strong></span> <span class='ocrx_word' id='word_1_284' title='bbox 1154 2407 1230 2430; x_wconf 91' lang='lat' dir='ltr'><strong>uno</strong></span> <span class='ocrx_word' id='word_1_285' title='bbox 1255 2394 1418 2430; x_wconf 88' lang='lat' dir='ltr'><strong>crimine</strong></span> <span class='ocrx_word' id='word_1_286' title='bbox 1453 2394 1664 2434; x_wconf 84' lang='lat' dir='ltr'><strong>Scandilia-</strong></span> 
     </span>
     <span class='ocr_line' id='line_1_35' title="bbox 260 2454 1662 2505; baseline 0.006 -14"><span class='ocrx_word' id='word_1_287' title='bbox 260 2468 338 2491; x_wconf 84' lang='lat' dir='ltr'><strong>no:</strong></span> <span class='ocrx_word' id='word_1_288' title='bbox 371 2455 557 2505; x_wconf 88' lang='lat' dir='ltr'><strong>primum,</strong></span> <span class='ocrx_word' id='word_1_289' title='bbox 594 2454 670 2492; x_wconf 92' lang='lat' dir='ltr'><strong>hoc</strong></span> <span class='ocrx_word' id='word_1_290' title='bbox 704 2469 782 2494; x_wconf 89' lang='lat' dir='ltr'><strong>non</strong></span> <span class='ocrx_word' id='word_1_291' title='bbox 817 2456 887 2494; x_wconf 84' lang='lat' dir='ltr'><strong>effe</strong></span> <span class='ocrx_word' id='word_1_292' title='bbox 921 2458 1059 2495; x_wconf 80' lang='lat' dir='ltr'><strong>Romae</strong></span> <span class='ocrx_word' id='word_1_293' title='bbox 1093 2467 1227 2494; x_wconf 85' lang='lat' dir='ltr'><strong>natum</strong></span> <span class='ocrx_word' id='word_1_294' title='bbox 1257 2458 1303 2493; x_wconf 83' lang='lat' dir='ltr'><strong>de</strong></span> <span class='ocrx_word' id='word_1_295' title='bbox 1338 2457 1514 2496; x_wconf 84' lang='lat' dir='ltr'><strong>societate</strong></span> <span class='ocrx_word' id='word_1_296' title='bbox 1544 2462 1662 2500; x_wconf 78' lang='lat' dir='ltr'><strong>decu-</strong></span> 
     </span>
     <span class='ocr_line' id='line_1_36' title="bbox 258 2521 1662 2574; baseline 0.007 -17"><span class='ocrx_word' id='word_1_297' title='bbox 258 2533 439 2566; x_wconf 67' lang='lat' dir='ltr'><strong>marum,</strong></span> <span class='ocrx_word' id='word_1_298' title='bbox 472 2534 549 2559; x_wconf 90' lang='lat' dir='ltr'><strong>non</strong></span> <span class='ocrx_word' id='word_1_299' title='bbox 571 2521 616 2559; x_wconf 88' lang='lat' dir='ltr'><strong>ab</strong></span> <span class='ocrx_word' id='word_1_300' title='bbox 648 2522 860 2561; x_wconf 78' lang='lat' dir='ltr'><strong>accusatore</strong></span> <span class='ocrx_word' id='word_1_301' title='bbox 881 2523 1046 2569; x_wconf 62' lang='lat' dir='ltr'><strong>fi&amp;um;</strong></span> <span class='ocrx_word' id='word_1_302' title='bbox 1077 2537 1156 2561; x_wconf 88' lang='lat' dir='ltr'><strong>non</strong></span> <span class='ocrx_word' id='word_1_303' title='bbox 1189 2524 1249 2574; x_wconf 83' lang='lat' dir='ltr'><strong>(ut</strong></span> <span class='ocrx_word' id='word_1_304' title='bbox 1281 2522 1444 2563; x_wconf 83' lang='lat' dir='ltr'><strong>solemus</strong></span> <span class='ocrx_word' id='word_1_305' title='bbox 1467 2526 1662 2567; x_wconf 76' lang='lat' dir='ltr'><strong>interdum</strong></span> 
     </span>
    </p>
   </div>
  </div>
 </body>
</html>
