2201 2792
448 235 522 284 146
871 236 959 275 IN
1036 236 1418 276 VERREM

442 333 843 387 pecuniosissimusque
864 335 1049 373 damnari.
1082 336 1235 374 Deinde
1256 336 1307 375 est
1328 335 1551 389 hujusmodi
1571 349 1670 382 reUS,
1702 336 1742 376 in
1763 351 1845 390 quo

440 398 601 440 homine
630 400 728 439 nihil
751 402 807 446 fit,
840 411 973 454 praeter
992 402 1143 439 summa
1161 412 1328 454 peccata,
1357 403 1647 456 maximamque
1677 403 1841 456 pecuni-

441 478 529 510 am3
561 475 617 511 ut,
649 467 674 504 s1
696 467 876 505 liberatus
907 467 965 512 fit,
997 467 1102 504 nulla
1122 468 1192 505 alia
1213 467 1387 520 suspicio,
1419 468 1488 506 nifi
1508 482 1563 513 ea,
1594 482 1678 521 quae
1698 468 1841 522 turpis-

440 530 533 568 fima
553 532 618 576 est,
651 533 805 570 residere
827 533 952 585 possit.
1000 534 1094 572 Non
1114 535 1246 585 gratia,
1286 547 1364 572 non
1384 534 1627 586 cognatione,
1656 548 1735 573 non
1755 534 1840 573 aliis

439 598 538 634 recte
557 596 680 643 factis,
712 612 789 636 non
812 599 978 651 denique
1008 599 1137 651 aliquo
1158 599 1344 638 mediocri
1364 599 1460 637 vitio
1481 608 1539 638 tot
1559 607 1739 652 tantaque
1758 601 1840 652 ejus

438 662 529 699 vitia
549 663 739 701 sublevata
758 664 829 702 effe
846 665 1180 702 existimabuntur.

493 728 690 767 Postremo
720 743 792 782 ego
817 730 967 768 causam
999 730 1047 768 fic
1084 744 1207 782 agam,
1245 729 1401 781 Judices
1416 749 1428 776 3
1460 730 1648 783 ejusmodi
1681 743 1754 775 res,
1788 729 1843 768 ita

437 803 560 838 notas,
582 795 634 832 ita
653 796 812 841 testatas,
834 796 886 833 ita
906 810 1077 849 magnas,
1109 798 1162 835 ita
1181 795 1398 835 manifestas
1418 796 1624 849 proferam,
1660 805 1703 835 ut
1722 808 1840 834 nemo

436 873 457 896 a
490 860 613 904 vobis,
650 869 693 898 ut
718 861 833 899 istum
867 861 1081 908 absolvatis,
1112 876 1178 915 per
1208 862 1370 915 gratiam
1405 872 1565 901 conetur
1594 861 1839 901 contendere.

435 925 576 964 Habeo
596 935 725 964 autem
759 937 903 966 certam
923 928 1025 967 viam
1046 937 1160 980 atque
1180 930 1383 973 rationem,
1419 942 1494 980 qua
1524 941 1658 967 omnes
1678 928 1840 965 illorum

435 1002 594 1030 conatus
615 992 839 1045 investigare
859 1002 897 1031 et
916 993 1097 1046 consequi
1116 995 1268 1046 poffim.
1292 996 1349 1032 Ita
1369 1007 1427 1032 res
1447 1007 1467 1030 a
1486 1007 1550 1031 me
1570 1002 1717 1046 agetur,
1735 1001 1778 1032 ut
1796 992 1841 1031 in

434 1070 568 1095 eorum
589 1057 754 1095 confiliis
775 1058 958 1097 omnibus
992 1072 1071 1096 non
1092 1059 1209 1098 modo
1239 1073 1345 1098 aures
1366 1058 1591 1104 hominum,
1627 1058 1690 1098 sed
1719 1058 1840 1098 etiam

433 1123 539 1161 oculi
558 1123 693 1176 populi
714 1124 899 1169 Romani,
921 1124 1092 1165 interesse
1111 1125 1324 1164 videantur.

488 1190 568 1227 Vos
589 1190 738 1241 aliquot
766 1191 850 1240 jam
870 1203 938 1242 per
957 1203 1075 1228 annos
1099 1199 1328 1242 conceptam
1355 1189 1448 1228 huic
1475 1189 1601 1229 ordini
1622 1189 1838 1242 turpitudi-

434 1268 525 1292 nem
545 1263 659 1306 atque
679 1253 883 1292 infamiam
903 1255 1028 1292 delere
1047 1268 1090 1292 ac
1111 1255 1244 1293 tollere
1264 1256 1435 1308 potestis.
1459 1255 1617 1294 Constat
1632 1255 1732 1294 inter
1746 1269 1837 1294 om·-

435 1333 515 1366 nes,
546 1321 629 1373 post
648 1319 730 1359 haec
750 1321 956 1359 constituta
974 1321 1135 1373 judicia,
1172 1322 1314 1374 quibus
1347 1336 1451 1361 nunc
1482 1323 1645 1367 utimur,
1680 1321 1839 1360 nullum

432 1387 507 1424 hoc
528 1386 738 1439 splendore,
769 1396 884 1438 atque
903 1386 975 1424 hac
995 1387 1180 1439 dignitate
1201 1388 1405 1426 confilium
1427 1387 1548 1425 fuiffe.
1591 1388 1673 1425 Hic
1694 1387 1720 1425 fi
1741 1387 1837 1439 quid

433 1453 504 1490 erit
524 1452 727 1497 offensum,
759 1466 894 1490 omnes
926 1452 1105 1490 homines
1127 1466 1205 1490 non
1234 1453 1316 1504 jam
1352 1467 1398 1491 ex
1419 1454 1556 1491 eodem
1581 1453 1715 1491 ordine
1742 1453 1837 1492 alios

432 1519 554 1571 magis
575 1519 747 1562 idoneos,
765 1518 887 1570 (quod
908 1518 988 1556 fieri
1006 1531 1082 1556 non
1099 1519 1238 1572 potest)
1262 1519 1321 1556 sed
1338 1519 1459 1557 alium
1475 1518 1637 1556 omnino
1657 1518 1836 1557 ordinem

432 1585 478 1622 ad
498 1598 554 1622 res
569 1585 796 1636 judicandas
818 1585 1068 1636 quaerendum
1087 1585 1387 1624 arbitrabuntur.

486 1651 619 1689 XVII.
653 1651 898 1703 Qapropter
918 1651 1092 1703 primum
1112 1651 1158 1689 ab
1180 1651 1267 1689 Diis
1288 1650 1591 1695 immortalibus,
1623 1650 1729 1703 quod
1749 1649 1834 1703 spe-

431 1731 508 1754 rare
527 1715 627 1755 mihi
648 1717 790 1761 videor,
805 1715 879 1754 hoc
900 1711 1199 1768 idem‚Judices',
1218 1726 1322 1770 peto,
1345 1727 1387 1755 ut
1408 1717 1448 1755 in
1465 1716 1702 1770 hocjudicio
1718 1730 1836 1755 nemo

431 1783 645 1835 improbus,
668 1792 801 1835 praeter
821 1796 926 1827 eum,
962 1783 1030 1834 qui
1045 1783 1281 1835 jampridem
1301 1783 1480 1823 inventus
1499 1783 1567 1828 est,
1597 1783 1832 1835 reperiatur:

431 1849 581 1892 deinde,
608 1848 633 1885 s1
654 1848 781 1900 plures
803 1848 972 1899 improbi
993 1847 1150 1893 fuerint,
1172 1847 1248 1886 hoc
1269 1849 1392 1893 vobis,
1414 1847 1489 1887 hoc
1516 1847 1662 1900 populo
1681 1848 1833 1886 Roma-

431 1928 494 1958 no,
518 1915 688 1964 Judices,
723 1913 926 1957 confirmo,
962 1914 1083 1951 vitam
1103 1912 1323 1951 mehercule
1344 1912 1443 1951 mihi
1463 1914 1584 1966 prius,
1606 1926 1723 1965 quarn
1750 1913 1833 1952 vim

431 1979 823 2031 perseverantiamque
844 1978 890 2015 ad
921 1978 1080 2016 illorum
1100 1978 1390 2031 improbitatem
1411 1978 1726 2032 persequendam,
1762 1978 1831 2018 de-

430 2044 616 2083 futuram.

488 2111 633 2148 Verum
672 2110 775 2162 quod
815 2124 886 2162 ego
925 2110 1133 2156 laboribus,
1175 2111 1370 2163 periculis,
1407 2110 1701 2164 inimicitiisque
1734 2111 1830 2150 meis

430 2188 530 2222 tum,
562 2191 653 2215 cum
675 2177 878 2215 admiffum
903 2179 988 2223 erit,
1020 2178 1184 2216 dedecus
1204 2178 1326 2216 severe
1355 2192 1419 2216 me
1450 2178 1739 2230 persecuturum
1758 2178 1831 2216 effe

430 2245 627 2298 polliceor,
660 2244 698 2281 id
728 2257 773 2280 ne
804 2244 962 2288 accidat,
995 2253 1037 2281 tu
1065 2254 1129 2282 tua
1159 2244 1351 2297 sapientia,
1393 2245 1628 2288 auctoritate,
1659 2243 1828 2296 diligen-

431 2312 495 2356 tia,
519 2312 593 2350 Μ’.
618 2310 794 2354 Glabrio,
830 2320 936 2362 potes
972 2311 1182 2363 providere.
1222 2311 1374 2364 Suscipe
1394 2309 1826 2360 causamjudiciorum3

431 2378 574 2429 suscipe
594 2376 743 2414 causam
765 2376 985 2421 severitatis,
1017 2377 1262 2428 integritatis,
1296 2377 1399 2420 fidei,
1427 2376 1651 2428 religi0ni83
1684 2375 1830 2428 suscipe

431 2443 581 2481 causam
602 2442 763 2487 senatus,
799 2452 842 2480 ut
876 2443 920 2487 is,
952 2442 1026 2480 hoc
1055 2442 1206 2493 judicio
1225 2443 1422 2494 probatus,
1452 2455 1543 2479 cum
1577 2441 1722 2494 populo
1742 2442 1829 2479 Ro-

432 2523 547 2548 mano
566 2518 602 2547 et
637 2510 676 2546 in
697 2509 821 2553 laude,
858 2510 954 2547 etin
975 2510 1093 2562 gratia
1123 2509 1193 2547 effe
1214 2508 1336 2561 poffit.
1384 2509 1536 2561 Cogita,
1568 2508 1636 2560 qui
1657 2508 1715 2552 fis,
1749 2521 1829 2559 quo

431 2577 516 2615 loco
553 2575 611 2621 sm,
643 2575 738 2628 quid
769 2576 855 2614 dare
888 2576 1032 2629 populo
1067 2577 1259 2621 Romano,
1301 2575 1397 2628 quid
1430 2575 1584 2613 reddere
1617 2574 1826 2626 majoribus
