2201 2792
455 220 530 257 114
846 203 916 243 IN
976 204 1043 255 Q
1090 199 1459 241 CAECILIUM

451 302 673 342 sanctiffima
694 303 742 340 C.
761 302 895 338 Verres
916 314 963 338 ex
983 300 1149 338 delubris
1172 298 1454 351 religiofiffimis
1475 294 1685 335 sustulisset.
1735 294 1845 345 Qas

451 383 506 407 res
526 369 695 407 luxuries
716 368 755 405 in
777 366 944 418 flagitiis,
976 365 1177 402 crudelitas
1209 365 1248 402 in
1269 363 1480 415 suppliciis,
1510 361 1661 399 avaritia
1681 361 1721 398 in
1742 359 1842 412 rapi-

451 435 524 479 nis,
546 434 717 487 superbia
737 433 774 470 in
797 431 1044 470 contumeliis
1066 431 1213 468 efficere
1233 428 1424 482 potuifl'et,
1446 442 1504 466 eas
1521 440 1653 466 omnes
1675 425 1747 464 sese
1767 424 1843 462 hoc

451 514 529 539 uno
550 501 713 538 Praetore
732 512 798 551 per
819 497 1028 535 triennium
1060 495 1275 548 pertuliffe:
1307 508 1452 547 rogare,
1483 502 1520 531 et
1540 505 1658 536 orare,
1690 505 1738 529 ne
1758 490 1845 528 illos

451 566 641 619 supplices
663 564 887 617 aspernarer,
919 576 1030 615 quos,
1062 575 1125 600 me
1155 561 1360 606 incolumi,
1390 559 1538 598 nemini
1558 557 1746 610 supplices
1775 555 1846 594 effe

451 639 656 684 oporteret.

507 698 561 735 ΙΙ.
583 695 681 734 Tuli
699 694 862 748 graviter
880 702 918 731 et
938 692 1083 737 acerbe,
1104 692 1273 742 Judices,
1295 692 1335 730 in
1356 704 1446 728 eum
1467 703 1530 728 me
1549 689 1681 726 locum
1702 685 1848 724 adduc-

452 771 554 808 tum,
590 771 634 800 ut
653 770 718 799 aut
748 774 811 798 eos
831 759 1010 798 homines
1035 758 1115 811 spes
1149 757 1313 803 falleret,
1343 757 1411 809 qui
1439 769 1553 809 opem
1573 758 1605 792 a'
1625 766 1702 798 me,
1733 760 1848 803 atque

453 828 643 867 auxilium
664 826 838 880 petissent
854 844 866 872 3
898 834 964 863 aut
983 838 1067 877 eg0‚
1089 825 1158 876 qui
1178 837 1240 862 me
1259 824 1304 862 ad
1325 822 1581 861 defendendos
1601 819 1778 858 homines
1799 816 1850 854 ab

452 895 609 933 ineunte
629 892 879 932 adolescentia
911 891 1108 935 dedissem,
1139 901 1313 944 tempore
1342 899 1457 942 atque
1476 888 1605 927 officio
1624 887 1775 924 coactus
1801 882 1850 920 ad

452 959 706 998 accusandum
727 958 953 996 traducerer.
990 956 1196 1001 Dicebam,
1218 956 1356 993 habere
1375 968 1438 992 eos
1458 956 1624 992 actorem
1645 948 1849 1002 QCaeci-

453 1025 567 1069 lium,
589 1024 658 1076 qui
678 1023 886 1075 praesertim
908 1020 1082 1071 Qaestor
1098 1020 1138 1057 in
1158 1020 1290 1057 eadem
1310 1018 1506 1070 provincia
1526 1016 1609 1069 post
1628 1030 1691 1054 me
1712 1013 1851 1066 Qaes-

452 1099 576 1127 torem
597 1088 736 1126 fuiffet.
775 1088 867 1137 Qo
886 1099 957 1138 ego
977 1085 1201 1136 adjumento
1221 1083 1414 1136 sperabam
1434 1082 1534 1121 hanc
1554 1096 1574 1120 a
1593 1095 1655 1120 me
1676 1081 1850 1121 molesti-

451 1168 515 1194 am
534 1153 635 1207 poffe
655 1153 854 1197 dimoveri,
887 1152 927 1189 id
946 1150 1047 1189 mihi
1077 1159 1156 1187 erat
1174 1148 1425 1187 adversarium
1451 1149 1643 1186 maxime:
1674 1161 1765 1185 nam
1790 1147 1852 1184 illi

452 1220 580 1258 multo
599 1217 700 1257 mihi
730 1216 806 1254 hoc
836 1214 987 1253 facilius
1007 1213 1244 1259 remififfent‚
1262 1213 1287 1251 fi
1308 1213 1424 1252 istum
1454 1226 1532 1251 non
1553 1211 1712 1258 nossent,
1738 1221 1804 1250 aut
1824 1212 1852 1250 fi

452 1285 520 1323 iste
538 1284 640 1336 apud
660 1295 723 1320 eos
745 1280 919 1332 Qaestor
939 1293 1017 1318 non
1035 1279 1177 1318 fuiffet.
1836 1267 1840 1270 ⁴

507 1349 710 1388 Addue'tus
741 1347 841 1392 sum,
876 1346 1048 1398 Judices‚
1085 1346 1229 1391 officio,
1267 1345 1356 1391 fide,
1398 1344 1670 1389 misericordIa,
1700 1343 1852 1382 multo-

453 1429 539 1455 rum
572 1415 765 1453 bonorum
795 1413 988 1465 exemplo,
1019 1412 1137 1451 veteri
1167 1411 1455 1454 consuetudine,
1484 1410 1738 1461 institutoque
1766 1422 1852 1446 ma-

449 1482 596 1534 jorum,
628 1489 671 1518 ut
701 1492 798 1517 onus
819 1478 894 1516 hoc
926 1478 1064 1515 laboris
1095 1486 1210 1529 atque
1242 1476 1377 1520 officii,
1404 1489 1482 1513 non
1513 1489 1561 1513 ex
1591 1488 1693 1520 meo,
1723 1474 1786 1512 sed
1805 1488 1854 1513 ex

454 1561 631 1586 meorum
665 1545 952 1584 necessariorum
984 1552 1171 1596 tempore,
1210 1541 1310 1580 mihi
1340 1541 1625 1594 suscipiendum
1659 1549 1851 1593 putarem.

455 1615 547 1665 Qo
576 1613 616 1650 in
643 1611 798 1664 negotio
830 1620 959 1648 tamen
989 1609 1055 1647 illa
1087 1622 1150 1647 me
1184 1621 1255 1653 res,
1286 1608 1457 1659 Judices,
1488 1606 1716 1651 consolatur,
1747 1605 1852 1658 quod

454 1679 551 1724 haec,
573 1692 658 1730 quae
673 1678 823 1715 videtur
843 1676 914 1714 effe
934 1675 1123 1713 accusatio
1144 1688 1242 1719 mea,
1266 1687 1343 1712 non
1363 1674 1491 1726 potius
1511 1673 1713 1717 accusatio,
1735 1685 1854 1725 quam

454 1743 633 1788 defensio,
655 1742 708 1781 est
726 1739 1001 1780 existimanda:
1034 1738 1197 1778 defendo
1223 1739 1329 1777 enim
1349 1739 1494 1778 multos
1521 1738 1714 1783 mortales,
1745 1738 1854 1776 mul-

456 1819 509 1847 tas
529 1810 717 1853 civitates,
749 1807 988 1860 provinciam
1009 1805 1180 1844 Siciliam
1212 1813 1347 1843 totam.
1394 1804 1675 1855 Qamobrem,
1706 1804 1731 1840 fi
1752 1802 1854 1840 mihi

446 1887 554 1913 'unus
590 1874 642 1911 est
672 1872 918 1914 accusandus,
949 1870 1233 1922 propemodum
1262 1882 1414 1907 manere
1435 1871 1473 1906 in
1493 1868 1668 1906 instituto
1687 1881 1775 1905 meo
1795 1868 1855 1905 vi-

457 1941 558 1983 deor,
591 1948 629 1976 et
661 1951 738 1976 non
771 1936 933 1974 omnino
952 1949 973 1972 a
993 1933 1241 1973 defendendis
1266 1933 1507 1980 hominibus,
1540 1933 1856 1986 sublevandisque

457 2005 659 2043 discedere.

513 2069 632 2120 Qod
652 2068 677 2106 s1
699 2067 796 2105 hanc
817 2065 966 2105 causam
989 2075 1067 2104 tam
1102 2065 1294 2111 idoneam,
1325 2074 1404 2104 tam
1435 2065 1636 2110 illustrem,
1670 2074 1748 2104 tam
1767 2079 1856 2119 gra·

458 2148 546 2174 vem
566 2147 643 2172 non
663 2132 842 2171 haberem
860 2150 871 2177 ;
900 2131 925 2170 si
946 2141 1010 2169 aut
1029 2130 1104 2169 hoc
1125 2145 1145 2168 a
1164 2145 1227 2169 me
1248 2130 1365 2169 Siculi
1384 2144 1460 2169 non
1480 2131 1670 2184 petissent,
1690 2140 1755 2169 aut
1776 2131 1854 2169 mi-

459 2200 501 2238 hi
528 2213 621 2238 cum
642 2199 778 2237 Siculis
810 2197 918 2236 causa
947 2206 1059 2235 tantae
1085 2197 1367 2235 necessitudinis
1399 2210 1478 2235 non
1512 2196 1786 2240 intercederet,
1818 2204 1856 2234 et

459 2267 550 2312 hoc,
581 2265 686 2318 quod
714 2264 828 2308 facio,
852 2277 914 2302 me
944 2263 1165 2316 reipublicae
1184 2263 1292 2302 causa
1319 2263 1441 2301 facere
1466 2262 1675 2315 profiterer,
1707 2269 1750 2298 ut
1779 2260 1854 2299 ho-

460 2347 526 2371 mo
552 2332 730 2385 singulari
764 2330 986 2383 cupiditate,
1016 2330 1184 2374 audacia,
1214 2329 1351 2367 scelere
1386 2329 1580 2381 praeditus,
1611 2328 1720 2378 cujus
1754 2327 1857 2365 furta

461 2407 573 2449 atque
604 2398 747 2450 flagitia
779 2409 856 2434 non
890 2395 930 2433 in
963 2394 1090 2432 Sicilia
1110 2395 1248 2439 solum,
1277 2394 1337 2432 sed
1369 2394 1408 2431 in
1429 2392 1589 2437 Achaia,
1621 2393 1721 2437 Asia,
1753 2392 1855 2431 Cili-

462 2463 534 2506 cia,
558 2463 797 2515 Pamphylia,
835 2462 972 2499 Romae
996 2460 1162 2513 denique
1192 2468 1277 2497 ante
1307 2459 1439 2497 oculos
1471 2458 1650 2497 omnium
1672 2458 1854 2503 maxima,

462 2527 751 2581 turpissimaque
771 2527 974 2574 nossemus,
1006 2540 1069 2566 me
1090 2535 1221 2581 agente
1240 2526 1280 2565 in
1302 2525 1498 2579 judicium
1519 2533 1738 2571 vocaretur,
1769 2524 1855 2577 quis
