2201 2792
344 140 368 181 5
518 126 1051 168 ARGUMENTA
1111 124 1644 166 ORATIONUNL

339 213 508 264 sperabat,
535 212 578 247 ad
595 210 891 257 corrumpendum
909 209 1077 250 difficiles,
1098 208 1328 244 succederent.
1370 208 1469 243 Tum
1487 218 1654 256 praeterea
1669 206 1716 243 L.
1735 207 1818 243 Me-'

341 265 459 306 tellus,
483 262 622 297 illorum
652 259 768 302 frater,
796 258 945 294 Siciliam
971 258 1182 303 provinciam
1210 257 1345 292 sortitus
1371 258 1463 299 effer,
1490 256 1590 304 cujus
1615 257 1817 292 auctoritate

343 313 477 349 Siculos
494 310 704 346 commoveri
724 308 814 354 posse
832 307 1038 342 confidebat.
1083 307 1122 341 Id
1142 315 1181 340 ut
1197 307 1359 348 efficeret,
1379 306 1543 352 quoniam
1562 316 1710 352 quatuor
1727 306 1818 340 dun-

343 371 438 399 taxat
464 360 594 395 menses
616 366 692 392 ante
718 356 886 391 Kalendas
913 355 1066 400 Januarii
1089 355 1297 401 supererant,
1325 354 1495 400 principio
1520 353 1653 389 causam
1676 354 1817 389 alterius

344 411 393 447 rei
420 410 635 455 interponere
658 415 800 440 conatus
818 404 877 446 est,
903 416 985 450 quae
1000 415 1105 438 omne
1124 413 1260 449 tempus
1279 403 1320 437 ad
1339 404 1514 449 agendum
1534 403 1700 437 idoneum
1717 402 1817 437 absu-

344 468 466 495 meret.
519 457 586 491 Sed
614 453 686 501 ejus
714 453 806 501 spem
835 453 1011 488 Ciceronis
1034 451 1213 498 diligentia
1235 451 1338 497 longe
1360 450 1494 486 fefellit.
1548 452 1669 498 Itaque
1693 463 1733 485 ea
1759 450 1819 498 spe

343 507 522 544 frustratus
542 513 671 540 tentare
687 502 853 538 rationem
868 502 987 548 coepit.
1027 501 1121 535 Nam
1140 512 1220 534 cum
1239 511 1281 534 ex
1298 501 1360 534 hoc
1377 510 1543 546 tempore,
1560 500 1672 534 Nonis
1690 499 1817 535 scilicet

343 556 545 596 Sextilibus,
573 565 639 588 non
659 552 810 586 multum
830 550 995 596 temporis
1013 550 1054 584 ad
1073 549 1248 595 agendum
1266 548 1458 594 superesset,
1484 549 1575 583 ludis
1594 560 1701 596 prope
1721 560 1818 585 men-

345 606 395 642 ses
421 616 486 639 tres
512 601 760 641 auferentibus,
787 599 970 647 praesertim
995 599 1017 632 si
1045 598 1137 632 horis
1160 597 1224 632 suis
1250 597 1424 643 legitimiS,
1452 597 1486 632 id
1512 597 1560 632 est
1584 597 1660 632 XX
1680 598 1817 643 diebus,

345 653 518 690 accusator
536 651 585 686 uti
604 649 782 684 voluisset:
811 648 987 682 consilium
1007 647 1071 681 hoc
1087 646 1189 692 cepit,
1218 656 1255 680 ut
1275 646 1400 692 partim
1425 646 1586 688 dicendo,
1613 647 1738 692 partim
1757 659 1816 683 ex-

345 703 506 743 cusandO,
532 712 606 735 rem
625 700 792 745 integram
812 697 845 731 in
864 708 992 731 annum
1012 695 1208 741 sequentem
1228 695 1445 740 produceret.
1497 695 1596 730 Huic
1620 695 1710 730 illius
1733 706 1817 732 con-

347 752 419 787 silio
445 750 568 785 Cicero
597 748 643 782 ita
673 746 832 780 occurrit.
883 744 1010 779 Statuit
1037 752 1240 790 perpetuam
1268 743 1459 778 orationem
1490 744 1524 778 in
1555 743 1648 779 aliud
1678 754 1820 793 tempus

345 800 525 839 reservare,
551 798 586 832 &
611 796 759 831 breviter
784 794 882 829 testes
908 793 1148 839 interrogando
1172 791 1419 826 accusationem
1438 792 1611 839 expedire.
1663 792 1710 828 Et
1728 805 1818 840 quo-

345 849 440 884 niam
457 846 520 882 sibi
537 846 581 880 ab
599 845 717 879 usitata
734 843 863 877 ratione
880 842 1071 883 Hortensii,
1097 851 1130 876 et
1149 841 1481 887 corrumpendorum
1500 840 1713 887 judiciorum
1735 854 1819 879 con-

345 897 525 934 suetudine
539 894 697 933 timebat,
718 892 779 927 hac
793 902 865 926 tota
881 891 1033 925 oratione
1049 890 1165 925 multis
1180 890 1279 924 minis
1295 889 1513 936 interpositis,
1528 900 1563 925 et
1576 890 1817 935 Hortensium,

344 956 380 982 et
399 946 482 980 alios
495 942 658 989 ejusmodi
672 941 816 977 artifices
829 950 1015 987 perterrere
1029 948 1170 974 conatus
1186 938 1234 973 est
1249 951 1256 973 :
1280 938 1458 973 ostendens
1475 938 1505 973 se
1518 939 1698 974 admissum
1714 941 1820 977 dede-

344 1006 407 1030 cus
426 993 627 1028 severiffirne
644 989 945 1038 persequuturum.
989 989 1125 1022 Deinde
1143 999 1222 1022 cum
1241 987 1404 1022 senatoria
1419 986 1546 1033 judicia
1564 987 1703 1023 infamia
1722 989 1820 1026 labo-

345 1053 471 1084 rarent,
506 1050 541 1075 et
570 1039 720 1086 populus
750 1038 908 1083 equitum
933 1035 1063 1081 judicia
1096 1048 1305 1082 magnopere
1336 1036 1519 1082 flagitaret,
1554 1037 1698 1072 ostendit
1732 1038 1820 1074 hanc

344 1103 450 1127 unam
468 1090 531 1125 effe
549 1089 603 1123 vel
623 1087 806 1121 maximam
825 1095 884 1120 aut
902 1097 940 1119 ea
959 1085 1151 1127 amittendi,
1178 1085 1201 1119 si
1220 1084 1250 1119 se
1268 1085 1442 1131 corrumpi
1462 1085 1632 1126 sinerent3
1658 1096 1718 1121 aut
1735 1098 1819 1123 con-

344 1138 502 1177 firmandi
527 1137 726 1172 facultatem
746 1145 780 1170 et
798 1135 925 1169 ordinis
943 1134 1107 1168 invidiam
1126 1132 1374 1179 infamiamque
1387 1133 1599 1179 judiciorum
1619 1135 1768 1177 sedandi,
1794 1136 1821 1172 fi

346 1190 380 1224 in
400 1189 464 1223 hoc
481 1185 628 1233 judicio,
654 1196 726 1231 quo
743 1183 896 1219 senatorii
913 1182 1041 1216 ordinis
1065 1182 1240 1228 integritas
1268 1182 1301 1217 in
1319 1182 1494 1227 judicium
1517 1194 1674 1225 vocatur,
1701 1185 1822 1220 severi-

346 1247 452 1274 tatem
470 1245 504 1272 et
522 1235 723 1282 religionem
743 1243 812 1268 tam
831 1231 932 1279 gravi
950 1240 983 1265 et
1000 1231 1134 1266 delecto
1152 1231 1289 1265 consilio
1307 1231 1449 1278 dignam
1467 1231 1664 1268 adhibeant.

680 1338 726 1375 In
757 1337 800 1375 C.
830 1334 977 1373 Verrem
1004 1334 1172 1373 Abi-'ionis
1199 1335 1255 1372 II.
1313 1333 1401 1373 Lib.
1428 1346 1461 1373 1.

461 1394 615 1445 Argum.
825 1391 889 1429 De
917 1391 1099 1428 Praetura
1131 1388 1295 1426 Urbana.
1661 1403 1700 1442 p.
1729 1401 1819 1442 ¹49·

394 1480 591 1515 Dnmczps
619 1477 693 1512 haec
714 1476 830 1511 omnia
849 1488 916 1510 non
935 1475 1036 1517 dieta,
1063 1475 1119 1509 sed
1147 1474 1266 1521 scripta
1289 1473 1365 1509 sunt
1391 1484 1509 1508 contra
1535 1486 1629 1517 eum,
1656 1476 1751 1522 quod
1775 1476 1823 1511 ita

346 1527 477 1564 facium
497 1527 554 1562 est.

396 1578 542 1612 Firmi'r
562 1575 695 1616 Cicero,
713 1574 819 1608 adeffe
839 1574 870 1608 in
883 1571 1016 1619 judicio
1030 1572 1175 1606 Verrem
1193 1571 1551 1618 comperendinatum,
1570 1581 1604 1608 et
1622 1572 1822 1619 respondere

346 1625 502 1667 citatum,
529 1635 562 1659 et
579 1623 730 1658 defendi.
782 1623 819 1656 In
838 1622 970 1657 caeteris
989 1622 1080 1656 enim
1102 1621 1313 1655 orationibus
1331 1619 1488 1655 defensor
1506 1619 1658 1662 futurus,
1686 1622 1820 1657 accusa-

348 1674 448 1709 tionis
466 1673 617 1708 officium
638 1672 686 1706 his
705 1671 812 1713 libris,
839 1671 899 1717 qui
919 1671 1142 1705 Verrinorum
1162 1670 1302 1704 nomine
1321 1678 1578 1716 nuncupantur,
1601 1671 1821 1717 compensare

347 1722 513 1764 decrevit,
538 1732 584 1762 et,
610 1723 774 1768 quoniam
795 1720 947 1755 accusare
966 1719 1095 1754 multos
1117 1719 1317 1753 indecorum
1335 1719 1455 1753 Tullio
1479 1718 1672 1761 videbatur,
1700 1719 1732 1754 in
1753 1732 1822 1755 una

348 1772 445 1807 causa
462 1772 532 1806 vim
552 1769 652 1816 hujus
670 1770 748 1804 artis
767 1779 800 1803 et
818 1768 1025 1815 eloquentiae
1044 1768 1285 1803 demonstrare.
1321 1768 1415 1802 Nam
1431 1778 1465 1802 et
1485 1768 1571 1802 bene
1590 1768 1823 1814 intelligentes

347 1832 490 1856 omnem
518 1820 679 1854 virtutem
707 1818 900 1858 oratoriam,
927 1829 1147 1863 quaecunque
1173 1817 1207 1850 in
1231 1815 1529 1850 criminationibus
1554 1816 1735 1851 constituta
1761 1817 1821 1859 est,

350 1870 405 1904 hic
422 1869 608 1914 expressam
627 1867 745 1901 vident
762 1880 769 1901 :
798 1876 832 1900 et
849 1877 979 1907 contra,
1005 1877 1048 1900 ex
1066 1866 1130 1899 hoc
1148 1863 1387 1899 defensionum
1406 1865 1476 1898 vim
1497 1866 1529 1899 in
1549 1866 1679 1900 caeteris
1697 1866 1822 1900 oratio-

350 1918 468 1958 nibus,
495 1926 528 1952 ct
547 1927 666 1951 nervos
684 1914 756 1962 ejus
774 1926 815 1948 ex
835 1914 896 1949 hac
916 1913 1044 1948 virtute
1062 1913 1287 1960 cognoscunt,
1314 1925 1393 1959 quse
1413 1914 1444 1947 in
1464 1914 1694 1960 opprimendo
1709 1915 1823 1962 expri-

351 1967 457 2002 mitur
483 1977 551 2000 re0.
605 1965 715 2010 Igitur
739 1975 851 1998 rerum
877 1962 973 1997 scena
999 1962 1042 1997 sic
1065 1961 1154 1997 facta
1175 1961 1234 2003 est,
1260 1972 1299 1996 ut
1323 1961 1406 1996 dicit
1429 1963 1582 2004 Tullius,
1610 1975 1678 1997 non
1703 1973 1821 1998 autem

349 2016 422 2050 afta
437 2026 487 2048 res
502 2013 560 2048 est.
600 2025 736 2054 ADEST,
756 2012 879 2058 inquit,
893 2012 1027 2052 Verres,
1043 2011 1235 2057 respondet,
1250 2009 1459 2045 defenditur.
1491 2010 1589 2057 Ergo
1608 2023 1688 2046 cum
1709 2012 1822 2058 prima

350 2064 482 2099 actione
501 2062 672 2096 accusatus
691 2061 741 2102 sit,
769 2072 806 2095 ac
824 2060 981 2095 defensus
999 2060 1136 2103 Verres,
1164 2071 1269 2101 nunc,
1299 2059 1393 2093 velut
1417 2058 1574 2094 defensus
1593 2061 1732 2103 iterum,
1760 2061 1827 2106 (sie.

349 2113 443 2148 enim
465 2123 538 2146 mos
557 2111 650 2152 erat)
679 2110 712 2144 in
735 2110 836 2144 altera
860 2109 991 2145 actione
1009 2108 1183 2143 accusatur
1201 2109 1243 2143 ad
1262 2107 1426 2143 ultimum
1445 2109 1554 2142 rursus
1577 2109 1729 2144 oratione
1747 2121 1823 2156 per-

351 2171 466 2207 petua.
519 2159 673 2194 Crimina
703 2158 984 2206 repetundarum,
1015 2167 1050 2192 et
1079 2158 1143 2192 alia
1174 2157 1337 2203 pleraque
1366 2168 1410 2191 ex
1442 2158 1597 2192 anteacta
1629 2157 1700 2192 vita
1733 2158 1824 2204 saepe

351 2210 554 2245 firmantur:
583 2207 728 2242 sumitur
753 2207 856 2241 etiam
884 2206 962 2241 hinc
989 2206 1075 2252 saepe
1101 2206 1263 2241 defensio.
1282 2205 1394 2240 omnis
1420 2205 1511 2240 enim
1537 2205 1753 2240 confirmatio
1779 2206 1824 2241 ab

350 2257 525 2294 attributis
541 2256 692 2305 personae
711 2265 745 2290 et
764 2255 903 2302 negotio
922 2254 1007 2290 sumi
1025 2256 1118 2290 lolet.
1154 2255 1250 2302 Ergo
1268 2254 1434 2290 attributa
1450 2254 1603 2301 personae
1623 2255 1771 2289 maxime
1790 2254 1826 2290 in

350 2307 505 2343 anteacta
524 2307 596 2341 vita
614 2305 721 2352 quaeri
740 2305 871 2339 solent:
899 2303 1094 2350 negotium,
1121 2304 1154 2338 in
1181 2303 1249 2350 ipso
1270 2304 1425 2338 crimine.
1477 2302 1605 2338 Libros
1631 2303 1737 2349 igitur
1762 2314 1826 2350 pro

350 2355 516 2402 qualitate
543 2355 727 2390 criminum
751 2353 889 2388 Tullius
919 2352 1088 2395 dividens,
1116 2352 1278 2388 anteactis
1308 2364 1417 2387 unum
1445 2351 1553 2394 dedit,
1582 2352 1673 2387 hunc
1700 2350 1826 2388 scilicet

352 2405 483 2441 solum:
506 2403 638 2440 crimini
656 2402 716 2450 ipsi
729 2401 1000 2451 repetundarum
1016 2412 1189 2450 quatu0r3
1216 2413 1326 2438 unum
1342 2400 1475 2449 dejure
1490 2401 1658 2439 dicendo:
1677 2401 1826 2438 alterum
