2201 2792
483 110 1020 149 ARGUMENTA
1083 113 1625 157 ORATIONUM.
1726 121 1809 170 *23

428 231 588 283 Argum.
906 230 1113 285 Philippica
1143 233 1216 273 ΧΙ.
1334 236 1337 237 ’
1647 252 1685 292 p.
1715 254 1812 293 414.

366 317 603 353 ΟΒτιΝεΝτε
625 316 744 352 Asiam
764 318 980 365 provinciam
1000 319 1040 354 C.
1061 319 1256 362 Trebonio,
1276 322 1450 358 decretam
1471 334 1489 357 a
1507 322 1623 360 senatu
1641 326 1716 374 post
1734 328 1814 365 Cae.

313 361 395 407 'saris
414 367 607 408 interitum,
625 367 810 402 Dolabella
829 369 861 403 in
881 368 1028 415 Syriam,
1049 370 1194 405 Antonii
1213 371 1275 406 fibi
1294 371 1373 419 lege
1393 372 1567 415 traditam,
1585 378 1814 423 proficiscens,

316 428 397 451 cum
419 417 600 452 Trebonio
614 415 870 452 familiarissime
884 419 1092 461 collocutus,
1110 431 1264 466 eumque
1278 420 1423 456 summae
1439 422 1691 461 benevoleniiae
1710 427 1815 464 fimu-

316 466 444 501 latione
470 467 688 512 complexus,
716 467 893 502 incautum
922 468 1081 513 Smyrnae
1107 472 1270 517 oppreffit
1294 481 1399 519 atque
1419 471 1605 515 interfecit,
1633 486 1668 512 et
1691 477 1813 514 Asiam

317 515 510 551 universam
538 516 736 563 occupavit.
789 516 873 552 Hoc
897 518 1020 552 nuntio
1041 518 1194 554 Romam
1219 521 1363 567 perlato,
1390 521 1523 557 senatus
1545 523 1677 561 hostem
1703 527 1818 563 Dola-

317 564 640 612 bellamjudicavit,
669 566 830 613 belloque
856 567 1134 614 persequendum
1162 569 1317 605 censuit:
1347 571 1399 605 sed
1419 583 1499 606 cum
1524 571 1598 620 ejus
1618 576 1698 611 belli
1718 588 1815 620 cura,

315 626 385 649 non
403 615 479 650 satis
497 615 677 657 constaret,
693 617 749 650 cui
768 617 964 651 mandanda
979 617 1167 662 videretur,
1186 631 1266 654 cum
1287 620 1342 655 alii
1362 621 1459 657 aliter
1476 621 1652 668 sentirent,
1673 626 1812 671 Cicero,

315 665 492 711 deplorata
511 666 605 711 prius
628 665 799 700 Trebonii
819 677 942 708 morte,
970 666 1215 713 imperatorem
1235 670 1380 704 omnino
1399 673 1440 705 C.
1461 671 1627 717 Caffium,
1654 677 1715 723 qui
1735 677 1811 712 Do-

314 714 474 748 labellam
502 725 591 748 terra
617 717 773 761 marique
796 715 1070 763 persequeretur,
1098 718 1162 752 effe
1184 718 1413 765 deligendum
1441 721 1581 759 censuit.
1636 726 1675 759 ln
1703 738 1810 772 quam

315 763 518 798 sententiam
539 774 577 797 ut
597 763 630 798 S.
652 764 693 798 C.
713 765 778 798 esse
797 765 928 799 fadum
949 766 1199 808 existimemus,
1229 767 1280 802 his
1298 769 1422 804 Velleii
1446 771 1560 806 verbis
1588 774 1712 809 adduci
1735 775 1811 822 pos-

314 812 453 847 sumus:
483 813 582 848 Bruto
600 812 755 860 Caffioque
762 815 952 859 provincz'ae,
971 827 1048 862 quas
1056 817 1130 863 jam
1147 817 1281 863 ipstfine
1297 819 1328 853 S.
1347 818 1382 854 C.
1398 829 1645 866 occupaverant,
1663 823 1808 862 decretae.

424 933 585 983 Argum,
899 933 1105 986 Philippica
1133 935 1229 974 XII.
1641 956 1680 996 p·
1711 956 1806 998 429·

363 1018 453 1051 CUM
475 1017 637 1051 retulisset
654 1016 761 1052 Pansa
778 1018 907 1061 consul,
932 1020 975 1054 de
993 1022 1114 1067 legatis
1134 1023 1260 1057 iterum
1281 1023 1321 1058 ad
1342 1025 1541 1062 Antonium
1561 1027 1604 1063 de
1621 1041 1706 1076 pace
1725 1032 1808 1068 mit-

315 1066 440 1107 tendis,
469 1066 512 1100 ab
542 1066 593 1108 iis,
621 1066 679 1111 qui
705 1068 807 1113 primi
828 1069 938 1114 rogati
958 1081 1054 1104 erant
1071 1070 1287 1113 sententiam,
1316 1073 1421 1119 legati
1448 1077 1577 1111 decreti
1608 1091 1706 1114 erant
1732 1082 1806 1118 duo

313 1115 517 1157 consulares,
544 1115 582 1149 P.
611 1116 774 1150 Serviiius
802 1127 836 1151 et
860 1118 993 1153 Cicero.
1049 1120 1121 1166 Ipse
1149 1133 1232 1167 ergo
1263 1122 1387 1157 Cicero
1415 1136 1557 1171 rogatus
1585 1127 1807 1174 sententiam,

311 1164 524 1210 legationem
551 1175 620 1198 non
646 1165 752 1198 modo
776 1165 1059 1212 supervacaneam
1081 1170 1156 1210 effe,
1185 1182 1264 1204 curn
1285 1172 1328 1205 ab
1346 1174 1504 1208 Antonio
1525 1188 1644 1221 pacem
1671 1180 1804 1226 sperare

312 1225 381 1247 non
403 1213 533 1253 liceret,
565 1213 620 1247 sed
646 1213 805 1248 inutilem
833 1216 952 1258 etiam,
985 1227 1019 1250 et
1044 1228 1181 1264 turpem
1211 1220 1519 1270 perniciosamque,
1551 1227 1668 1261 multis
1698 1242 1804 1274 argu-

310 1262 436 1297 mentis
461 1262 594 1298 docuit.
648 1262 782 1308 Qiodfi
808 1275 925 1299 autem
949 1266 1107 1301 habenda
1130 1271 1223 1314 pacis
1250 1269 1336 1304 ratio
1356 1270 1407 1312 sit,
1435 1277 1528 1308 suam
1556 1285 1670 1310 tamen
1691 1268 1804 1324 pesso-

311 1323 390 1346 nam
409 1312 451 1346 ad
471 1312 566 1346 istam
582 1312 792 1358 legationem
810 1314 953 1349 minime
971 1315 1068 1350 foifle
1086 1318 1324 1363 deligendam,
1351 1332 1537 1369 propterea
1555 1327 1649 1369 quod
1670 1326 1805 1374 semper

309 1361 441 1408 legatos
461 1361 649 1396 mittendos
668 1363 858 1408 negaverit,
886 1366 979 1410 quod
1000 1366 1250 1401 crudelissimus
1268 1368 1329 1403 sibi
1350 1372 1407 1405 uni
1429 1372 1529 1406 hostis
1550 1373 1587 1407 fit
1606 1376 1803 1422 Antonius,

310 1422 373 1445 nec
398 1410 464 1445 sine
491 1411 572 1445 vitae
592 1412 745 1445 maximo
763 1415 916 1458 perient)
936 1415 1145 1461 legationen]
1166 1416 1332 1464 suscipere
1351 1421 1449 1465 poffit
1465 1448 1474 1461 ,
1503 1422 1535 1456 id
1563 1434 1680 1459 autem
1709 1429 1801 1473 peri-

307 1460 427 1495 culum
452 1473 493 1494 eo
511 1461 622 1506 magis
644 1459 854 1506 fugiendum
875 1464 952 1506 effe,
981 1475 1018 1499 ut
1038 1467 1107 1500 vita
1125 1467 1193 1508 sua,
1223 1468 1338 1513 quoad
1359 1470 1411 1504 vel
1431 1471 1583 1518 dignitas
1604 1475 1659 1509 vel
1678 1487 1803 1513 natura

304 1511 466 1557 patiatur,
493 1521 612 1557 patrxae
629 1510 831 1547 reservetur.

416 1614 577 1666 Argum.
876 1617 1085 1672 Philzppica
1114 1620 1230 1659 XIII.
1631 1642 1670 1681 p.
1700 1643 1755 1681 44
1763 1643 1779 1669 1

356 1701 586 1736 SENTENTiA
606 1701 649 1736 de
670 1702 848 1738 mittendis
868 1704 993 1739 iterum
1017 1706 1136 1752 legatis
1158 1705 1233 1752 jam
1262 1707 1404 1755 abjeeta,
1433 1723 1553 1756 pacem
1579 1713 1711 1756 laudat,
1739 1717 1797 1754 sed

305 1761 381 1785 eam
401 1762 481 1784 curn
501 1751 660 1785 Antonio
680 1763 781 1798 negat
803 1754 907 1788 ullam
927 1755 990 1789 effe
1010 1756 1112 1800 posse.
1165 1756 1304 1791 Retitat
1329 1769 1363 1792 et
1382 1759 1629 1806 interpretatur
1647 1767 1796 1803 Antonii

304 1799 418 1834 literas
440 1801 482 1834 ad
501 1799 661 1834 Hirtium
682 1802 924 1850 Caesaremque
944 1806 1065 1839 miffas.
1117 1805 1249 1840 Servilii
1269 1805 1471 1843 sententiam
1493 1813 1617 1856 probat
1635 1815 1678 1849 de
1698 1828 1797 1851 man-

303 1844 391 1883 datis
411 1849 581 1896 literisque
600 1850 654 1885 M.
674 1850 814 1897 Lepidi,
842 1854 882 1887 ad
911 1865 1032 1900 pacem
1056 1854 1277 1890 cohortantis.
1330 1857 1428 1893 Sext.
1449 1859 1673 1906 Pompeium,
1697 1866 1796 1912 quod

303 1898 398 1933 suam
427 1911 632 1946 eorumque,
660 1912 747 1946 quos
776 1901 888 1937 secum
915 1904 1065 1945 haberet,
1092 1915 1233 1950 operam
1259 1906 1385 1940 senatui
1406 1912 1610 1957 populoque
1631 1915 1793 1950 Romano

301 1948 476 1994 pollicitus
503 1948 595 1989 effer,
623 1950 676 1984 vel
705 1962 745 1984 eo
768 1951 801 1985 S.
820 1952 860 1986 C.
890 1954 986 1999 quod
1014 1953 1046 1987 in
1075 1954 1209 1988 Servilii
1239 1954 1440 1991 sententian]
1466 1960 1508 1993 de
1533 1961 1659 2008 Lepidi
1686 1964 1795 2000 literis

302 1997 412 2040 fieret,
443 1998 496 2031 vel
524 1999 664 2044 proprio
690 2000 901 2036 laudandum
926 2003 990 2037 esse
1015 2003 1138 2037 censet.
1190 2003 1238 2038 Et
1265 2005 1338 2038 baec
1361 2007 1497 2042 absente
1517 2009 1622 2045 Pania
1640 2014 1791 2057 consule,

301 2047 361 2092 qui
382 2050 420 2080 ad
442 2047 611 2093 collega-'n
631 2048 792 2084 Hirtium
812 2061 846 2085 et
864 2051 1032 2086 Caesarem
1060 2064 1140 2086 cum
1169 2051 1208 2087 iis
1232 2054 1352 2100 copiiS‚
1380 2068 1466 2103 quas
1492 2059 1562 2105 ipse
1586 2073 1629 2095 ex
1652 2063 1791 2099 deleftu

299 2106 525 2143 compararat,
553 2097 729 2142 proscftus
749 2110 831 2134 erat.

410 2214 567 2266 Argum.
869 2217 1075 2272 Philippica
1103 2219 1212 2258 XIV.
1633 2242 1668 2280 p.
1689 2230 1790 2280 460.

347 2299 541 2335 Annis
575 2301 617 2335 de
647 2302 768 2349 praelio
796 2303 838 2338 ad
867 2304 1046 2340 Mutinam
1076 2308 1267 2351 commisso,
1302 2310 1530 2359 Antonioqtie
1558 2313 1651 2348 vieto
1683 2316 1787 2354 literis

296 2348 477 2384 consulum
494 2361 528 2384 et
547 2350 702 2395 Caesaris,
729 2353 784 2388 M.
811 2353 1000 2397 Cornutus,
1030 2367 1156 2401 praetor
1177 2361 1342 2401 urbanus,
1370 2362 1430 2406 qui
1450 2360 1622 2397 consulare
1643 2377 1786 2410 munus,

295 2397 492 2435 absentibus
523 2402 735 2446 consulibus,
770 2414 866 2442 mere
897 2403 1068 2452 majorum
1093 2405 1291 2453 sustinebat,
1326 2421 1408 2444 cuin
1437 2410 1594 2447 senatum
1623 2417 1788 2461 vocaffet,
