2201 2792
514 197 592 237 452
950 182 1040 222 IN
1111 177 1542 224 VERREM'

517 284 732 335 lacrymans
752 283 791 322 in
814 296 963 322 carcere
984 291 1107 322 mater
1125 285 1255 322 noctes
1272 283 1428 336 diesque
1443 282 1626 328 affideret,
1658 279 1919 320 defensionem

517 351 635 389 causae
656 350 728 389 suae
749 350 892 403 scripsit
910 365 919 388 :
950 363 1068 402 quam
1090 363 1194 388 nunc
1215 363 1331 388 nemo
1350 349 1403 387 est
1422 350 1463 387 in
1484 350 1627 395 Sicilia,
1649 349 1745 403 quin
1764 348 1917 394 habeat,

518 419 615 470 quin
636 418 750 471 legat,
782 417 879 470 quin
900 418 959 454 tui
979 416 1126 455 sceleris
1148 425 1186 454 et
1206 416 1444 454 crudelitatis
1464 430 1511 455 ex
1531 417 1597 455 illa
1615 417 1786 455 oratione
1806 430 1918 456 com-

519 484 719 523 monefiat.
752 485 798 522 In
833 496 908 536 qua
939 483 1066 528 docet,
1102 491 1199 536 quot
1228 497 1249 521 a
1281 483 1436 521 civitate
1467 483 1531 521 sua
1550 492 1682 522 nautas
1703 484 1894 537 acceperit
1906 502 1918 529 ;

519 560 615 604 quot
635 561 674 589 et
694 551 830 604 quanti
851 564 1049 603 quemque
1070 549 1258 589 dimiserit
1274 568 1286 595 ;
1318 558 1415 602 quot
1435 549 1563 588 secum
1583 548 1791 589 habuerit:
1823 551 1921 588 item

519 619 566 657 de
586 619 731 657 caeteris
753 618 914 657 navibus
935 618 1045 657 dicit.
1078 618 1176 668 Qae
1195 631 1289 656 cum
1309 617 1412 670 apud
1431 626 1468 655 te
1488 617 1645 663 diceret,
1678 618 1796 670 virgis
1816 616 1923 656 oculi

519 686 830 724 verberabantur.
864 684 949 730 Ille,
972 693 1097 723 morte
1115 684 1319 736 proposita,
1335 682 1448 721 facile
1468 683 1643 722 dolorem
1663 684 1834 736 corporis
1852 697 1922 736 pa—

519 753 699 791 tiebatur.
753 752 971 795 Clamabat,
1007 751 1047 789 id
1068 751 1175 804 quod
1196 750 1383 803 scriptum
1403 750 1574 803 reliquit,
1603 751 1765 790 Facinus
1784 750 1844 804 ff’
1862 751 1922 789 in—

519 818 678 871 dignum,
707 819 792 871 plus
825 817 1094 871 zblspudz'cffbtzae
1124 817 1281 856 mulieris
1312 816 1414 869 apud
1439 826 1474 855 te
1504 816 1544 856 de
1575 818 1764 856 Cleomenis
1782 818 1922 870 salute,

520 901 626 940 quam
645 885 685 924 de
689 887 765 939 fica
784 885 867 923 vita
884 886 1060 938 lacrymas
1078 885 1222 929 matris,
1244 885 1380 923 valere.
1608 878 1616 882 i

576 952 731 991 Deinde
751 952 869 989 etiam
900 950 999 989 illud
1019 951 1131 989 video
1151 951 1223 989 efi'e
1245 950 1410 996 dictum,
1438 950 1557 1003 quod,
1590 950 1617 988 fi
1637 951 1737 988 recte
1757 963 1824 989 vos
1850 963 1924 1003 po-

519 1019 635 1072 pulus
656 1019 859 1057 Romanus
880 1017 1078 1071 cognovit,
1110 1032 1189 1056 non
1221 1016 1316 1056 falso
1336 1018 1402 1056 ille
1427 1018 1510 1070 jam
1542 1018 1582 1056 in
1616 1017 1693 1071 ipsa
1727 1025 1852 1056 morte
1877 1017 1924 1055 de

520 1086 629 1125 vobis
655 1086 903 1138 praedicavit:
935 1086 1022 1124 Non
1046 1084 1139 1138 pqffl’
1170 1086 1332 1129 Verrem,
1363 1084 1461 1140 testes
1494 1084 1747 1138 intetficiendo,
1772 1084 1925 1123 crimina

506 1153 582 1205 fica
602 1152 810 1204 extinguere
823 1167 835 1189 :
863 1150 1074 1203 graviorem
1094 1150 1193 1204 apud
1206 1150 1539 1204 fhpie72tesjudices
1558 1153 1604 1204 st’
1618 1151 1709 1204 fore
1726 1150 1772 1189 ab
1799 1150 1926 1203 irfiris

521 1218 650 1270 testem,
682 1232 787 1271 quam
791 1218 835 1268 st
850 1218 962 1256 vivus
981 1217 1018 1255 in
1036 1216 1213 1269 judicium
1225 1217 1516 1270 produceretur:
1547 1226 1638 1262 tum,
1668 1216 1845 1256 avaritiae
1856 1218 1924 1270 sb-

521 1286 607 1329 lum,
623 1286 666 1336 si
682 1284 855 1328 viveret3
887 1298 995 1328 nunc,
1022 1298 1100 1322 cum
1120 1284 1175 1322 ita
1195 1283 1271 1337 effbt
1291 1293 1450 1328 necatus,
1458 1284 1619 1337 sceleris,
1641 1283 1815 1327 audaciae,
1837 1297 1926 1321 cru-

521 1351 692 1396 delitatis,
716 1350 938 1403 testemfore.
960 1351 1050 1401 Jam
1072 1350 1136 1388 illa
1155 1350 1348 1403 praeclara:
1371 1352 1456 1389 ZVon
1472 1349 1607 1402 testium
1626 1349 1721 1388 modo
1739 1359 1926 1394 catervas,

522 1433 600 1457 cum
620 1427 687 1456 tua
706 1431 764 1455 res
781 1425 968 1469 ageretur,
986 1416 1058 1470 st’d
1072 1431 1096 1454 a
1115 1417 1204 1455 Diis
1223 1417 1386 1456 manibus
1411 1417 1647 1455 innocentium
1659 1425 1800 1470 peenas,
1808 1417 1924 1470 scele-

521 1483 907 1537 rasorumquefhrzlzs,
927 1483 964 1521 in
985 1492 1087 1522 tuum
1094 1482 1272 1535 judicium
1291 1482 1349 1536 ff
1367 1492 1566 1522 venturas.-
1575 1484 1650 1538 stst'
1670 1482 1741 1522 ideo
1760 1483 1927 1522 leviorem

522 1566 565 1590 ca
582 1550 920 1604 umficumstngere,
939 1549 1032 1602 quod
1035 1549 1117 1601 jam
1136 1559 1222 1588 ante
1240 1549 1349 1588 aciem
1355 1549 1540 1603 stcurium
1560 1558 1722 1594 tuarum,
1747 1548 1927 1602 Sestiique,

523 1618 581 1656 tui
597 1617 790 1668 carnffict's,
811 1617 955 1655 vultum
985 1625 1021 1654 et
1051 1630 1209 1662 manum,
1231 1614 1382 1670 vizlfffit,
1404 1630 1483 1655 cum
1515 1616 1552 1654 in
1587 1625 1765 1655 conventu
1793 1616 1928 1654 civium

523 1684 765 1724 Romanorum
779 1682 878 1736 juffit
898 1692 958 1721 tuo
975 1683 1105 1737 securi
1131 1683 1226 1726 cives
1255 1683 1413 1720 Romami
1426 1681 1655 1735 firirentur.
1688 1682 1754 1720 Ne
1785 1681 1924 1726 multa,

525 1749 679 1801 judices
695 1768 707 1794 3
739 1749 930 1794 libertate,
963 1763 1082 1802 quam
1103 1762 1170 1788 vos
1191 1749 1300 1787 sociis
1322 1748 1490 1794 dedistis,
1517 1747 1590 1788 hac
1611 1749 1678 1787 ille
1697 1748 1739 1786 in
1759 1747 1925 1786 acerbis-

524 1818 620 1855 fimo
640 1816 832 1869 supplicio
852 1817 1076 1855 miserrimae
1096 1816 1289 1855 servitutis
1310 1816 1446 1855 abusus
1466 1816 1532 1854 est.

580 1883 730 1922 XLIV.
755 1883 1003 1921 Condemnat
1023 1896 1158 1921 omnes
1179 1883 1225 1920 de
1243 1883 1390 1920 confilii
1411 1882 1623 1920 sententia:
1655 1890 1784 1919 tamen
1801 1894 1929 1933 neque

526 1949 592 1987 iste
612 1949 652 1987 in
674 1957 779 1986 tanta
802 1962 854 1993 re,
877 1957 935 1986 tot
955 1947 1180 1993 hominum,
1204 1957 1339 2000 totque
1360 1948 1522 1992 civium,
1543 1946 1665 1992 causa,
1684 1948 1729 1986 Ρ.
1748 1947 1928 1986 Vettium

525 2016 571 2054 ad
594 2015 627 2053 se
647 2014 806 2059 arcessit,
826 2015 1066 2067 Qaestorem
1080 2015 1207 2060 suum,
1222 2016 1282 2068 cuj
1291 2028 1333 2053 us
1348 2015 1507 2053 consilio
1523 2023 1716 2059 uteretur3
1739 2027 1864 2067 neque
1881 2015 1927 2052 P.

527 2082 726 2126 Cervium,
750 2081 868 2118 talem
890 2082 1032 2126 virum,
1054 2081 1240 2134 legatum,
1273 2081 1357 2133 qui,
1394 2082 1485 2134 quia
1504 2081 1651 2134 legatus
1673 2080 1744 2118 isto
1765 2081 1933 2119 Praetore

527 2149 567 2186 in
589 2147 718 2186 Sicilia
738 2145 828 2192 fuit,
865 2148 1013 2200 primus
1033 2148 1080 2186 ab
1101 2148 1171 2186 isto
1199 2149 1321 2200 judex
1350 2149 1511 2200 rejectus
1534 2148 1614 2193 est5
1647 2147 1709 2185 sed
1728 2147 1774 2185 de
1808 2147 1928 2185 latro-

525 2228 639 2259 num,
661 2212 736 2252 hoc
754 2213 820 2258 est,
839 2213 884 2251 de
901 2214 1093 2252 comitum
1112 2213 1281 2259 suorum,
1304 2214 1488 2252 sententia
1502 2213 1738 2252 condemnat
1753 2226 1902 2251 omnes.

582 2281 664 2320 Hic
693 2281 823 2319 cuncti
856 2281 989 2325 Siculi,
1022 2279 1228 2319 fideliffimi
1260 2291 1375 2333 atque
1405 2280 1659 2334 antiquissimi
1685 2279 1804 2324 socii,
1837 2279 1930 2332 plu-

527 2349 636 2386 rimis
658 2346 783 2385 affecti
804 2347 1002 2385 beneficiis
1024 2360 1044 2385 a
1063 2348 1274 2399 majoribus
1303 2347 1451 2392 nostris,
1479 2347 1643 2399 graviter
1671 2359 1928 2384 commoven-

527 2424 612 2459 tur,
651 2424 689 2452 et
723 2415 769 2452 de
799 2413 873 2453 suis
903 2414 1100 2467 periculis,
1132 2413 1374 2466 fortunisque
1403 2414 1603 2458 omnibus,
1636 2413 1927 2465 pertimescunt.

528 2481 641 2520 Illam
662 2481 911 2519 clementiam
942 2479 1356 2532 mansuetudinemque
1376 2480 1493 2518 nostri
1523 2480 1678 2533 imperii
1701 2479 1743 2517 in
1778 2488 1933 2517 tantam?

526 2546 794 2585 crudelitatem
839 2546 1245 2600 inhumanitatemque
1274 2546 1343 2586 effe
1385 2546 1603 2586 conversam
1628 2545 1634 2583 !
1676 2545 1927 2585 condemnari
