2201 2792
597 218 943 258 ACTIONIS
985 220 1038 258 11.
1098 221 1394 261 LIBERII.
1621 240 1700 281 227

295 316 500 369 ablegarat,
526 314 747 354 absolutum
767 317 815 355 iri
836 318 1040 370 Sopatrum
1060 318 1226 357 videbat.
1259 320 1324 357 Sin
1345 328 1475 358 autem
1496 320 1699 363 hominem

294 383 493 428 miserum,
510 391 624 436 atque
643 383 893 422 innocentem
913 385 1211 430 condemnasset,
1242 399 1335 424 cum
1363 387 1441 439 ipse
1462 389 1604 426 Praetor
1623 391 1700 427 fine

292 448 466 494 confilio,
488 463 574 488 reus
594 458 725 488 autem
740 449 816 488 fine
836 460 1011 503 patrono,
1039 461 1153 504 atque
1173 452 1364 490 advocatis
1384 452 1525 498 fuisset,
1548 455 1698 505 judici-

295 527 442 567 umque
464 516 512 554 C.
535 516 745 554 Sacerdotis
767 517 969 556 rescidisset
985 536 997 563 3
1030 518 1216 556 invidiam
1247 519 1282 556 se
1303 518 1482 557 sustinere
1502 534 1580 558 non
1597 521 1700 574 posse

293 588 441 619 tantam
475 582 740 622 arbitrabatur.
783 584 918 636 Itaque
951 584 1129 622 aestuabat
1161 584 1401 623 dubitatione
1419 600 1428 624 :
1462 586 1630 625 versabat
1664 587 1700 625 se

292 647 336 686 in
366 657 572 702 utramque
591 659 739 703 partem
770 664 849 689 non
869 650 994 689 solum
1026 661 1171 697 mente,
1201 665 1336 690 verum
1363 653 1480 691 etiam
1511 667 1668 706 corpore
1684 673 1696 699 5

294 724 338 753 ut
357 729 505 761 omnes,
527 716 596 768 qui
616 716 781 763 aderant,
802 717 1018 770 intelligere
1038 718 1200 771 poffent,
1217 719 1258 756 in
1278 719 1410 757 animo
1429 720 1509 772 ejus
1531 730 1698 765 metum,

291 781 623 834 cupiditatemque
655 796 839 835 pugnare.
878 785 972 822 Erat
1001 783 1210 823 hominum
1241 795 1453 823 conventus
1488 787 1698 831 maximus,

292 847 494 887 summum
514 850 725 895 silentium,
755 850 907 889 summa
926 853 1154 904 expectatio,
1181 866 1352 904 quonam
1373 852 1461 891 effet
1482 853 1562 904 ejus
1583 854 1698 906 cupi-

290 914 388 957 ditas
408 924 601 968 eruptura.
648 916 795 955 Crebro
815 916 1036 956 dimittebat
1055 918 1091 956 se
1111 918 1289 957 accensus
1310 918 1356 956 ad
1375 932 1506 957 aurem
1536 921 1574 958 T
1578 920 1698 958 imar-

290 977 439 1021 chides.

347 1047 459 1084 Tum
492 1047 560 1084 iste
593 1047 811 1100 aliquando,
843 1050 948 1101 Age,
981 1049 1058 1094 dic,
1095 1050 1237 1102 inquit.
1286 1052 1464 1104 Sopatrus
1493 1051 1699 1105 implorare

290 1110 502 1150 hominum
522 1121 637 1164 atque
652 1113 784 1151 Deum
800 1113 933 1158 fidem,
955 1123 998 1152 ut
1017 1128 1111 1153 cum
1127 1115 1284 1153 confilio
1304 1116 1563 1169 cognosceret.
1587 1118 1698 1155 Tum

290 1187 446 1230 repente
466 1178 533 1215 iste
555 1178 662 1216 testes
683 1179 792 1216 citari
806 1180 934 1231 jubet.
959 1181 1070 1218 Dicit
1091 1194 1189 1219 unus
1209 1191 1247 1219 et
1266 1182 1359 1219 alter
1380 1183 1556 1221 breviter.
1580 1181 1698 1221 Nihil

288 1243 560 1296 interrogatur.
605 1245 734 1282 Praeco
753 1245 831 1283 dixi
852 1245 869 1283 ἑ
889 1247 1127 1298 pronuntiat.
1171 1247 1257 1293 Iste,
1287 1249 1390 1300 quasi
1412 1258 1615 1294 metueret,
1650 1262 1698 1286 ne

290 1311 468 1356 Petilius,
498 1312 647 1364 privato
667 1312 736 1349 illo
750 1312 901 1364 judicio
922 1313 1119 1358 transacto,
1142 1322 1206 1351 aut
1227 1314 1358 1360 dilato,
1380 1327 1471 1353 cum
1492 1315 1635 1353 caeteris
1658 1315 1698 1353 in

261 1416 264 1418 ,
289 1377 495 1415 confilium
514 1386 778 1423 reverteretur,
810 1378 863 1416 ita
882 1393 1086 1432 properans
1108 1379 1154 1417 de
1174 1379 1264 1417 sella
1283 1380 1434 1419 exfiluit
1453 1396 1462 1419 :
1493 1380 1698 1419 hominem

289 1443 553 1487 innocentem,
585 1456 606 1480 a
626 1443 673 1481 C.
698 1444 896 1482 Sacerdote
915 1444 1149 1490 absolutum,
1172 1445 1313 1483 indieta
1333 1445 1455 1491 causa,
1477 1447 1524 1484 de
1544 1446 1696 1484 senten-

289 1509 341 1547 tia
361 1509 505 1554 scribae,
529 1509 686 1554 medici,
707 1508 992 1562 haruspicisque
1012 1511 1298 1550 condemnavit.

344 1576 498 1615 XXXI.
528 1576 721 1620 Retinere,
744 1577 905 1613 retinete
925 1575 1128 1615 hominem
1147 1578 1187 1614 in
1209 1578 1376 1622 civitate,
1399 1578 1571 1629 JudiceS.
1604 1579 1696 1617 Par-

289 1641 379 1685 cite,
400 1651 438 1678 et
458 1641 689 1685 conservate,
706 1651 749 1678 ut
770 1642 813 1679 fit
834 1643 902 1693 qui
923 1643 1123 1680 nobiscum
1147 1656 1202 1680 res
1218 1644 1392 1694 judicet,
1416 1645 1484 1695 qui
1504 1645 1543 1681 in
1567 1644 1696 1682 senatu

289 1707 367 1744 fine
388 1706 464 1744 ulla
497 1705 706 1758 cupiditate
737 1706 783 1743 de
804 1706 906 1744 bello
940 1716 977 1744 et
1011 1721 1103 1760 pace
1132 1708 1359 1746 sententiam
1380 1707 1489 1746 ferat.
1522 1709 1695 1747 Tametsi

289 1774 420 1811 minus
441 1772 479 1810 id
501 1772 660 1825 quidem
681 1773 807 1817 nobis,
838 1773 967 1811 minus
988 1774 1134 1826 populo
1155 1775 1333 1812 Romano
1354 1775 1605 1813 laborandum
1626 1775 1693 1822 est,

288 1839 412 1892 qualis
428 1839 534 1877 istius
555 1839 595 1876 in
617 1838 745 1877 senatu
766 1839 952 1878 sententia
971 1839 1101 1878 futura
1125 1840 1182 1878 fit.
1215 1841 1314 1892 Qae
1334 1841 1440 1878 enim
1459 1842 1539 1893 ejus
1561 1844 1693 1880 auc‘to-

288 1906 377 1944 ritas
411 1905 510 1943 erit?
543 1904 697 1956 quando
727 1904 794 1942 iste
828 1905 1054 1943 sententiam
1089 1906 1214 1943 dicere
1234 1905 1404 1950 audebit,
1435 1916 1499 1944 aut
1520 1908 1691 1959 poterit?

287 1971 442 2022 quando
462 1979 591 2009 autem
611 1968 733 2009 homo
752 1980 856 2010 tanta
875 1971 1041 2017 luxuria,
1072 1983 1187 2024 atque
1208 1972 1360 2017 defidia,
1389 1972 1456 2010 niti
1486 1974 1694 2017 Februario

287 2037 430 2082 mense,
452 2037 657 2088 adspirabit
676 2037 717 2075 In
737 2040 884 2076 curiam
903 2039 916 2076 ?
948 2039 1094 2076 Verum
1124 2039 1248 2076 veniat
1269 2039 1376 2077 sane:
1409 2039 1586 2084 decernat
1607 2040 1692 2078 bel-

287 2103 373 2145 lurn
400 2102 671 2148 Cretensibus,
702 2103 839 2142 liberet
870 2105 1101 2156 Byzantios,
1134 2118 1265 2157 regem
1297 2105 1463 2158 appellet
1485 2107 1692 2145 Ptolemae-

287 2182 383 2214 um5
407 2182 493 2221 quae
513 2167 597 2206 vult
617 2169 861 2214 Hortensius,
879 2170 1011 2207 omnia
1029 2170 1131 2208 dicat
1151 2179 1189 2208 et
1208 2170 1355 2209 sentiat.
1386 2171 1524 2210 Minus
1544 2170 1626 2210 haec
1647 2172 1692 2209 ad

286 2248 371 2280 nos,
393 2235 522 2272 minus
543 2234 589 2272 ad
610 2234 696 2272 vitae
717 2235 850 2273 nostrae
869 2235 1088 2282 discrimen,
1111 2237 1241 2276 minus
1263 2237 1308 2274 ad
1339 2236 1582 2276 fortunarum
1603 2238 1690 2275 nos-

286 2303 431 2340 trarum
451 2300 684 2354 periculum,
705 2302 912 2354 pertinent.

341 2367 460 2413 Illud,
482 2366 580 2405 illud
600 2367 652 2404 est
671 2368 846 2421 capitale,
864 2368 962 2407 illud
981 2368 1291 2412 formidolosum,
1317 2368 1413 2406 illud
1434 2368 1586 2419 optimo
1604 2368 1690 2405 cui-

287 2446 362 2484 que
383 2433 652 2479 metuendum,
667 2435 772 2486 quod
789 2435 867 2481 iste,
885 2449 931 2474 ex
948 2435 1023 2474 hoc
1038 2437 1189 2487 judicio
1207 2435 1231 2472 fi
1250 2435 1374 2485 aliqua
1392 2434 1427 2471 vi
1444 2434 1478 2471 se
1494 2435 1690 2486 cripuerit,

288 2499 328 2536 in
355 2500 555 2551 judicibus
589 2501 634 2538 fit
667 2502 809 2540 neceffe
829 2503 908 2541 est:
942 2503 1168 2540 sententiam
1195 2501 1240 2538 dc
1260 2500 1384 2552 capite
1405 2500 1498 2538 civis
1520 2502 1692 2539 Romani

288 2564 382 2604 ferat
400 2580 408 2604 ε
441 2566 486 2606 fit
517 2567 558 2606 in
592 2568 672 2620 ejus
704 2570 874 2609 exercitu
904 2568 1073 2622 signifer,
1109 2568 1177 2621 qui
1212 2567 1424 2619 imperium
1451 2568 1691 2621 judiciorum

1269 2633 1386 2673 Ff2
