2201 2792
574 186 919 226 ACTIONIS
956 187 1009 226 11.
1069 187 1279 226 LIBER
1316 190 1369 227 11.
1600 202 1673 243 243

275 285 512 339 exaequasset,
553 285 809 338 omniumque
843 299 971 324 rerum
1002 285 1195 323 delectum
1224 293 1339 337 atque
1368 284 1574 323 discrimen
1609 299 1677 338 pe-

275 352 391 390 cunia
409 351 621 395 sustulisset,
653 365 730 389 non
751 351 869 390 modo
889 352 968 397 illa,
990 365 1076 404 quae
1095 360 1201 389 erant
1221 351 1354 396 aetatis‚
1376 351 1534 395 ordinis,
1557 352 1679 402 quaes-

276 417 426 469 tusque‚
447 416 686 470 permiscuit,
718 417 779 454 sed
799 418 914 454 etiam
946 418 986 455 in
1021 415 1082 455 his
1115 417 1264 455 duobus
1292 417 1496 469 generibus
1530 416 1679 454 civium

274 495 466 521 novorum
482 491 746 535 veterumque,
760 482 952 521 delectum
967 483 1221 534 ordinemque
1238 483 1420 520 turbavit.
1443 482 1564 526 Nam,
1587 496 1679 519 cum

275 548 364 587 effet
393 562 440 588 ex
460 557 633 587 veterum
654 563 814 588 numero
835 550 995 602 quidam
1015 549 1163 587 senator
1189 549 1431 594 demortuus,
1462 558 1500 586 et
1519 562 1611 586 cum
1633 561 1680 585 ex

275 623 440 668 utroque
459 628 595 668 genere
616 629 681 668 par
700 629 884 654 numerus
906 616 1075 668 reliquus
1097 614 1200 660 effet,
1231 624 1397 653 veterem
1418 614 1589 667 cooptari
1610 627 1680 652 ne-

275 681 371 719 cesse
390 691 468 720 erat
487 682 653 734 legibuS,
684 690 728 720 ut
759 683 790 720 is
823 683 988 735 amplior
1014 695 1197 720 numerus
1227 681 1330 720 esset.
1378 682 1476 732 Qae
1507 695 1599 719 cum
1629 681 1683 718 ita

276 746 312 785 se
342 761 398 786 res
429 746 600 792 haberet,
633 757 762 787 tamen
792 749 838 786 ad
858 749 975 787 istum
996 756 1182 787 venerunt
1213 758 1393 801 emptum
1413 748 1546 786 locum
1568 747 1683 785 illum

275 812 507 852 senatorium
528 828 606 852 non
627 814 752 852 solum
773 824 929 861 veteres,
951 815 1013 853 sed
1032 815 1150 853 etiam
1172 815 1261 852 novi
1279 829 1288 852 ε
1321 814 1379 859 fit,
1403 823 1445 852 ut
1466 814 1588 866 pretio
1609 826 1682 851 no-

276 892 344 917 vus
365 880 506 925 vincat,
537 880 739 933 literasque
772 894 793 918 a
824 882 988 919 Praetore
1021 879 1180 918 auferat.
1213 880 1462 933 Agrigentini
1492 879 1538 917 ad
1568 879 1685 917 istum

276 944 421 997 legatos
441 946 619 991 mittunt,
651 947 720 998 qui
748 960 838 985 eum
859 947 961 999 leges
983 947 1159 991 doceant,
1181 945 1576 997 consuetudinemque
1594 958 1684 982 om-

278 1013 389 1050 nium
409 1026 598 1050 annorum
618 1013 904 1058 demonstrent,
938 1022 981 1051 ut
1001 1014 1068 1051 iste
1088 1013 1336 1065 intelligeret,
1372 1013 1406 1050 ei
1431 1012 1466 1050 se
1486 1012 1600 1049 illum
1622 1011 1684 1049 lo-

279 1092 371 1117 cum
406 1079 612 1117 vendidisse
628 1109 639 1123 ‚
671 1080 734 1118 cui
769 1094 817 1117 ne
850 1080 1134 1117 commercium
1173 1080 1332 1131 quidem
1366 1078 1437 1116 effe
1476 1086 1683 1130 oporteret.

279 1146 462 1197 Qorum
482 1145 652 1184 oratione
672 1145 751 1190 iste,
773 1160 864 1184 cum
885 1147 1054 1199 pretium
1070 1147 1152 1198 jam
1173 1145 1384 1199 accepisset,
1420 1159 1467 1184 ne
1488 1145 1686 1184 tantulum

278 1212 438 1264 quidem
458 1220 678 1250 commotus
699 1212 764 1250 est.

335 1278 444 1316 Idem
475 1276 570 1315 fecit
601 1279 825 1317 Heracleae:
857 1292 947 1316 nam
978 1278 1022 1316 eo
1055 1291 1210 1330 quoque
1241 1278 1398 1316 colonos
1432 1279 1476 1316 P.
1499 1276 1685 1330 Rupilius

275 1343 466 1389 deduxit;
500 1343 675 1397 legesque
695 1344 836 1383 fimiles
871 1344 917 1382 de
947 1344 1164 1397 cooptando
1195 1343 1338 1389 senatu,
1375 1357 1416 1381 ac
1448 1343 1494 1381 de
1524 1355 1688 1380 numero

258 1421 262 1424 ⁴
280 1420 454 1448 veterum
474 1423 516 1448 ac
537 1424 725 1449 novorum
746 1411 864 1449 dedit.
902 1411 963 1449 lbi
984 1424 1062 1448 non
1082 1410 1207 1449 solum
1228 1410 1308 1455 iste,
1331 1419 1374 1448 ut
1394 1409 1496 1463 apud
1516 1418 1686 1454 caeteros,

279 1477 484 1529 pecuniam
506 1477 666 1530 accepit,
688 1477 749 1515 sed
769 1478 884 1516 etiam
905 1490 1042 1530 genera
1061 1485 1236 1515 veterum
1258 1490 1300 1515 ac
1320 1489 1524 1522 novorum,
1547 1488 1688 1514 nume·

279 1556 446 1596 rumque
466 1543 704 1597 permiscuit.

336 1611 406 1648 LI.
439 1610 576 1648 Nolite
596 1610 823 1662 exspectare,
855 1610 949 1648 dum
970 1623 1104 1648 omnes
1125 1610 1261 1647 obeam
1293 1609 1463 1647 oratione
1483 1622 1568 1646 mea
1588 1607 1687 1646 civi-

281 1684 390 1713 tates.
437 1676 529 1713 Hoc
564 1689 641 1713 uno
686 1676 923 1727 complector
969 1676 1132 1713 crimine
1169 1675 1300 1712 onmia
1316 1703 1327 1719 ,
1370 1675 1570 1713 neminem
1617 1673 1687 1711 isto

283 1742 446 1780 Praetore
477 1741 686 1779 senatorem
718 1741 798 1779 fieri
820 1741 993 1794 potuiffe,
1019 1741 1088 1779 nisi
1120 1741 1187 1793 qui
1208 1741 1267 1778 isti
1288 1741 1494 1793 pecuniam
1515 1739 1686 1778 dediffet.

283 1808 374 1846 Hoc
402 1808 506 1846 idem
534 1806 718 1846 transfero
748 1808 787 1845 in
808 1807 1063 1860 magistratus,
1085 1807 1312 1851 curationes,
1336 1806 1562 1844 sacerdotia:
1595 1805 1687 1857 qui-

283 1874 354 1912 bus
384 1875 424 1912 in
459 1875 570 1912 rebus
606 1888 683 1912 non
716 1874 840 1912 solum
874 1873 1082 1912 hominum
1110 1874 1198 1925 jura
1218 1902 1229 1918 ‚
1272 1872 1333 1910 sed
1362 1873 1478 1910 etiam
1510 1873 1689 1910 Deorum

284 1940 484 1994 religiones
506 1940 790 1979 immortalium
817 1954 951 1979 omnes
984 1940 1210 1992 repudiavit.
1244 1939 1430 1991 Syracusis
1462 1938 1524 1977 lex
1557 1938 1610 1976 est
1641 1937 1689 1976 de

283 2007 482 2059 religione,
515 2021 599 2059 quae
630 2007 671 2045 in
697 2020 814 2045 annos
846 2006 1012 2059 singulos
1034 2006 1140 2057 Jovis
1173 2005 1406 2044 sacerdotem
1440 2004 1572 2043 sortito
1602 2003 1690 2057 capi

278 2073 439 2126 jubebat
461 2088 470 2110 :
503 2074 607 2125 quod
651 2074 752 2126 apud
787 2074 874 2112 illos
909 2073 1188 2126 ampliffimum
1227 2072 1480 2110 sacerdotium
1516 2080 1687 2124 putatur.

286 2140 391 2177 Cum
412 2138 598 2191 suffragiis
619 2148 692 2176 tres
713 2152 760 2176 ex
782 2139 903 2177 tribus
924 2139 1127 2191 generibus
1149 2139 1263 2176 creati
1284 2138 1384 2183 sunt,
1416 2151 1470 2176 res
1493 2146 1689 2176 revocatur

282 2205 329 2243 ad
349 2205 502 2243 sortem.
535 2203 746 2242 Perfecerat
766 2205 832 2242 iste
851 2205 1028 2258 imperio,
1051 2214 1093 2243 ut
1115 2218 1183 2257 pro
1204 2204 1381 2257 suffragio
1401 2203 1687 2242 Theomnastus

284 2271 482 2310 familiaris
504 2271 591 2308 suus
611 2272 651 2308 in
673 2272 794 2309 tribus
816 2271 892 2309 illis
915 2272 1208 2309 renuntiaretur.
1255 2272 1300 2309 In
1321 2271 1431 2315 sorte,
1465 2270 1528 2307 cui
1559 2270 1687 2319 impe-

285 2352 363 2376 rare
385 2351 460 2375 non
492 2347 652 2390 poterat,
685 2337 951 2390 exspectabant
971 2337 1163 2383 homines,
1196 2337 1381 2389 quidnam
1413 2337 1561 2373 aeturus
1582 2333 1686 2372 esset.

287 2404 437 2448 Homo,
472 2404 510 2441 id
531 2404 635 2456 quod
655 2413 732 2442 erat
752 2403 1001 2449 facillimum,
1032 2405 1160 2456 primo
1187 2411 1286 2441 vetat
1307 2401 1429 2439 sortiri
1449 2415 1456 2437 :
1484 2399 1597 2451 jubet
1616 2412 1686 2436 ex-

287 2477 343 2505 tra
374 2468 512 2506 sortem
532 2468 841 2508 Theomnastum
873 2470 1102 2508 renunciari.
1136 2468 1291 2518 Negant
1312 2466 1350 2502 id
1373 2464 1590 2516 Syracusani
1624 2478 1688 2515 per*

288 2534 488 2586 religiones
520 2535 710 2575 sacrorum
743 2537 824 2575 ullo
858 2536 976 2575 modo
1009 2535 1090 2574 fieri
1111 2533 1237 2587 poffe;
1269 2531 1324 2569 fas
1346 2531 1513 2583 denique
1550 2546 1688 2583 negant

1250 2596 1383 2636 th
