2201 2792
639 164 983 204 ACTIONIS
1026 167 1078 205 ΙΙ.
1138 168 1447 210 LIBERIV.
1660 179 1734 230 363

393 261 487 300 XII.
511 262 659 300 Verum
679 262 761 301 haec
781 264 910 303 emiffe
931 274 967 303 te
987 265 1096 304 dicis.
1120 267 1257 319 Qid?
1286 268 1351 306 illa
1371 270 1552 315 Attalica,
1576 280 1655 309 tota
1675 262 1735 309 Si-

337 326 426 363 cilia
445 328 654 373 nominata,
686 329 733 367 ab
753 330 888 368 eodem
909 331 1014 369 Helo
1044 332 1335 385 peripetasmata
1354 348 1481 373 emere
1501 337 1645 375 oblitus
1667 351 1704 375 es
1721 338 1734 373 ?

337 392 470 431 Licuit
490 395 626 433 eodem
647 396 779 441 modo,
813 406 856 435 ut
876 397 990 450 figna.
1024 399 1132 450 Qid
1152 400 1257 438 enirn
1278 403 1407 440 aetum
1438 402 1518 440 est?
1550 417 1596 441 an
1617 404 1735 441 literis

335 459 567 510 pepercisti?
598 462 747 500 Verum
780 461 985 502 hominem
1005 474 1201 503 amentem
1235 465 1311 505 hoc
1341 466 1472 520 fugit:
1505 469 1634 507 minus
1656 469 1734 507 cla-

336 537 424 562 rum
443 527 593 578 putavit
614 526 708 573 fore,
741 530 845 580 quod
865 529 911 567 de
931 531 1107 575 armario,
1129 545 1248 583 quam
1275 533 1380 585 quod
1400 534 1447 571 de
1467 534 1623 573 sacrario
1648 535 1736 574 effet

335 590 521 630 ablatum.
560 594 615 631 At
648 594 847 645 quomodo
880 595 1066 634 abstulit?
1112 610 1190 634 non
1221 598 1374 650 possum
1408 600 1534 638 dicere
1567 601 1734 653 planius,

335 669 452 708 quarn
469 658 546 710 ipse
561 659 661 711 apud
674 673 740 698 vos
761 660 860 699 dixit
873 661 1014 700 Heius.
1038 662 1142 700 Cum
1164 663 1387 715 quaefiffem‚
1404 679 1502 704 num
1520 667 1615 719 quid
1631 667 1736 705 aliud

334 721 382 760 de
402 722 513 761 bonis
532 724 613 776 ejus
643 725 867 778 pervenisset
886 727 932 765 ad
953 728 1128 774 Verrem,
1160 729 1356 783 respondit
1380 731 1497 770 istum
1523 733 1570 771 ad
1601 733 1635 771 se
1655 734 1732 771 mi-

333 786 436 833 fiffe‚
473 798 518 827 ut
547 790 616 828 fibi
648 792 820 830 mitteret
849 793 1113 846 Agrigentum
1146 795 1449 848 peripetasmata.
1493 799 1661 850 Qaeslvi
1686 813 1734 838 an

332 854 486 894 mififfet
504 870 513 894 :
546 856 738 910 respondit
757 858 810 903 id,
830 859 936 911 quod
955 860 1098 898 neceffe
1115 870 1207 907 erat,
1225 861 1369 901 scilicet
1389 863 1492 902 di&o
1512 865 1733 904 audientem

332 919 442 959 fuiffe
455 922 609 961 Praetori
623 941 634 968 ς
657 924 807 963 mififfe.
830 925 995 977 Rogavi,
1012 927 1312 979 pervenissentne
1326 930 1586 983 Agrigentum
1603 946 1611 970 :
1635 932 1733 970 dixit

331 987 550 1039 pervenifl'e.
601 990 782 1041 Qaefivi,
812 1003 858 1028 an
879 991 1041 1030 domum
1062 993 1320 1033 revertissent:
1352 997 1506 1048 negavit
1524 996 1650 1036 adhuc
1672 1012 1731 1036 re-

331 1053 491 1092 vertiffe.
525 1054 639 1093 Risus
661 1056 810 1108 populi,
832 1066 947 1109 atque
966 1058 1272 1098 admurmuratio
1290 1062 1472 1100 omnium
1490 1062 1587 1101 faeta
1605 1064 1671 1102 est.

387 1119 468 1158 Hic
488 1119 561 1158 tibi
581 1121 621 1158 in
639 1131 812 1160 mentem
832 1136 910 1161 non
929 1124 1034 1161 venit
1048 1124 1199 1176 jubere,
1216 1135 1260 1164 ut
1280 1124 1363 1164 haec
1384 1141 1539 1180 quoque
1560 1128 1729 1175 referret,

332 1185 423 1222 H-S
446 1199 490 1223 v1
512 1186 688 1225 millibus
712 1200 755 1227 10
778 1187 814 1226 se
841 1189 913 1226 tibi
934 1190 1170 1228 vendidiffe?
1203 1192 1386 1238 metuisti,
1419 1207 1466 1231 ne
1492 1208 1539 1233 aes
1559 1195 1732 1235 alienum

329 1250 402 1288 tibi
430 1251 623 1298 cresceret,
653 1252 680 1290 fi
701 1253 792 1291 H-S
815 1267 858 1292 vr
882 1254 1058 1293 millibus
1086 1269 1128 1296 10
1152 1256 1225 1294 tibi
1255 1258 1469 1297 constarent
1494 1273 1550 1305 ea,
1581 1275 1666 1313 quae
1687 1271 1730 1300 tu

328 1314 442 1354 facile
461 1317 581 1370 poffes
600 1319 760 1357 vendere
780 1321 873 1358 H-S
897 1333 949 1358 cc
971 1321 1148 1360 millibus
1168 1323 1181 1359 ?
1213 1323 1307 1361 Fuit
1327 1325 1438 1369 tanti,
1473 1325 1574 1364 mihi
1603 1328 1725 1368 crede.

327 1382 501 1422 Haberes
522 1385 628 1437 quod
658 1384 875 1424 defenderes
895 1401 905 1424 τ
936 1400 1052 1426 nemo
1083 1399 1279 1440 quaereret,
1302 1391 1436 1442 quanti
1462 1391 1526 1430 illa
1545 1406 1603 1431 res
1623 1394 1726 1433 esset.

329 1449 368 1486 Si
388 1449 506 1488 modo
526 1459 563 1488 te
582 1450 702 1504 poffes
723 1452 858 1489 docere
878 1452 1008 1490 emisse
1023 1471 1034 1498 3
1067 1452 1179 1492 facile
1199 1455 1263 1492 cui
1288 1456 1418 1501 velles,
1451 1466 1557 1495 tuam
1578 1459 1726 1498 causam

327 1524 366 1552 et
383 1513 530 1554 factum
551 1516 743 1569 probares.
776 1517 896 1556 Nunc
931 1518 977 1556 de
996 1519 1295 1572 peripetasmatis
1327 1523 1660 1574 quemadmodum
1692 1535 1727 1564 te

327 1581 520 1634 expedias,
543 1595 620 1620 non
641 1581 772 1621 habes.

383 1648 524 1699 Qid?
555 1662 576 1686 a
608 1648 813 1688 Philarcho
845 1652 1115 1705 Centuripino,
1147 1652 1307 1692 homine
1337 1655 1543 1708 locuplete,
1575 1671 1617 1696 ac
1652 1671 1724 1696 no-

326 1713 412 1757 bili,
444 1712 614 1766 phaleras
635 1715 896 1766 pulcherrime
930 1716 1059 1762 factas,
1095 1732 1180 1770 quae
1207 1720 1304 1772 regis
1326 1722 1511 1760 Hieronis
1533 1722 1641 1761 fuiffe
1661 1724 1723 1761 di-

326 1788 480 1824 cuntur,
514 1789 645 1818 utrum
677 1782 830 1820 tandem
852 1783 1048 1828 abstulisti,
1085 1798 1130 1823 an
1163 1785 1316 1822 emisti?
1349 1787 1394 1824 In
1416 1787 1544 1825 Sicilia
1564 1789 1725 1841 quidem

325 1857 417 1882 cum
439 1844 566 1890 essem,
589 1846 638 1884 fic
659 1860 677 1883 a
700 1849 977 1900 Centuripinis,
1001 1849 1048 1886 fic
1065 1864 1084 1887 a
1103 1851 1247 1888 caeteris
1269 1851 1465 1890 audiebam
1485 1871 1495 1897 ς
1520 1868 1596 1891 non
1618 1855 1723 1893 enim

325 1923 459 1962 parurn
481 1924 537 1949 res
557 1923 634 1949 erat
665 1912 762 1950 clara
781 1930 788 1951 :
823 1924 900 1951 tam
923 1924 960 1951 te
980 1914 1046 1952 has
1068 1914 1238 1968 phaleras
1269 1930 1288 1954 a
1310 1916 1516 1956 Philarcho
1539 1921 1722 1958 Centuri-

324 1975 418 2027 pino
437 1976 625 2014 abstulisse
659 1978 851 2024 dicebant,
888 1993 1004 2031 quam
1025 1980 1114 2019 alias
1149 1982 1242 2020 item
1264 1983 1412 2021 nobiles
1434 1985 1479 2021 ab
1501 1985 1628 2024 Aristo
1649 1987 1723 2025 Pa-

325 2042 572 2086 normitan03
604 2056 721 2094 quam
758 2047 883 2082 tertias
919 2059 939 2082 a
975 2047 1161 2099 Cratippo
1189 2048 1466 2098 Tyndaritano.
1500 2051 1660 2090 Etenim
1696 2053 1721 2090 fi

324 2105 553 2145 Philarchus
575 2109 810 2154 vendidiffet‚
843 2125 920 2148 non
951 2112 999 2156 ei,
1033 2113 1276 2165 posteaquam
1298 2128 1382 2153 reus
1402 2114 1524 2154 faesus
1551 2131 1603 2162 es,
1636 2118 1720 2155 red-

323 2173 498 2211 diturum
520 2184 555 2211 te
576 2176 814 2227 promififfes.
847 2178 965 2228 Qod
986 2180 1077 2230 quia
1097 2180 1220 2218 vidisti
1241 2180 1368 2233 plures
1395 2182 1499 2228 scire,
1531 2185 1719 2236 cogitasti,

323 2239 349 2277 fi
370 2240 404 2276 ei
427 2229 654 2284 reddidisses,
688 2250 724 2278 te
746 2244 875 2280 minus
897 2242 1137 2289 habiturum,
1168 2260 1248 2283 rem
1271 2245 1525 2286 nihilominus
1551 2250 1720 2287 testatam

322 2304 521 2344 futuram:
554 2320 632 2344 non
664 2307 872 2346 reddidisti.
906 2310 1019 2348 Dixit
1042 2310 1269 2349 Philarchus
1302 2326 1371 2364 pro
1404 2313 1634 2358 testimonio,
1669 2315 1716 2359 se,

322 2371 430 2423 quod
464 2372 582 2410 noffet
613 2383 725 2412 tuum
758 2375 873 2413 istum
906 2376 1102 2421 morbum,
1137 2388 1178 2415 ut
1199 2379 1315 2415 amici
1337 2379 1393 2415 tui
1414 2379 1619 2430 appellant,
1639 2380 1716 2418 stu-

324 2436 425 2474 diose
445 2438 585 2491 cupisse
606 2448 642 2476 te
662 2440 781 2478 celare
812 2442 857 2479 de
877 2440 1041 2494 phaleris
1062 2457 1069 2481 :
1102 2457 1193 2481 cum
1215 2443 1280 2480 abs
1307 2452 1342 2479 te
1372 2444 1583 2496 appellatus
1615 2446 1715 2489 elit-t,

1292 2507 1414 2547 Zzz
