2201 2792
419 231 494 271 130
811 218 884 258 IN
943 218 1011 269 Q
1055 218 1428 258 CAEc1L1uM

413 317 566 357 suarum
587 319 827 371 potiffimum
848 318 920 356 effe
938 319 1156 357 voluerunt.
1199 322 1280 365 An,
1311 319 1417 372 quod
1437 320 1482 357 ad
1503 332 1819 358 commemoranff

413 384 509 422 dum
543 384 595 422 est
631 383 841 429 honestius,
871 384 911 422 id
942 385 988 422 ad
1018 385 1263 436 probandum
1297 399 1373 423 non
1401 385 1530 424 multo
1555 386 1675 424 videri
1706 385 1820 423 debet

413 450 582 502 aequius?
606 460 688 488 utra
707 451 827 503 igitur
846 450 898 488 est
916 450 1161 504 splendidior,
1176 460 1259 489 utra
1271 451 1453 489 illustrior
1472 451 1816 490 commemoratio?

413 517 584 555 accusavi
603 531 708 562 eum,
745 517 809 554 cui
833 517 1008 569 Qaestor
1027 516 1191 562 fueram,
1222 518 1384 570 quicum
1405 531 1468 555 me
1498 518 1588 562 sors,
1609 517 1817 556 consuetu-

413 583 541 636 doque
571 584 778 636 majorum,
809 585 972 636 quicum
1006 598 1069 621 me
1102 585 1278 622 Deorum
1310 583 1597 635 hominumque
1622 584 1820 635 judicium

415 652 667 702 conjunxerat
683 670 695 696 5
729 664 789 695 an,
823 651 993 689 accusavi
1014 660 1148 703 rogatu
1181 650 1386 695 sociorum,
1422 660 1537 703 atque
1569 649 1819 688 amicorum?

413 717 580 754 delec‘tus
601 717 684 755 sum
705 717 751 754 ab
773 717 941 755 universa
961 717 1170 769 provincia,
1193 717 1262 769 qui
1279 717 1360 768 ejus
1375 718 1463 769 jura
1482 715 1730 768 fortunasque
1749 715 1818 753 de·-

412 781 610 821 fenderem
630 782 642 819 ?
675 782 863 821 Dubitare
882 782 1085 835 quisquam
1106 783 1243 835 potest,
1271 783 1367 835 quin
1387 781 1582 821 honestius
1602 781 1661 826 fit,
1682 794 1819 819 eorum

412 848 534 894 causa,
557 849 657 902 apud
678 863 774 902 quos
798 848 972 901 Qaestor
991 847 1123 894 fueris,
1145 862 1264 901 quam
1279 863 1387 894 eum,
1407 849 1516 901 cujus
1535 847 1710 900 Qaestor
1730 845 1818 885 fue-

412 915 478 960 ris,
497 915 669 954 accusare
687 916 699 952 ?

468 981 677 1020 Clarissimi
697 981 770 1019 viri
799 982 932 1020 nostrae
962 981 1143 1027 civitatis,
1174 982 1416 1035 temporibus
1437 980 1611 1033 optimis,
1641 977 1718 1016 hoc
1749 976 1822 1016 fibi

411 1047 691 1099 ampliffimum
710 1046 1100 1099 pulcherrimumque
1121 1047 1326 1092 ducebant,
1358 1047 1404 1084 ab
1423 1045 1640 1098 hospitibus
1661 1042 1818 1082 clienti-

412 1112 560 1164 busque
593 1113 686 1158 suis‚
714 1112 761 1150 ab
794 1114 933 1151 exteris
966 1114 1203 1159 nationibus,
1242 1128 1327 1165 quae
1362 1114 1403 1150 in
1437 1112 1650 1150 amicitiam
1684 1109 1821 1162 populi

412 1179 583 1216 Romani
604 1179 872 1229 ditionemque
892 1178 1021 1222 effent,
1052 1179 1208 1230 injurias
1239 1178 1471 1230 propulsare,
1502 1189 1715 1228 eorumque
1734 1174 1816 1212 for.-

411 1254 522 1282 tunas
558 1244 773 1282 defendere.
822 1245 885 1282 M.
911 1245 1101 1281 Catonem
1132 1243 1246 1281 illum
1284 1244 1517 1296 Sapientem,
1564 1242 1818 1280 clarissimum

411 1310 552 1354 virum,
584 1319 623 1348 et
652 1310 1010 1363 prudentiffimum,
1038 1323 1131 1347 cum
1162 1309 1297 1348 multis
1324 1323 1453 1362 graves
1485 1309 1710 1347 inimicitias
1731 1307 1817 1361 ges-

411 1375 488 1414 fisse
519 1376 753 1428 accepimus,
784 1385 938 1430 propter
958 1376 1246 1428 Hispanorum„
1269 1375 1371 1428 apud
1391 1388 1488 1427 quos
1511 1374 1656 1413 Consul
1676 1373 1817 1417 fuerat,

411 1443 582 1495 injurias.
633 1444 772 1495 Nuper
799 1444 874 1481 Cn.
906 1443 1131 1481 Domitium
1162 1443 1303 1479 scimus
1323 1441 1387 1479 M.
1411 1440 1539 1479 Silano
1558 1440 1662 1477 diem
1684 1439 1818 1477 dixiffe

410 1519 567 1563 propter
588 1510 701 1548 unius
722 1508 893 1548 hominis
915 1508 1164 1560 Egritomari‚
1194 1507 1343 1561 paterni
1368 1507 1490 1546 amici
1505 1516 1619 1559 atque
1638 1505 1818 1559 hospitis,

411 1577 582 1628 injurias.

452 1643 565 1680 XXI.
590 1642 731 1695 Neque
752 1642 857 1680 enim
877 1642 1000 1695 magis
1021 1642 1169 1680 animos
1190 1639 1400 1680 hominum
1420 1638 1647 1679 nocentium
1667 1652 1724 1677 res
1742 1653 1823 1677 un-

411 1721 529 1759 quam
562 1708 640 1745 ulla
668 1708 899 1754 commovit,
941 1721 1058 1760 quam
1079 1707 1161 1746 haec
1193 1706 1385 1759 majorum
1416 1706 1666 1751 consuetudo,
1698 1706 1818 1758 longo

410 1775 611 1828 intervallo
645 1775 805 1827 repetita
837 1788 879 1812 ac
914 1775 1055 1813 relata:
1088 1774 1278 1813 sociorum
1320 1774 1573 1826 querimoniae
1608 1772 1738 1810 delatae
1772 1771 1817 1809 ad

410 1839 614 1879 hominem
635 1855 713 1879 non
729 1841 1000 1878 inertiffimum
1009 1858 1020 1885 5
1044 1840 1222 1892 susceptae
1242 1840 1289 1877 ab
1306 1853 1365 1884 eo,
1380 1839 1448 1891 qui
1465 1839 1663 1876 videbatur
1681 1850 1818 1875 eorum

411 1906 582 1945 fortunas
604 1907 692 1951 fide,
715 1906 991 1957 diligentiaque
1013 1905 1075 1942 sua
1096 1905 1195 1957 poffe
1215 1904 1428 1942 defendere.
1467 1905 1559 1942 Hoc
1580 1904 1720 1941 timent
1739 1902 1815 1942 ho-

412 1972 561 2009 mines:
593 1971 667 2009 hoc
691 1971 888 2008 laborant:
916 1970 991 2008 hoc
1013 1970 1175 2015 institui,
1196 1979 1310 2022 atque
1330 1969 1422 2007 adeo
1441 1969 1663 2007 institutum
1684 1967 1817 2007 referri

412 2051 454 2075 ac
488 2038 658 2075 renovari
693 2036 849 2074 moleste
885 2035 1027 2074 ferunt.
1079 2037 1222 2074 Putant
1247 2035 1343 2082 fore,
1376 2036 1448 2081 uti,
1480 2035 1506 2073 fi
1525 2035 1712 2088 paulatim
1733 2034 1816 2073 haec

412 2103 646 2141 consuetudo
667 2102 808 2155 serpere
842 2116 884 2140 ac
918 2103 1069 2155 prodire
1089 2102 1263 2155 coeperit,
1294 2115 1360 2154 per
1389 2101 1567 2140 homines
1600 2100 1816 2139 honestissi-

412 2184 511 2214 mos,
543 2169 715 2221 virosque
749 2168 986 2214 fortiffimos,
1016 2183 1095 2207 non>
1114 2169 1313 2221 imperitos
1335 2167 1649 2211 adolescentulos,
1680 2176 1745 2204 aut
1764 2167 1815 2204 il-

412 2236 592 2273 liusmodi
614 2235 940 2288 quadruplatores,
973 2235 1089 2286 leges,
1116 2235 1339 2286 judiciaque
1359 2233 1681 2271 administrentur.
1730 2232 1814 2268 Cu-

406 2304 470 2353 jus
491 2301 775 2340 consuetudinis
807 2310 922 2352 atque
953 2300 1115 2337 instituti
1138 2309 1274 2351 patres,
1307 2298 1540 2350 majoresque
1571 2296 1715 2334 nostros
1737 2310 1815 2335 non

412 2369 623 2420 poenitebat
655 2378 755 2413 tum,
787 2381 879 2405 cum
902 2369 944 2405 P.
969 2366 1174 2410 Lentulus,
1198 2367 1242 2410 is,
1270 2366 1338 2417 qui
1358 2365 1534 2417 princeps
1555 2362 1702 2401 senatus
1723 2362 1813 2408 fuit,

412 2434 610 2471 accusabat
632 2435 706 2472 M’.
723 2434 944 2486 Aquilium,
968 2432 1219 2484 subscriptore
1239 2432 1287 2468 C.
1313 2430 1465 2468 Rutilio
1486 2428 1618 2474 Rufo3
1642 2437 1705 2466 aut
1722 2442 1813 2467 cum

413 2501 457 2539 P.
481 2499 702 2545 Africanus,
733 2500 855 2538 homo
890 2501 1042 2544 virtute,
1074 2498 1242 2543 fortuna,
1272 2497 1406 2550 gloria,
1443 2496 1555 2534 rebus
1582 2495 1694 2548 gestis
1727 2508 1813 2532 am-

412 2567 615 2621 pliffimus,
647 2566 773 2620 postea
793 2580 910 2619 quam
931 2566 990 2605 bis
1012 2565 1172 2611 Consul,
1195 2573 1233 2604 et
1252 2563 1394 2604 Censor
1414 2563 1552 2608 suerat,
1582 2563 1630 2601 L.
1655 2563 1815 2601 Cottam
