2201 2792
468 204 523 248 70
993 190 1349 232 ORATIO

467 291 649 330 homines
671 290 712 329 in
731 289 835 329 hisce
855 289 1040 330 subselliis
1071 291 1254 336 sederent,
1284 290 1464 344 quaeliffe,
1494 304 1592 330 num
1616 292 1684 330 ille
1712 301 1777 331 aut
1807 293 1873 331 isle

466 356 692 396 defensurus
707 357 815 402 e'sset5
839 358 886 396 de
902 370 964 396 me
982 371 1030 396 ne
1046 357 1275 410 suspicatum
1289 357 1462 410 quidem,
1477 359 1581 410 quod
1598 369 1704 397 antea
1720 359 1872 398 causam

468 424 670 477 publicam
704 424 853 462 nullam
886 424 1064 463 dixerim.
1108 424 1359 476 Posteaquam
1390 424 1539 462 invenit
1573 426 1770 463 neminem
1804 438 1871 463 eo-

469 504 573 536 rum,
605 492 673 544 qui
692 490 860 544 poffunt,
889 499 928 529 et
949 490 1069 530 solent
1085 508 1095 535 3
1128 491 1180 528 ita
1200 491 1396 543 negligens
1427 490 1498 528 effe
1517 493 1652 544 coepit,
1686 501 1745 537 ut,
1779 505 1873 529 cum

470 558 511 596 in
543 567 714 596 mentem
747 558 893 596 veniret
926 559 974 601 ei,
1008 556 1208 602 resideret,
1240 556 1377 594 deinde
1410 556 1657 609 spatiaretur;
1687 570 1871 595 nonnun-

469 637 589 676 quam
609 625 727 663 etiam
747 637 911 677 puerum
930 633 1095 667 vocaret,
1118 622 1231 661 credo
1251 623 1316 660 cui
1335 636 1486 661 coenam
1504 623 1730 676 imperaret,
1763 636 1872 675 pror-

470 692 530 728 sus
551 699 594 728 ut
613 690 734 728 vestro
768 689 951 735 consessu,
985 698 1024 728 et
1056 688 1133 727 hoc
1164 698 1371 734 conventu,
1404 702 1474 741 pro
1500 688 1652 728 summa
1670 688 1875 727 solitudine

469 757 705 794 abuteretur.

526 823 660 860 XXII.
693 822 888 861 Peroravit
918 821 1124 874 aliquando
1143 837 1152 859 :
1192 821 1335 866 affedit,
1372 821 1514 860 surrexi
1545 835 1628 875 ego.
1675 820 1875 873 Respirare

468 893 571 931 visus
592 890 657 934 est,
679 889 784 941 quod
805 901 883 926 non
903 888 997 926 alius
1018 889 1145 941 potius
1166 888 1320 926 diceret.
1364 889 1480 941 Coepi
1499 889 1639 927 dicere,
1677 887 1809 939 Usque
1829 899 1875 924 eo

470 957 735 1001 animadverti,
753 955 922 1007 Judices‚
943 968 1036 993 eum
1050 956 1185 1007 jocari,
1202 964 1316 1007 atque
1335 955 1424 994 alias
1440 969 1496 994 res
1517 968 1639 1007 agere,
1654 963 1741 993 ante
1757 966 1876 1006 quam

466 1024 772 1075 Chrysogonum
793 1022 991 1059 nominavi
1007 1040 1019 1066 ς
1051 1034 1170 1071 quem
1191 1021 1304 1057 simul
1325 1030 1439 1072 atque
1458 1021 1584 1072 attigi,
1609 1020 1735 1059 statim
1754 1020 1877 1058 homo

470 1090 506 1127 se
527 1089 660 1126 erexit.
695 1087 833 1124 Mirari
851 1085 953 1123 visus
973 1084 1040 1123 est.
1085 1084 1279 1130 Intellexi,
1301 1085 1397 1137 quid
1415 1098 1508 1123 eum
1530 1084 1761 1138 pupugiffet.
1793 1086 1875 1123 Ite-

471 1169 560 1194 rum
581 1168 623 1192 ac
644 1154 757 1191 tertio
777 1152 990 1190 nominavi.
1033 1151 1165 1188 Postea
1193 1150 1373 1188 homines
1399 1151 1546 1189 cursare
1575 1152 1677 1188 ultro
1708 1159 1746 1188 et
1774 1146 1876 1189 citro

471 1233 550 1258 non
584 1218 822 1261 destiterunt,
864 1216 992 1259 credo,
1037 1215 1106 1266 qui
1134 1213 1386 1266 Chrysogono
1419 1215 1666 1260 nuntia-tent,
1698 1214 1770 1253 effe
1803 1215 1875 1253 ali-

471 1298 589 1337 quem
610 1283 650 1321 in
678 1282 845 1326 civitate,
877 1281 946 1333 qui
979 1289 1113 1318 contra
1145 1280 1386 1318 voluntatem
1418 1282 1500 1333 ejus
1533 1281 1659 1319 dicere
1689 1281 1843 1319 auderet
1861 1299 1874 1326 3

473 1351 582 1388 aliter
602 1348 752 1387 causam
772 1348 847 1400 agi,
881 1356 999 1398 atque
1018 1346 1084 1384 ille
1103 1346 1336 1384 existimaret
1348 1364 1359 1392 ;
1393 1347 1528 1399 aperiri
1548 1347 1742 1385 bonorum
1762 1360 1875 1400 emp-

473 1418 620 1455 tionem
633 1434 646 1461 3
677 1415 805 1453 vexari
824 1413 982 1467 peffime
1002 1412 1221 1450 societatem
1237 1431 1249 1457 3
1280 1413 1455 1465 gratiam,
1484 1414 1777 1465 potentiamque
1796 1414 1877 1466 ejus

474 1482 620 1535 negligi
633 1499 645 1526 ;
671 1480 821 1533 judices
844 1479 1047 1532 diligenter
1065 1478 1260 1516 attendere
1275 1497 1288 1524 3
1319 1478 1465 1532 populo
1485 1492 1567 1517 rem
1593 1479 1796 1531 indignam
1815 1479 1877 1517 vi-

473 1549 567 1587 deri.
618 1547 716 1598 Qae
749 1546 935 1599 quoniam
969 1554 1008 1584 te
1036 1543 1272 1591 fefellerunt,
1303 1546 1438 1590 Eruci,
1482 1545 1747 1597 quoniamque
1773 1545 1878 1583 vides

473 1615 576 1654 versa
602 1614 673 1652 effe
703 1613 834 1651 omnia
851 1631 862 1658 ;
893 1612 1045 1651 causam
1075 1625 1145 1665 pro
1177 1613 1263 1651 Sex.
1293 1612 1448 1656 Roscio,
1484 1612 1510 1650 fi
1546 1625 1624 1650 non
1654 1611 1877 1656 commode,

472 1690 511 1719 at
530 1680 650 1718 libere
669 1679 747 1717 dici
759 1697 771 1724 ς
804 1692 921 1730 quem
942 1678 1030 1715 dedi
1048 1677 1223 1730 putabas,
1255 1676 1408 1715 defendi
1434 1677 1620 1730 intelligis
1636 1695 1649 1723 5
1682 1690 1778 1729 quos
1800 1686 1878 1716 tra-

472 1748 620 1786 dituros
642 1745 826 1799 sperabas,
847 1744 952 1783 vides
965 1744 1162 1797 judicare:
1186 1743 1338 1782 restitue
1355 1744 1466 1782 nobis
1487 1743 1694 1797 aliquando
1709 1752 1878 1783 veterem

472 1821 582 1851 tuam·
603 1812 711 1850 illam
730 1810 982 1849 calliditatem
1002 1819 1117 1862 atque
1136 1810 1380 1863 prudentiam
1400 1825 1409 1848 ε
1445 1809 1628 1848 confitere
1657 1808 1736 1846 huc
1755 1822 1795 1846 ea
1816 1810 1879 1863 spe

473 1879 626 1924 veniffe,
648 1878 753 1931 quod
771 1886 922 1930 putares
942 1876 1008 1914 hic
1027 1877 1290 1921 latrocinium,
1312 1889 1389 1914 non
1405 1876 1615 1928 judicium,
1636 1874 1830 1914 futurum.

519 1946 584 1983 De
603 1943 809 1996 parricidio
828 1942 936 1980 causa
955 1942 1120 1980 dicitur:
1144 1942 1239 1980 ratio
1255 1943 1301 1980 ab
1322 1941 1535 1980 accusatore
1550 1941 1697 1979 reddita
1714 1954 1791 1980 non
1812 1942 1878 1989 est,

475 2025 595 2064 quam
616 2010 666 2048 ob
683 2009 832 2048 causam
852 2008 954 2047 filius
971 2018 1119 2062 patrem
1134 2009 1333 2047 occiderit.
1356 2009 1475 2060 Qod
1495 2009 1535 2047 in
1556 2008 1730 2047 minimis
1752 2009 1879 2054 noxis,

477 2087 515 2115 et
547 2078 586 2114 in
606 2076 666 2115 his
694 2076 900 2114 levioribus
931 2075 1113 2128 peccatis,
1145 2089 1229 2127 quae
1261 2075 1382 2127 magis
1413 2075 1558 2120 crebra,
1589 2083 1627 2113 et
1651 2075 1734 2126 jam
1761 2088 1882 2127 prope

477 2143 700 2196 quotidiana
728 2142 829 2187 sunt,
861 2142 1030 2180 maxime
1051 2150 1089 2179 et
1118 2142 1293 2194 primum
1320 2142 1515 2194 quaerstur,
1551 2155 1636 2194 quae
1665 2140 1775 2179 causa
1795 2154 1880 2178 ma-

478 2210 593 2248 leficii
615 2209 759 2254 fuerit,
791 2209 830 2246 id
852 2209 1017 2246 Erucius
1038 2209 1078 2246 in
1100 2209 1303 2261 parricidio
1325 2209 1442 2260 quaeri
1463 2222 1540 2246 non
1562 2216 1670 2261 putat
1690 2215 1878 2259 oportere.

480 2278 525 2315 In
557 2290 636 2329 quo
669 2275 819 2320 scelere,
851 2275 1021 2326 Judices,
1065 2276 1181 2312 etiam
1211 2288 1302 2312 cum
1342 2274 1475 2312 multae
1515 2273 1631 2311 causa:
1665 2272 1880 2310 convenisse

479 2356 603 2380 unum
624 2343 663 2379 in
684 2342 830 2386 locum,
861 2350 975 2393 atque
995 2341 1093 2378 inter
1113 2339 1149 2377 se
1169 2353 1378 2392 congruere
1408 2340 1612 2384 videntur,
1644 2346 1774 2375 tamen
1801 2351 1878 2376 non

480 2418 622 2445 temere
643 2408 823 2452 creditur,
855 2420 978 2459 neque
998 2406 1072 2444 levi
1093 2407 1308 2457 conjectura
1329 2418 1384 2443 res
1406 2406 1601 2457 penditur,
1636 2417 1757 2455 neque
1778 2403 1879 2441 testis

480 2475 647 2512 incertus
668 2474 835 2519 auditur,
868 2487 993 2526 neque
1012 2473 1236 2511 accusatoris
1273 2473 1428 2524 ingenio
1449 2486 1503 2510 res
1519 2472 1727 2524 judicatur.
1775 2471 1880 2508 Cum

482 2540 607 2579 multa
628 2549 735 2578 antea
754 2540 954 2579 commiffa
984 2539 1186 2585 maleficia,
1223 2548 1306 2578 tum
1329 2538 1404 2577 vita
1424 2537 1595 2577 hominis
1616 2536 1878 2591 perditiffima,
