2201 2792
431 214 507 240 102
952 199 1307 238 ORATIO

427 302 631 341 'hominem
659 293 804 338 scilicet
835 298 1009 352 pluribus
1031 299 1154 336 verbis
1185 297 1433 336 commendo.
1481 297 1596 335 Estne
1624 296 1828 349 quisquam

429 369 607 406 omnium
639 366 878 409 mortalium,
910 365 955 402 de
976 378 1053 416 quo
1085 364 1224 402 melius
1254 363 1444 401 existimes
1466 364 1540 401 tu?
1572 363 1688 401 Estne
1721 362 1825 415 quis*

431 448 563 486 quam,
586 433 654 485 qui
672 432 743 469 tibi
766 432 910 483 purior,
941 431 1160 483 pudentior,
1190 429 1410 473 humanior,
1433 429 1646 474 officiofior‚
1686 429 1827 466 libera-

430 501 503 538 lior
522 499 692 537 videatur
711 498 722 533 ?
746 496 882 547 Qid?
905 506 961 541 tu,
980 497 1116 540 Saturi,
1136 496 1203 547 qui
1224 504 1355 532 contra
1375 493 1480 532 hunc
1500 496 1618 539 venis,
1636 495 1828 533 existimas

430 566 565 604 aliter?
598 565 755 607 Nonne,
778 563 1080 614 quotiescunque
1100 563 1139 599 in
1160 561 1267 599 causa
1288 561 1327 597 in
1350 574 1492 598 nomen
1509 560 1624 612 hujus
1645 559 1826 603 incidisti,

430 634 542 669 toties
564 631 670 668 hunc
691 640 727 667 et
747 629 874 666 virum
895 629 1043 666 bonum
1064 627 1134 665 esse
1155 627 1295 671 dixisti,
1329 635 1366 663 et
1386 626 1542 664 honoris
1563 626 1671 663 causa
1696 625 1828 677 appel-

430 697 542 735 lasti?
575 696 678 749 quod
709 708 825 733 nemo
855 694 923 731 nis1
957 703 1021 731 aut
1052 693 1325 737 honestiffimo,
1353 701 1417 729 aut
1446 692 1674 730 amiciflimo
1707 690 1831 728 facere

431 763 641 801 consuevit.
685 762 773 812 Qa
793 761 833 798 in
855 773 892 797 re
927 758 1026 797 mihi
1047 759 1208 796 ridicule
1234 772 1272 796 es
1294 758 1392 795 visus
1414 757 1483 795 effe
1503 757 1733 802 inconstans,
1762 759 1831 810 qui

430 829 597 866 eundem
619 837 656 865 et
675 827 841 870 laederes,
859 835 897 863 et
917 825 1111 869 laudares;
1140 834 1178 862 et
1195 824 1320 861 virum
1338 825 1549 876 optimum,
1572 833 1609 861 et
1627 822 1829 862 hominem

430 893 759 946 improbissimum
780 891 850 929 effe
871 891 1028 929 diceres.
1072 891 1253 928 Eundem
1286 899 1328 927 tu
1362 898 1400 927 et
1433 889 1589 927 honoris
1623 889 1731 927 causa
1762 903 1830 941 ap-

430 960 612 1011 pellabas,
648 967 685 995 et
706 957 831 994 virum
864 957 1091 1008 primarium
1111 955 1180 992 effe
1209 954 1375 998 dicebas,
1408 964 1446 992 et
1472 954 1619 991 socium
1647 953 1830 992 fraudasse

429 1024 625 1076 arguebas,
676 1022 761 1065 Sed,
797 1030 840 1058 ut
873 1022 1034 1072 opinor,
1068 1020 1221 1057 laudem
1252 1019 1401 1055 veritati
1432 1018 1623 1056 tribuebas
1637 1047 1649 1063 ,
1683 1019 1831 1058 crimen

429 1090 557 1142 gratiae
577 1088 811 1127 concedebas
831 1101 839 1124 :
873 1087 918 1123 de
939 1085 1028 1130 hoc,
1046 1094 1089 1123 ut
1109 1084 1364 1129 existimabas,
1383 1084 1611 1137 praedicabas
1627 1103 1639 1130 5
1664 1083 1830 1122 Chaereae

430 1156 613 1193 arbitratu
633 1154 782 1192 eausam
803 1153 951 1204 agebaS.
1245 1146 1248 1150 ⁵

486 1222 578 1258 VII.
611 1218 815 1257 Fraudavit
836 1216 1011 1254 Roscius.
1045 1216 1111 1253 Est
1130 1214 1205 1254 hoc
1237 1215 1398 1267 quidem
1418 1215 1586 1259 auribus,
1618 1215 1833 1267 animisque

430 1285 651 1323 absurdum.
693 1282 801 1333 Qid
822 1282 846 1320 fi
869 1282 1024 1319 tandem
1046 1282 1215 1333 aliquem
1238 1281 1437 1325 timidum,
1472 1281 1708 1326 dementem,
1729 1280 1831 1318 divi-

432 1360 525 1395 tem,
548 1351 709 1387 inertem
728 1349 857 1385 nastus
878 1346 981 1391 esset,
1013 1347 1081 1398 qui
1099 1347 1262 1399 experiri
1283 1359 1359 1383 non
1378 1344 1495 1398 poffet
1512 1346 1524 1382 ?
1557 1355 1686 1384 tamen
1706 1347 1830 1384 incre-

432 1416 551 1453 dibile
572 1414 672 1452 effet.
692 1414 968 1456 Veruntamen,
983 1425 1099 1464 quem
1120 1410 1316 1455 fraudarit,
1337 1411 1546 1449 videamus.
1570 1413 1617 1449 C.
1638 1411 1833 1450 Fannium

433 1480 631 1519 Chaeream
653 1478 814 1516 Roscius
835 1477 1036 1515 fraudavit.
1070 1477 1165 1520 Oro,
1189 1485 1303 1527 atque
1329 1476 1484 1513 obsecro
1512 1489 1592 1520 vos,
1615 1476 1683 1528 qui
1701 1476 1832 1522 nostis,

430 1548 549 1585 vitam
571 1547 669 1583 inter
689 1545 723 1582 se
747 1543 941 1595 utriusque
962 1542 1156 1587 conferte;
1190 1543 1258 1594 qui
1280 1556 1357 1579 non
1378 1542 1507 1587 nostis,
1528 1541 1669 1579 faciem
1691 1540 1832 1581 utrius-

431 1627 507 1664 que
528 1611 770 1649 considerate.
794 1610 937 1647 Nonne
959 1608 1085 1661 ipsum
1101 1617 1230 1661 caput,
1247 1616 1283 1645 et
1297 1607 1496 1660 supercilia
1508 1607 1573 1645 illa
1593 1608 1746 1660 penitus
1763 1608 1833 1647 ab-

431 1678 519 1721 rasa,
539 1677 640 1714 oJere
655 1675 906 1719 malitiam,et
923 1674 1118 1711 clamitare
1134 1673 1384 1717 calliditatem
1401 1672 1602 1710 videntur?
1625 1673 1770 1711 Nonne
1786 1674 1834 1712 ab

429 1743 520 1781 imis
540 1740 870 1794 unguibus‘usque
890 1739 935 1777 ad
958 1739 1140 1777 verticem
1160 1739 1358 1776 summum
1380 1738 1423 1790 (fi
1440 1752 1558 1790 quarn
1571 1740 1835 1791 conjecturam

429 1808 539 1846 affert
558 1806 786 1845 hominibus
808 1805 922 1843 tacita
942 1805 1112 1857 corporis
1134 1804 1272 1856 figura)
1295 1818 1341 1842 ex
1359 1803 1504 1849 fraude,
1526 1803 1702 1848 fallaciis,
1720 1818 1833 1843 men-

432 1874 550 1912 daciis
581 1872 747 1911 constare
778 1879 880 1907 totus
912 1870 1094 1907 videtur?
1127 1871 1193 1920 qui
1224 1870 1370 1906 idcirco
1400 1870 1524 1920 capite
1554 1878 1592 1906 et
1623 1869 1834 1922 superciliis

432 1939 580 1990 semper
600 1937 652 1973 est
672 1935 771 1979 rafis,
794 1948 841 1971 ne
862 1933 987 1971 ullum
1007 1933 1134 1985 pilum
1155 1934 1226 1971 viri
1247 1933 1339 1971 boni
1359 1932 1497 1971 habere
1517 1933 1664 1972 dicatur
1682 1949 1690 1972 :
1723 1935 1832 1986 cujus

433 2003 630 2056 personam
653 2000 827 2053 praeclare
848 1999 1009 2037 Roscius
1031 1999 1071 2037 in
1088 1998 1196 2036 scena
1216 2000 1371 2036 traftare
1391 1999 1612 2045 consuevit,
1636 2013 1759 2052 neque
1776 2009 1833 2038 ta-

433 2083 521 2107 men
546 2082 613 2120 pro
644 2066 830 2104 beneficio
850 2066 883 2102 ei
914 2079 980 2118 par
999 2065 1119 2117 gratia
1139 2064 1312 2103 refertur.
1346 2066 1451 2103 Nam
1474 2066 1688 2104 Ballionem
1721 2066 1835 2104 illum

435 2133 762 2186 improbissimum
783 2141 820 2169 et
852 2131 1150 2184 perjuriffimum
1172 2130 1351 2169 lenonem
1373 2145 1464 2169 cum
1486 2132 1577 2184 agit,
1610 2132 1689 2183 agit
1717 2131 1834 2170 Chae-

434 2213 550 2237 ream.
595 2198 753 2236 Persona
775 2197 839 2234 illa
860 2197 1063 2241 lutulenta,
1095 2198 1261 2249 impura,
1294 2196 1423 2241 invisa,
1446 2197 1485 2234 in
1507 2196 1622 2248 hujus
1644 2197 1832 2241 moribus,

435 2275 579 2308 natura,
612 2264 764 2315 vitaque
785 2261 837 2298 est
857 2261 1034 2314 expreffa.
1067 2263 1149 2312 Qi
1170 2262 1425 2313 quamobrem
1457 2261 1642 2299 Roscium
1670 2261 1834 2300 similem

432 2331 488 2367 sui
512 2332 549 2367 in
571 2328 702 2367 fraude
722 2337 759 2365 et
778 2327 923 2364 malitia
943 2327 1180 2371 existimarit,
1201 2326 1297 2364 nihil
1316 2327 1488 2370 videtur;
1513 2326 1579 2363 nisi
1601 2325 1712 2371 forte,
1731 2327 1834 2378 quod

435 2396 609 2449 prccclare
631 2395 736 2432 hunc
758 2394 901 2432 imitari
922 2392 957 2430 se
977 2394 1016 2431 in
1038 2392 1192 2446 persona
1209 2393 1355 2430 lenonis
1373 2392 1653 2430 animadvertit.

502 2460 769 2510 anmobrem
804 2459 920 2496 etiam
956 2468 1069 2510 atque
1101 2459 1217 2495 etiarn
1254 2457 1468 2502 confidem,
1508 2459 1554 2495 C.
1590 2457 1674 2495 Piso
1692 2486 1702 2502 ,
1747 2458 1833 2509 quis

437 2541 555 2580 quem
577 2525 758 2564 fraudasse
778 2526 939 2563 dicatur.
964 2523 1123 2563 Roscius
1142 2524 1349 2563 Fannium.
1375 2525 1482 2577 Qid
1495 2524 1547 2563 est
1567 2523 1669 2563 hoc?
1691 2525 1833 2577 probus
