<?xml version="1.0" encoding="UTF-8"?>
<!DOCTYPE html PUBLIC "-//W3C//DTD XHTML 1.0 Transitional//EN"
    "http://www.w3.org/TR/xhtml1/DTD/xhtml1-transitional.dtd">
<html xmlns="http://www.w3.org/1999/xhtml" xml:lang="en" lang="en">
 <head>
  <title>
</title>
<meta http-equiv="Content-Type" content="text/html;charset=utf-8" />
  <meta name='ocr-system' content='tesseract 3.04.00' />
  <meta name='ocr-capabilities' content='ocr_page ocr_carea ocr_par ocr_line ocrx_word'/>
</head>
<body>
  <div class='ocr_page' id='page_1' title='image "./operacumindicibu04ciceuoft_0354.png"; bbox 0 0 2201 2792; ppageno 0'>
   <div class='ocr_carea' id='block_1_1' title="bbox 546 165 1515 219">
    <p class='ocr_par' dir='ltr' id='par_1_1' title="bbox 546 165 1515 219">
     <span class='ocr_line' id='line_1_1' title="bbox 546 165 1515 219; baseline 0.001 -15"><span class='ocrx_word' id='word_1_1' title='bbox 546 165 621 219; x_wconf 76' lang='lat'>336</span> <span class='ocrx_word' id='word_1_2' title='bbox 971 166 1059 205; x_wconf 87' lang='lat' dir='ltr'>IN</span> <span class='ocrx_word' id='word_1_3' title='bbox 1137 166 1515 205; x_wconf 80' lang='lat' dir='ltr'>VERREM</span> 
     </span>
    </p>
   </div>
   <div class='ocr_carea' id='block_1_2' title="bbox 537 264 1941 2505">
    <p class='ocr_par' dir='ltr' id='par_1_2' title="bbox 539 264 1938 451">
     <span class='ocr_line' id='line_1_2' title="bbox 539 264 1938 318; baseline 0.001 -15"><span class='ocrx_word' id='word_1_4' title='bbox 539 264 719 304; x_wconf 85' lang='lat' dir='ltr'>homines</span> <span class='ocrx_word' id='word_1_5' title='bbox 741 265 876 304; x_wconf 85' lang='lat' dir='ltr'>scribas</span> <span class='ocrx_word' id='word_1_6' title='bbox 897 264 1094 310; x_wconf 87' lang='lat' dir='ltr'>haberem,</span> <span class='ocrx_word' id='word_1_7' title='bbox 1127 267 1175 304; x_wconf 90' lang='lat' dir='ltr'>L.</span> <span class='ocrx_word' id='word_1_8' title='bbox 1205 267 1449 312; x_wconf 67' lang='lat' dir='ltr'>lWamilium,</span> <span class='ocrx_word' id='word_1_9' title='bbox 1484 276 1523 304; x_wconf 94' lang='lat' dir='ltr'>et</span> <span class='ocrx_word' id='word_1_10' title='bbox 1549 268 1598 304; x_wconf 91' lang='lat' dir='ltr'>L.</span> <span class='ocrx_word' id='word_1_11' title='bbox 1627 266 1827 318; x_wconf 86' lang='lat' dir='ltr'>Sergium;</span> <span class='ocrx_word' id='word_1_12' title='bbox 1859 279 1938 305; x_wconf 87' lang='lat' dir='ltr'>non</span> 
     </span>
     <span class='ocr_line' id='line_1_3' title="bbox 541 331 1938 384; baseline 0.001 -15"><span class='ocrx_word' id='word_1_13' title='bbox 541 332 660 370; x_wconf 91' lang='lat' dir='ltr'>modo</span> <span class='ocrx_word' id='word_1_14' title='bbox 680 331 764 370; x_wconf 87' lang='lat' dir='ltr'>istas</span> <span class='ocrx_word' id='word_1_15' title='bbox 786 332 876 369; x_wconf 89' lang='lat' dir='ltr'>duas</span> <span class='ocrx_word' id='word_1_16' title='bbox 898 332 1245 384; x_wconf 82' lang='lat' dir='ltr'>quinquagesimas,</span> <span class='ocrx_word' id='word_1_17' title='bbox 1278 332 1338 370; x_wconf 91' lang='lat' dir='ltr'>sed</span> <span class='ocrx_word' id='word_1_18' title='bbox 1370 333 1531 371; x_wconf 90' lang='lat' dir='ltr'>omnino</span> <span class='ocrx_word' id='word_1_19' title='bbox 1552 346 1760 371; x_wconf 86' lang='lat' dir='ltr'>nummum</span> <span class='ocrx_word' id='word_1_20' title='bbox 1782 331 1938 370; x_wconf 86' lang='lat' dir='ltr'>nullum</span> 
     </span>
     <span class='ocr_line' id='line_1_4' title="bbox 541 398 1058 451; baseline -0.002 -15"><span class='ocrx_word' id='word_1_21' title='bbox 541 399 724 451; x_wconf 84' lang='lat' dir='ltr'>cuiquam</span> <span class='ocrx_word' id='word_1_22' title='bbox 744 398 815 436; x_wconf 83' lang='lat' dir='ltr'>effe</span> <span class='ocrx_word' id='word_1_23' title='bbox 834 398 1058 435; x_wconf 66' lang='lat' dir='ltr'>deductum.</span> 
     </span>
    </p>

    <p class='ocr_par' dir='ltr' id='par_1_3' title="bbox 537 463 1941 1377">
     <span class='ocr_line' id='line_1_5' title="bbox 595 463 1938 516; baseline -0.001 -13"><span class='ocrx_word' id='word_1_24' title='bbox 595 465 784 503; x_wconf 92' lang='lat' dir='ltr'>LXXIX.</span> <span class='ocrx_word' id='word_1_25' title='bbox 817 464 1014 509; x_wconf 85' lang='lat' dir='ltr'>Dicerem,</span> <span class='ocrx_word' id='word_1_26' title='bbox 1041 463 1114 502; x_wconf 88' lang='lat' dir='ltr'>hoc</span> <span class='ocrx_word' id='word_1_27' title='bbox 1136 463 1235 502; x_wconf 86' lang='lat' dir='ltr'>mihi</span> <span class='ocrx_word' id='word_1_28' title='bbox 1257 473 1383 502; x_wconf 91' lang='lat' dir='ltr'>totum</span> <span class='ocrx_word' id='word_1_29' title='bbox 1404 465 1475 503; x_wconf 82' lang='lat' dir='ltr'>effe</span> <span class='ocrx_word' id='word_1_30' title='bbox 1500 465 1805 509; x_wconf 89' lang='lat' dir='ltr'>attribuendum,</span> <span class='ocrx_word' id='word_1_31' title='bbox 1822 463 1938 516; x_wconf 91' lang='lat' dir='ltr'>Judi-</span> 
     </span>
     <span class='ocr_line' id='line_1_6' title="bbox 540 530 1939 584; baseline -0.001 -14"><span class='ocrx_word' id='word_1_32' title='bbox 540 545 616 576; x_wconf 88' lang='lat' dir='ltr'>ces,</span> <span class='ocrx_word' id='word_1_33' title='bbox 653 532 678 569; x_wconf 91' lang='lat' dir='ltr'>s1</span> <span class='ocrx_word' id='word_1_34' title='bbox 710 531 768 568; x_wconf 92' lang='lat' dir='ltr'>illi</span> <span class='ocrx_word' id='word_1_35' title='bbox 800 544 971 582; x_wconf 90' lang='lat' dir='ltr'>unquam</span> <span class='ocrx_word' id='word_1_36' title='bbox 1003 544 1023 568; x_wconf 89' lang='lat' dir='ltr'>a</span> <span class='ocrx_word' id='word_1_37' title='bbox 1058 545 1120 569; x_wconf 90' lang='lat' dir='ltr'>me</span> <span class='ocrx_word' id='word_1_38' title='bbox 1152 530 1226 569; x_wconf 88' lang='lat' dir='ltr'>hoc</span> <span class='ocrx_word' id='word_1_39' title='bbox 1246 530 1503 584; x_wconf 88' lang='lat' dir='ltr'>postulassent,</span> <span class='ocrx_word' id='word_1_40' title='bbox 1534 532 1560 570; x_wconf 88' lang='lat' dir='ltr'><strong>fi</strong></span> <span class='ocrx_word' id='word_1_41' title='bbox 1582 545 1755 583; x_wconf 90' lang='lat' dir='ltr'>unquam</span> <span class='ocrx_word' id='word_1_42' title='bbox 1777 531 1939 570; x_wconf 89' lang='lat' dir='ltr'>omnino</span> 
     </span>
     <span class='ocr_line' id='line_1_7' title="bbox 539 596 1938 650; baseline -0.001 -14"><span class='ocrx_word' id='word_1_43' title='bbox 539 597 774 650; x_wconf 72' lang='lat' dir='ltr'>cogitassent.</span> <span class='ocrx_word' id='word_1_44' title='bbox 826 596 1091 647; x_wconf 84' lang='lat' dir='ltr'>Qamobrem</span> <span class='ocrx_word' id='word_1_45' title='bbox 1126 598 1231 635; x_wconf 89' lang='lat' dir='ltr'>enim</span> <span class='ocrx_word' id='word_1_46' title='bbox 1268 597 1388 635; x_wconf 85' lang='lat' dir='ltr'>scriba</span> <span class='ocrx_word' id='word_1_47' title='bbox 1421 598 1597 642; x_wconf 86' lang='lat' dir='ltr'>deducat,</span> <span class='ocrx_word' id='word_1_48' title='bbox 1629 610 1670 635; x_wconf 91' lang='lat' dir='ltr'>ac</span> <span class='ocrx_word' id='word_1_49' title='bbox 1701 610 1779 635; x_wconf 91' lang='lat' dir='ltr'>non</span> <span class='ocrx_word' id='word_1_50' title='bbox 1809 597 1938 649; x_wconf 90' lang='lat' dir='ltr'>potius</span> 
     </span>
     <span class='ocr_line' id='line_1_8' title="bbox 540 661 1939 715; baseline -0.001 -14"><span class='ocrx_word' id='word_1_51' title='bbox 540 664 678 708; x_wconf 87' lang='lat' dir='ltr'>mulio,</span> <span class='ocrx_word' id='word_1_52' title='bbox 701 663 769 715; x_wconf 90' lang='lat' dir='ltr'>qui</span> <span class='ocrx_word' id='word_1_53' title='bbox 789 663 940 700; x_wconf 84' lang='lat' dir='ltr'>advexit</span> <span class='ocrx_word' id='word_1_54' title='bbox 959 663 972 699; x_wconf 87' lang='lat'>?</span> <span class='ocrx_word' id='word_1_55' title='bbox 995 663 1227 708; x_wconf 81' lang='lat' dir='ltr'>tabellarius,</span> <span class='ocrx_word' id='word_1_56' title='bbox 1249 665 1359 715; x_wconf 84' lang='lat' dir='ltr'>cujus</span> <span class='ocrx_word' id='word_1_57' title='bbox 1380 664 1544 701; x_wconf 88' lang='lat' dir='ltr'>adventu</span> <span class='ocrx_word' id='word_1_58' title='bbox 1562 663 1739 701; x_wconf 82' lang='lat' dir='ltr'>certiores</span> <span class='ocrx_word' id='word_1_59' title='bbox 1760 661 1850 700; x_wconf 67' lang='lat' dir='ltr'>facti</span> <span class='ocrx_word' id='word_1_60' title='bbox 1869 675 1939 715; x_wconf 92' lang='lat' dir='ltr'>pe-</span> 
     </span>
     <span class='ocr_line' id='line_1_9' title="bbox 540 728 1938 782; baseline -0.001 -14"><span class='ocrx_word' id='word_1_61' title='bbox 540 731 739 768; x_wconf 86' lang='lat' dir='ltr'>tiverunt?</span> <span class='ocrx_word' id='word_1_62' title='bbox 771 743 907 782; x_wconf 84' lang='lat' dir='ltr'>praeco,</span> <span class='ocrx_word' id='word_1_63' title='bbox 941 730 1008 781; x_wconf 92' lang='lat' dir='ltr'>qui</span> <span class='ocrx_word' id='word_1_64' title='bbox 1035 730 1288 782; x_wconf 84' lang='lat' dir='ltr'>adirejuffit?</span> <span class='ocrx_word' id='word_1_65' title='bbox 1320 730 1454 775; x_wconf 87' lang='lat' dir='ltr'>viator,</span> <span class='ocrx_word' id='word_1_66' title='bbox 1486 743 1528 767; x_wconf 92' lang='lat' dir='ltr'>ac</span> <span class='ocrx_word' id='word_1_67' title='bbox 1548 730 1750 774; x_wconf 84' lang='lat' dir='ltr'>Venerius,</span> <span class='ocrx_word' id='word_1_68' title='bbox 1778 729 1846 781; x_wconf 93' lang='lat' dir='ltr'>qui</span> <span class='ocrx_word' id='word_1_69' title='bbox 1874 728 1938 767; x_wconf 89' lang='lat' dir='ltr'>fis-</span> 
     </span>
     <span class='ocr_line' id='line_1_10' title="bbox 540 795 1937 849; baseline -0.001 -15"><span class='ocrx_word' id='word_1_70' title='bbox 540 810 633 834; x_wconf 87' lang='lat' dir='ltr'>cum</span> <span class='ocrx_word' id='word_1_71' title='bbox 655 795 803 834; x_wconf 88' lang='lat' dir='ltr'>sustulit</span> <span class='ocrx_word' id='word_1_72' title='bbox 822 796 834 832; x_wconf 92' lang='lat'>?</span> <span class='ocrx_word' id='word_1_73' title='bbox 867 796 965 846; x_wconf 80' lang='lat' dir='ltr'>Qae</span> <span class='ocrx_word' id='word_1_74' title='bbox 986 809 1067 848; x_wconf 83' lang='lat' dir='ltr'>pars</span> <span class='ocrx_word' id='word_1_75' title='bbox 1089 809 1224 848; x_wconf 77' lang='lat' dir='ltr'>operae,</span> <span class='ocrx_word' id='word_1_76' title='bbox 1247 805 1312 833; x_wconf 88' lang='lat' dir='ltr'>aut</span> <span class='ocrx_word' id='word_1_77' title='bbox 1341 796 1638 849; x_wconf 84' lang='lat' dir='ltr'>opportunitatis</span> <span class='ocrx_word' id='word_1_78' title='bbox 1670 796 1711 833; x_wconf 89' lang='lat' dir='ltr'>in</span> <span class='ocrx_word' id='word_1_79' title='bbox 1731 795 1852 833; x_wconf 83' lang='lat' dir='ltr'>scriba</span> <span class='ocrx_word' id='word_1_80' title='bbox 1871 795 1937 839; x_wconf 87' lang='lat' dir='ltr'>est,</span> 
     </span>
     <span class='ocr_line' id='line_1_11' title="bbox 539 862 1938 914; baseline -0.001 -14"><span class='ocrx_word' id='word_1_81' title='bbox 539 877 608 900; x_wconf 91' lang='lat' dir='ltr'>cur</span> <span class='ocrx_word' id='word_1_82' title='bbox 628 864 663 900; x_wconf 89' lang='lat' dir='ltr'>ei</span> <span class='ocrx_word' id='word_1_83' title='bbox 694 875 771 899; x_wconf 87' lang='lat' dir='ltr'>non</span> <span class='ocrx_word' id='word_1_84' title='bbox 792 862 908 899; x_wconf 90' lang='lat' dir='ltr'>modo</span> <span class='ocrx_word' id='word_1_85' title='bbox 930 875 1074 899; x_wconf 85' lang='lat' dir='ltr'>merces</span> <span class='ocrx_word' id='word_1_86' title='bbox 1107 871 1209 899; x_wconf 89' lang='lat' dir='ltr'>tanta</span> <span class='ocrx_word' id='word_1_87' title='bbox 1228 862 1350 907; x_wconf 86' lang='lat' dir='ltr'>detur,</span> <span class='ocrx_word' id='word_1_88' title='bbox 1384 862 1446 899; x_wconf 83' lang='lat' dir='ltr'>sed</span> <span class='ocrx_word' id='word_1_89' title='bbox 1467 876 1535 899; x_wconf 91' lang='lat' dir='ltr'>cur</span> <span class='ocrx_word' id='word_1_90' title='bbox 1555 875 1647 900; x_wconf 89' lang='lat' dir='ltr'>cum</span> <span class='ocrx_word' id='word_1_91' title='bbox 1667 876 1711 900; x_wconf 91' lang='grc' dir='ltr'>6ο</span> <span class='ocrx_word' id='word_1_92' title='bbox 1732 871 1844 899; x_wconf 85' lang='lat' dir='ltr'>tantae</span> <span class='ocrx_word' id='word_1_93' title='bbox 1871 874 1938 914; x_wconf 91' lang='lat' dir='ltr'>pe-</span> 
     </span>
     <span class='ocr_line' id='line_1_12' title="bbox 539 927 1941 981; baseline -0.002 -14"><span class='ocrx_word' id='word_1_94' title='bbox 539 929 663 967; x_wconf 83' lang='lat' dir='ltr'>cuniae</span> <span class='ocrx_word' id='word_1_95' title='bbox 682 929 837 981; x_wconf 87' lang='lat' dir='ltr'>partitio</span> <span class='ocrx_word' id='word_1_96' title='bbox 858 927 950 965; x_wconf 84' lang='lat' dir='ltr'>fiat?</span> <span class='ocrx_word' id='word_1_97' title='bbox 985 929 1092 966; x_wconf 88' lang='lat' dir='ltr'>Ordo</span> <span class='ocrx_word' id='word_1_98' title='bbox 1113 928 1165 966; x_wconf 87' lang='lat' dir='ltr'>est</span> <span class='ocrx_word' id='word_1_99' title='bbox 1184 928 1363 966; x_wconf 87' lang='lat' dir='ltr'>honestus</span> <span class='ocrx_word' id='word_1_100' title='bbox 1383 943 1390 966; x_wconf 91' lang='lat'>:</span> <span class='ocrx_word' id='word_1_101' title='bbox 1424 929 1509 980; x_wconf 90' lang='lat' dir='ltr'>quis</span> <span class='ocrx_word' id='word_1_102' title='bbox 1530 929 1669 980; x_wconf 80' lang='lat' dir='ltr'>negat?</span> <span class='ocrx_word' id='word_1_103' title='bbox 1701 937 1765 966; x_wconf 89' lang='lat' dir='ltr'>aut</span> <span class='ocrx_word' id='word_1_104' title='bbox 1785 928 1879 980; x_wconf 89' lang='lat' dir='ltr'>quid</span> <span class='ocrx_word' id='word_1_105' title='bbox 1899 940 1941 964; x_wconf 87' lang='lat' dir='ltr'>ea</span> 
     </span>
     <span class='ocr_line' id='line_1_13' title="bbox 541 992 1938 1046; baseline -0.002 -12"><span class='ocrx_word' id='word_1_106' title='bbox 541 1009 596 1034; x_wconf 86' lang='lat' dir='ltr'>res</span> <span class='ocrx_word' id='word_1_107' title='bbox 627 995 674 1032; x_wconf 91' lang='lat' dir='ltr'>ad</span> <span class='ocrx_word' id='word_1_108' title='bbox 703 993 803 1032; x_wconf 81' lang='lat' dir='ltr'>hanc</span> <span class='ocrx_word' id='word_1_109' title='bbox 835 1008 915 1032; x_wconf 91' lang='lat' dir='ltr'>rem</span> <span class='ocrx_word' id='word_1_110' title='bbox 936 995 1131 1046; x_wconf 85' lang='lat' dir='ltr'>pertinet?</span> <span class='ocrx_word' id='word_1_111' title='bbox 1164 994 1231 1031; x_wconf 85' lang='lat' dir='ltr'>Est</span> <span class='ocrx_word' id='word_1_112' title='bbox 1251 1008 1338 1032; x_wconf 87' lang='lat' dir='ltr'>vero</span> <span class='ocrx_word' id='word_1_113' title='bbox 1358 993 1552 1039; x_wconf 83' lang='lat' dir='ltr'>honestus,</span> <span class='ocrx_word' id='word_1_114' title='bbox 1585 994 1690 1046; x_wconf 89' lang='lat' dir='ltr'>quod</span> <span class='ocrx_word' id='word_1_115' title='bbox 1710 1008 1844 1032; x_wconf 90' lang='lat' dir='ltr'>eorum</span> <span class='ocrx_word' id='word_1_116' title='bbox 1863 992 1938 1031; x_wconf 94' lang='lat' dir='ltr'>ho-</span> 
     </span>
     <span class='ocr_line' id='line_1_14' title="bbox 539 1059 1940 1113; baseline -0.001 -14"><span class='ocrx_word' id='word_1_117' title='bbox 539 1062 695 1100; x_wconf 88' lang='lat' dir='ltr'>minum</span> <span class='ocrx_word' id='word_1_118' title='bbox 709 1060 799 1099; x_wconf 89' lang='lat' dir='ltr'>fidei</span> <span class='ocrx_word' id='word_1_119' title='bbox 819 1059 957 1098; x_wconf 85' lang='lat' dir='ltr'>tabulae</span> <span class='ocrx_word' id='word_1_120' title='bbox 978 1060 1157 1112; x_wconf 86' lang='lat' dir='ltr'>publicae,</span> <span class='ocrx_word' id='word_1_121' title='bbox 1173 1060 1420 1113; x_wconf 83' lang='lat' dir='ltr'>periculaque</span> <span class='ocrx_word' id='word_1_122' title='bbox 1440 1060 1732 1113; x_wconf 88' lang='lat' dir='ltr'>magistratuum</span> <span class='ocrx_word' id='word_1_123' title='bbox 1752 1060 1940 1098; x_wconf 86' lang='lat' dir='ltr'>commit-</span> 
     </span>
     <span class='ocr_line' id='line_1_15' title="bbox 537 1126 1939 1180; baseline -0.001 -13"><span class='ocrx_word' id='word_1_124' title='bbox 537 1137 688 1168; x_wconf 89' lang='lat' dir='ltr'>tuntur.</span> <span class='ocrx_word' id='word_1_125' title='bbox 722 1130 857 1179; x_wconf 85' lang='lat' dir='ltr'>Itaque</span> <span class='ocrx_word' id='word_1_126' title='bbox 888 1141 935 1165; x_wconf 79' lang='lat' dir='ltr'>ex</span> <span class='ocrx_word' id='word_1_127' title='bbox 965 1126 1026 1165; x_wconf 89' lang='lat' dir='ltr'>his</span> <span class='ocrx_word' id='word_1_128' title='bbox 1059 1126 1204 1172; x_wconf 88' lang='lat' dir='ltr'>scribis,</span> <span class='ocrx_word' id='word_1_129' title='bbox 1236 1127 1305 1179; x_wconf 88' lang='lat' dir='ltr'>qui</span> <span class='ocrx_word' id='word_1_130' title='bbox 1326 1128 1435 1180; x_wconf 86' lang='lat' dir='ltr'>digni</span> <span class='ocrx_word' id='word_1_131' title='bbox 1457 1127 1542 1165; x_wconf 91' lang='lat' dir='ltr'>sunt</span> <span class='ocrx_word' id='word_1_132' title='bbox 1561 1127 1630 1165; x_wconf 91' lang='lat' dir='ltr'>illo</span> <span class='ocrx_word' id='word_1_133' title='bbox 1650 1127 1797 1172; x_wconf 90' lang='lat' dir='ltr'>ordine,</span> <span class='ocrx_word' id='word_1_134' title='bbox 1819 1127 1939 1180; x_wconf 83' lang='lat' dir='ltr'>patri-</span> 
     </span>
     <span class='ocr_line' id='line_1_16' title="bbox 539 1192 1940 1245; baseline -0.003 -12"><span class='ocrx_word' id='word_1_135' title='bbox 539 1193 816 1237; x_wconf 87' lang='lat' dir='ltr'>bus-familias,</span> <span class='ocrx_word' id='word_1_136' title='bbox 838 1193 927 1230; x_wconf 84' lang='lat' dir='ltr'>viris</span> <span class='ocrx_word' id='word_1_137' title='bbox 949 1193 1074 1237; x_wconf 86' lang='lat' dir='ltr'>bonis,</span> <span class='ocrx_word' id='word_1_138' title='bbox 1097 1202 1210 1244; x_wconf 89' lang='lat' dir='ltr'>atque</span> <span class='ocrx_word' id='word_1_139' title='bbox 1231 1192 1411 1238; x_wconf 89' lang='lat' dir='ltr'>honestis,</span> <span class='ocrx_word' id='word_1_140' title='bbox 1432 1193 1728 1245; x_wconf 85' lang='lat' dir='ltr'>percontamini,</span> <span class='ocrx_word' id='word_1_141' title='bbox 1756 1192 1850 1244; x_wconf 90' lang='lat' dir='ltr'>quid</span> <span class='ocrx_word' id='word_1_142' title='bbox 1871 1192 1940 1230; x_wconf 88' lang='lat' dir='ltr'>fibi</span> 
     </span>
     <span class='ocr_line' id='line_1_17' title="bbox 538 1258 1938 1313; baseline -0.002 -14"><span class='ocrx_word' id='word_1_143' title='bbox 538 1261 615 1299; x_wconf 84' lang='lat' dir='ltr'>istae</span> <span class='ocrx_word' id='word_1_144' title='bbox 635 1259 960 1313; x_wconf 61' lang='lat' dir='ltr'>quinquagesima·</span> <span class='ocrx_word' id='word_1_145' title='bbox 990 1259 1110 1296; x_wconf 91' lang='lat' dir='ltr'>velint</span> <span class='ocrx_word' id='word_1_146' title='bbox 1129 1274 1137 1296; x_wconf 91' lang='lat'><strong>:</strong></span> <span class='ocrx_word' id='word_1_147' title='bbox 1164 1260 1247 1310; x_wconf 83' lang='lat' dir='ltr'>jam</span> <span class='ocrx_word' id='word_1_148' title='bbox 1279 1271 1414 1297; x_wconf 88' lang='lat' dir='ltr'>omnes</span> <span class='ocrx_word' id='word_1_149' title='bbox 1436 1258 1674 1311; x_wconf 87' lang='lat' dir='ltr'>intelligetis,</span> <span class='ocrx_word' id='word_1_150' title='bbox 1697 1271 1836 1296; x_wconf 85' lang='lat' dir='ltr'>novam</span> <span class='ocrx_word' id='word_1_151' title='bbox 1857 1271 1938 1296; x_wconf 91' lang='lat' dir='ltr'>rem</span> 
     </span>
     <span class='ocr_line' id='line_1_18' title="bbox 539 1324 1185 1377; baseline -0.006 -12"><span class='ocrx_word' id='word_1_152' title='bbox 539 1336 677 1371; x_wconf 87' lang='lat' dir='ltr'>totam,</span> <span class='ocrx_word' id='word_1_153' title='bbox 699 1335 812 1377; x_wconf 88' lang='lat' dir='ltr'>atque</span> <span class='ocrx_word' id='word_1_154' title='bbox 833 1325 1032 1376; x_wconf 83' lang='lat' dir='ltr'>indignam</span> <span class='ocrx_word' id='word_1_155' title='bbox 1053 1324 1185 1362; x_wconf 79' lang='lat' dir='ltr'>videri.</span> 
     </span>
    </p>

    <p class='ocr_par' dir='ltr' id='par_1_4' title="bbox 537 1391 1941 1910">
     <span class='ocr_line' id='line_1_19' title="bbox 597 1391 1940 1444; baseline -0.001 -13"><span class='ocrx_word' id='word_1_156' title='bbox 597 1394 659 1431; x_wconf 89' lang='lat' dir='ltr'>Ad</span> <span class='ocrx_word' id='word_1_157' title='bbox 680 1406 742 1430; x_wconf 91' lang='lat' dir='ltr'>eos</span> <span class='ocrx_word' id='word_1_158' title='bbox 764 1405 826 1429; x_wconf 87' lang='lat' dir='ltr'>me</span> <span class='ocrx_word' id='word_1_159' title='bbox 847 1391 983 1429; x_wconf 84' lang='lat' dir='ltr'>scribas</span> <span class='ocrx_word' id='word_1_160' title='bbox 1019 1404 1163 1436; x_wconf 83' lang='lat' dir='ltr'>revoca,</span> <span class='ocrx_word' id='word_1_161' title='bbox 1199 1391 1224 1429; x_wconf 88' lang='lat' dir='ltr'><strong>fi</strong></span> <span class='ocrx_word' id='word_1_162' title='bbox 1246 1392 1396 1444; x_wconf 81' lang='lat' dir='ltr'>placet:</span> <span class='ocrx_word' id='word_1_163' title='bbox 1439 1392 1519 1430; x_wconf 91' lang='lat' dir='ltr'>noli</span> <span class='ocrx_word' id='word_1_164' title='bbox 1538 1391 1610 1430; x_wconf 88' lang='lat' dir='ltr'>hos</span> <span class='ocrx_word' id='word_1_165' title='bbox 1640 1391 1834 1444; x_wconf 80' lang='lat' dir='ltr'>colligere,</span> <span class='ocrx_word' id='word_1_166' title='bbox 1871 1392 1940 1444; x_wconf 91' lang='lat' dir='ltr'>qui</span> 
     </span>
     <span class='ocr_line' id='line_1_20' title="bbox 540 1458 1938 1510; baseline -0.003 -10"><span class='ocrx_word' id='word_1_167' title='bbox 540 1459 755 1500; x_wconf 87' lang='lat' dir='ltr'>nummulis</span> <span class='ocrx_word' id='word_1_168' title='bbox 770 1458 976 1510; x_wconf 79' lang='lat' dir='ltr'>corrogatis</span> <span class='ocrx_word' id='word_1_169' title='bbox 993 1458 1038 1495; x_wconf 90' lang='lat' dir='ltr'>de</span> <span class='ocrx_word' id='word_1_170' title='bbox 1056 1467 1244 1510; x_wconf 89' lang='lat' dir='ltr'>nepotum</span> <span class='ocrx_word' id='word_1_171' title='bbox 1261 1459 1384 1503; x_wconf 87' lang='lat' dir='ltr'>donis,</span> <span class='ocrx_word' id='word_1_172' title='bbox 1403 1472 1445 1497; x_wconf 88' lang='lat' dir='ltr'>ac</span> <span class='ocrx_word' id='word_1_173' title='bbox 1462 1459 1508 1497; x_wconf 89' lang='lat' dir='ltr'>de</span> <span class='ocrx_word' id='word_1_174' title='bbox 1524 1459 1763 1497; x_wconf 90' lang='lat' dir='ltr'>scenicorum</span> <span class='ocrx_word' id='word_1_175' title='bbox 1776 1459 1938 1497; x_wconf 90' lang='lat' dir='ltr'>corolla-</span> 
     </span>
     <span class='ocr_line' id='line_1_21' title="bbox 540 1525 1939 1579; baseline -0.002 -13"><span class='ocrx_word' id='word_1_176' title='bbox 540 1528 620 1573; x_wconf 87' lang='lat' dir='ltr'>riis‚</span> <span class='ocrx_word' id='word_1_177' title='bbox 642 1541 734 1565; x_wconf 91' lang='lat' dir='ltr'>cum</span> <span class='ocrx_word' id='word_1_178' title='bbox 755 1526 948 1564; x_wconf 86' lang='lat' dir='ltr'>decuriam</span> <span class='ocrx_word' id='word_1_179' title='bbox 969 1534 1159 1570; x_wconf 90' lang='lat' dir='ltr'>emerunt,</span> <span class='ocrx_word' id='word_1_180' title='bbox 1192 1539 1238 1563; x_wconf 84' lang='lat' dir='ltr'>ex</span> <span class='ocrx_word' id='word_1_181' title='bbox 1257 1526 1384 1579; x_wconf 90' lang='lat' dir='ltr'>primo</span> <span class='ocrx_word' id='word_1_182' title='bbox 1405 1526 1538 1565; x_wconf 89' lang='lat' dir='ltr'>ordine</span> <span class='ocrx_word' id='word_1_183' title='bbox 1557 1526 1799 1579; x_wconf 85' lang='lat' dir='ltr'>explosorum</span> <span class='ocrx_word' id='word_1_184' title='bbox 1821 1526 1861 1563; x_wconf 89' lang='lat' dir='ltr'>in</span> <span class='ocrx_word' id='word_1_185' title='bbox 1882 1525 1939 1563; x_wconf 91' lang='lat' dir='ltr'>se-</span> 
     </span>
     <span class='ocr_line' id='line_1_22' title="bbox 539 1591 1940 1633; baseline -0.002 0"><span class='ocrx_word' id='word_1_186' title='bbox 539 1594 715 1633; x_wconf 88' lang='lat' dir='ltr'>cundum</span> <span class='ocrx_word' id='word_1_187' title='bbox 735 1593 910 1631; x_wconf 85' lang='lat' dir='ltr'>ordinem</span> <span class='ocrx_word' id='word_1_188' title='bbox 941 1592 1105 1630; x_wconf 90' lang='lat' dir='ltr'>civitatis</span> <span class='ocrx_word' id='word_1_189' title='bbox 1140 1592 1175 1630; x_wconf 88' lang='lat' dir='ltr'>se</span> <span class='ocrx_word' id='word_1_190' title='bbox 1194 1591 1332 1630; x_wconf 87' lang='lat' dir='ltr'>veniffe</span> <span class='ocrx_word' id='word_1_191' title='bbox 1363 1593 1510 1631; x_wconf 89' lang='lat' dir='ltr'>dicunt.</span> <span class='ocrx_word' id='word_1_192' title='bbox 1544 1593 1620 1630; x_wconf 86' lang='lat' dir='ltr'>Eos</span> <span class='ocrx_word' id='word_1_193' title='bbox 1651 1592 1789 1630; x_wconf 86' lang='lat' dir='ltr'>scribas</span> <span class='ocrx_word' id='word_1_194' title='bbox 1810 1601 1940 1630; x_wconf 90' lang='lat' dir='ltr'>tecum</span> 
     </span>
     <span class='ocr_line' id='line_1_23' title="bbox 538 1657 1941 1713; baseline -0.001 -15"><span class='ocrx_word' id='word_1_195' title='bbox 538 1661 804 1713; x_wconf 87' lang='lat' dir='ltr'>disceptatores</span> <span class='ocrx_word' id='word_1_196' title='bbox 826 1658 941 1710; x_wconf 87' lang='lat' dir='ltr'>hujus</span> <span class='ocrx_word' id='word_1_197' title='bbox 962 1658 1135 1696; x_wconf 88' lang='lat' dir='ltr'>criminis</span> <span class='ocrx_word' id='word_1_198' title='bbox 1156 1658 1320 1713; x_wconf 86' lang='lat' dir='ltr'>habebo,</span> <span class='ocrx_word' id='word_1_199' title='bbox 1343 1659 1413 1711; x_wconf 91' lang='lat' dir='ltr'>qui</span> <span class='ocrx_word' id='word_1_200' title='bbox 1435 1658 1521 1697; x_wconf 89' lang='lat' dir='ltr'>istos</span> <span class='ocrx_word' id='word_1_201' title='bbox 1543 1658 1680 1697; x_wconf 87' lang='lat' dir='ltr'>scribas</span> <span class='ocrx_word' id='word_1_202' title='bbox 1701 1657 1771 1696; x_wconf 87' lang='lat' dir='ltr'>effe</span> <span class='ocrx_word' id='word_1_203' title='bbox 1785 1658 1941 1696; x_wconf 87' lang='lat' dir='ltr'>moleste</span> 
     </span>
     <span class='ocr_line' id='line_1_24' title="bbox 537 1724 1940 1769; baseline -0.002 -4"><span class='ocrx_word' id='word_1_204' title='bbox 537 1726 683 1765; x_wconf 79' lang='lat' dir='ltr'>ferunt.</span> <span class='ocrx_word' id='word_1_205' title='bbox 716 1724 900 1769; x_wconf 86' lang='lat' dir='ltr'>Tametfi,</span> <span class='ocrx_word' id='word_1_206' title='bbox 924 1738 1016 1762; x_wconf 89' lang='lat' dir='ltr'>cum</span> <span class='ocrx_word' id='word_1_207' title='bbox 1037 1725 1077 1762; x_wconf 88' lang='lat' dir='ltr'>in</span> <span class='ocrx_word' id='word_1_208' title='bbox 1111 1738 1156 1762; x_wconf 91' lang='lat' dir='ltr'>eo</span> <span class='ocrx_word' id='word_1_209' title='bbox 1189 1725 1322 1763; x_wconf 86' lang='lat' dir='ltr'>ordine</span> <span class='ocrx_word' id='word_1_210' title='bbox 1352 1725 1549 1763; x_wconf 88' lang='lat' dir='ltr'>videamus</span> <span class='ocrx_word' id='word_1_211' title='bbox 1582 1724 1651 1763; x_wconf 84' lang='lat' dir='ltr'>effe</span> <span class='ocrx_word' id='word_1_212' title='bbox 1685 1724 1829 1762; x_wconf 88' lang='lat' dir='ltr'>multos</span> <span class='ocrx_word' id='word_1_213' title='bbox 1861 1737 1940 1762; x_wconf 90' lang='lat' dir='ltr'>non</span> 
     </span>
     <span class='ocr_line' id='line_1_25' title="bbox 538 1791 1939 1844; baseline -0.002 -13"><span class='ocrx_word' id='word_1_214' title='bbox 538 1794 711 1837; x_wconf 84' lang='lat' dir='ltr'>idoneos,</span> <span class='ocrx_word' id='word_1_215' title='bbox 738 1791 823 1844; x_wconf 88' lang='lat' dir='ltr'>(qui</span> <span class='ocrx_word' id='word_1_216' title='bbox 843 1791 937 1829; x_wconf 89' lang='lat' dir='ltr'>ordo</span> <span class='ocrx_word' id='word_1_217' title='bbox 957 1791 1150 1829; x_wconf 83' lang='lat' dir='ltr'>industriae</span> <span class='ocrx_word' id='word_1_218' title='bbox 1170 1791 1383 1844; x_wconf 74' lang='lat' dir='ltr'>propositus</span> <span class='ocrx_word' id='word_1_219' title='bbox 1405 1791 1470 1835; x_wconf 88' lang='lat' dir='ltr'>est,</span> <span class='ocrx_word' id='word_1_220' title='bbox 1491 1801 1529 1829; x_wconf 91' lang='lat' dir='ltr'>et</span> <span class='ocrx_word' id='word_1_221' title='bbox 1550 1791 1745 1844; x_wconf 87' lang='lat' dir='ltr'>dignitati)</span> <span class='ocrx_word' id='word_1_222' title='bbox 1778 1791 1939 1828; x_wconf 89' lang='lat' dir='ltr'>mirabi-</span> 
     </span>
     <span class='ocr_line' id='line_1_26' title="bbox 540 1857 1892 1910; baseline -0.004 -12"><span class='ocrx_word' id='word_1_223' title='bbox 540 1873 643 1904; x_wconf 86' lang='lat' dir='ltr'>mur,</span> <span class='ocrx_word' id='word_1_224' title='bbox 667 1868 795 1910; x_wconf 89' lang='lat' dir='ltr'>turpes</span> <span class='ocrx_word' id='word_1_225' title='bbox 815 1858 964 1909; x_wconf 86' lang='lat' dir='ltr'>aliquos</span> <span class='ocrx_word' id='word_1_226' title='bbox 986 1857 1040 1895; x_wconf 90' lang='lat' dir='ltr'>ibi</span> <span class='ocrx_word' id='word_1_227' title='bbox 1061 1857 1144 1901; x_wconf 82' lang='lat' dir='ltr'>effe,</span> <span class='ocrx_word' id='word_1_228' title='bbox 1176 1859 1255 1909; x_wconf 79' lang='lat' dir='ltr'>quo</span> <span class='ocrx_word' id='word_1_229' title='bbox 1276 1857 1397 1894; x_wconf 88' lang='lat' dir='ltr'>cuivis</span> <span class='ocrx_word' id='word_1_230' title='bbox 1418 1857 1508 1894; x_wconf 89' lang='lat' dir='ltr'>licet</span> <span class='ocrx_word' id='word_1_231' title='bbox 1527 1858 1650 1909; x_wconf 89' lang='lat' dir='ltr'>pretio</span> <span class='ocrx_word' id='word_1_232' title='bbox 1669 1857 1892 1909; x_wconf 89' lang='lat' dir='ltr'>pervenire?</span> 
     </span>
    </p>

    <p class='ocr_par' dir='ltr' id='par_1_5' title="bbox 541 1923 1940 2505">
     <span class='ocr_line' id='line_1_27' title="bbox 596 1923 1940 1975; baseline -0.002 -12"><span class='ocrx_word' id='word_1_233' title='bbox 596 1925 764 1963; x_wconf 90' lang='lat' dir='ltr'>LXXX.</span> <span class='ocrx_word' id='word_1_234' title='bbox 798 1924 864 1961; x_wconf 90' lang='lat' dir='ltr'>Tu</span> <span class='ocrx_word' id='word_1_235' title='bbox 894 1937 940 1961; x_wconf 86' lang='lat' dir='ltr'>ex</span> <span class='ocrx_word' id='word_1_236' title='bbox 972 1924 1134 1975; x_wconf 86' lang='lat' dir='ltr'>pecunia</span> <span class='ocrx_word' id='word_1_237' title='bbox 1154 1923 1311 1974; x_wconf 80' lang='lat' dir='ltr'>publica</span> <span class='ocrx_word' id='word_1_238' title='bbox 1333 1924 1423 1961; x_wconf 89' lang='lat' dir='ltr'>H·S</span> <span class='ocrx_word' id='word_1_239' title='bbox 1446 1923 1629 1960; x_wconf 88' lang='lat' dir='ltr'>tredecies</span> <span class='ocrx_word' id='word_1_240' title='bbox 1650 1923 1811 1961; x_wconf 91' lang='lat' dir='ltr'>scribam</span> <span class='ocrx_word' id='word_1_241' title='bbox 1833 1932 1940 1961; x_wconf 90' lang='lat' dir='ltr'>tuam</span> 
     </span>
     <span class='ocr_line' id='line_1_28' title="bbox 541 1987 1939 2044; baseline -0.001 -16"><span class='ocrx_word' id='word_1_242' title='bbox 541 1990 721 2044; x_wconf 70' lang='lat' dir='ltr'>permiss&#39;u</span> <span class='ocrx_word' id='word_1_243' title='bbox 744 1998 810 2026; x_wconf 92' lang='lat' dir='ltr'>tuo</span> <span class='ocrx_word' id='word_1_244' title='bbox 830 2003 921 2026; x_wconf 88' lang='lat' dir='ltr'>cum</span> <span class='ocrx_word' id='word_1_245' title='bbox 943 1988 1130 2026; x_wconf 75' lang='lat' dir='ltr'>abstulisse</span> <span class='ocrx_word' id='word_1_246' title='bbox 1162 1987 1312 2033; x_wconf 86' lang='lat' dir='ltr'>fateare,</span> <span class='ocrx_word' id='word_1_247' title='bbox 1345 1989 1532 2040; x_wconf 79' lang='lat' dir='ltr'>reliquam</span> <span class='ocrx_word' id='word_1_248' title='bbox 1565 1989 1637 2026; x_wconf 90' lang='lat' dir='ltr'>tibi</span> <span class='ocrx_word' id='word_1_249' title='bbox 1665 1989 1783 2026; x_wconf 81' lang='lat' dir='ltr'>ullam</span> <span class='ocrx_word' id='word_1_250' title='bbox 1805 1988 1939 2026; x_wconf 83' lang='lat' dir='ltr'>defen-</span> 
     </span>
     <span class='ocr_line' id='line_1_29' title="bbox 541 2053 1939 2108; baseline -0.001 -13"><span class='ocrx_word' id='word_1_251' title='bbox 541 2058 684 2095; x_wconf 82' lang='lat' dir='ltr'>sionem</span> <span class='ocrx_word' id='word_1_252' title='bbox 706 2065 815 2108; x_wconf 87' lang='lat' dir='ltr'>putas</span> <span class='ocrx_word' id='word_1_253' title='bbox 836 2054 906 2092; x_wconf 77' lang='lat' dir='ltr'>effe</span> <span class='ocrx_word' id='word_1_254' title='bbox 926 2055 937 2092; x_wconf 91' lang='lat'>?</span> <span class='ocrx_word' id='word_1_255' title='bbox 970 2053 1044 2092; x_wconf 87' lang='lat' dir='ltr'>hoc</span> <span class='ocrx_word' id='word_1_256' title='bbox 1065 2054 1161 2092; x_wconf 89' lang='lat' dir='ltr'>ferre</span> <span class='ocrx_word' id='word_1_257' title='bbox 1182 2068 1420 2107; x_wconf 78' lang='lat' dir='ltr'>quemquam</span> <span class='ocrx_word' id='word_1_258' title='bbox 1442 2054 1543 2107; x_wconf 75' lang='lat' dir='ltr'>posse</span> <span class='ocrx_word' id='word_1_259' title='bbox 1562 2055 1574 2091; x_wconf 90' lang='lat'>?</span> <span class='ocrx_word' id='word_1_260' title='bbox 1606 2053 1681 2093; x_wconf 91' lang='lat' dir='ltr'>hoc</span> <span class='ocrx_word' id='word_1_261' title='bbox 1703 2068 1939 2108; x_wconf 87' lang='lat' dir='ltr'>quemquam</span> 
     </span>
     <span class='ocr_line' id='line_1_30' title="bbox 542 2120 1939 2174; baseline -0.002 -13"><span class='ocrx_word' id='word_1_262' title='bbox 542 2123 708 2174; x_wconf 88' lang='lat' dir='ltr'>denique</span> <span class='ocrx_word' id='word_1_263' title='bbox 724 2134 825 2158; x_wconf 87' lang='lat' dir='ltr'>nunc</span> <span class='ocrx_word' id='word_1_264' title='bbox 849 2130 1002 2158; x_wconf 86' lang='lat' dir='ltr'>tuorum</span> <span class='ocrx_word' id='word_1_265' title='bbox 1023 2120 1292 2159; x_wconf 75' lang='lat' dir='ltr'>advocatorum</span> <span class='ocrx_word' id='word_1_266' title='bbox 1313 2121 1443 2159; x_wconf 85' lang='lat' dir='ltr'>animo</span> <span class='ocrx_word' id='word_1_267' title='bbox 1461 2135 1571 2173; x_wconf 86' lang='lat' dir='ltr'>aequo</span> <span class='ocrx_word' id='word_1_268' title='bbox 1592 2121 1719 2158; x_wconf 85' lang='lat' dir='ltr'>audire</span> <span class='ocrx_word' id='word_1_269' title='bbox 1735 2121 1911 2159; x_wconf 85' lang='lat' dir='ltr'>arbitrare</span> <span class='ocrx_word' id='word_1_270' title='bbox 1927 2121 1939 2158; x_wconf 89' lang='lat'>?</span> 
     </span>
     <span class='ocr_line' id='line_1_31' title="bbox 542 2186 1939 2241; baseline -0.002 -15"><span class='ocrx_word' id='word_1_271' title='bbox 542 2191 631 2241; x_wconf 81' lang='lat' dir='ltr'>Qa</span> <span class='ocrx_word' id='word_1_272' title='bbox 662 2189 701 2225; x_wconf 90' lang='lat' dir='ltr'>in</span> <span class='ocrx_word' id='word_1_273' title='bbox 736 2188 889 2225; x_wconf 80' lang='lat' dir='ltr'>civitate</span> <span class='ocrx_word' id='word_1_274' title='bbox 924 2188 970 2224; x_wconf 90' lang='lat' dir='ltr'>C.</span> <span class='ocrx_word' id='word_1_275' title='bbox 996 2187 1148 2231; x_wconf 83' lang='lat' dir='ltr'>Catoni,</span> <span class='ocrx_word' id='word_1_276' title='bbox 1186 2187 1390 2225; x_wconf 81' lang='lat' dir='ltr'>clariffimo</span> <span class='ocrx_word' id='word_1_277' title='bbox 1422 2188 1517 2232; x_wconf 89' lang='lat' dir='ltr'>viro,</span> <span class='ocrx_word' id='word_1_278' title='bbox 1553 2187 1739 2225; x_wconf 86' lang='lat' dir='ltr'>consulari</span> <span class='ocrx_word' id='word_1_279' title='bbox 1771 2186 1939 2231; x_wconf 89' lang='lat' dir='ltr'>homini,</span> 
     </span>
     <span class='ocr_line' id='line_1_32' title="bbox 542 2253 1939 2305; baseline -0.003 -11"><span class='ocrx_word' id='word_1_280' title='bbox 542 2257 635 2296; x_wconf 77' lang='lat' dir='ltr'>H·S</span> <span class='ocrx_word' id='word_1_281' title='bbox 660 2267 774 2293; x_wconf 73' lang='lat' dir='ltr'>xvni</span> <span class='ocrx_word' id='word_1_282' title='bbox 801 2253 974 2291; x_wconf 86' lang='lat' dir='ltr'>millibus</span> <span class='ocrx_word' id='word_1_283' title='bbox 1007 2253 1052 2290; x_wconf 87' lang='lat' dir='ltr'>lis</span> <span class='ocrx_word' id='word_1_284' title='bbox 1074 2253 1251 2291; x_wconf 80' lang='lat' dir='ltr'>aestimata</span> <span class='ocrx_word' id='word_1_285' title='bbox 1278 2254 1348 2298; x_wconf 81' lang='lat' dir='ltr'>fit;</span> <span class='ocrx_word' id='word_1_286' title='bbox 1381 2255 1420 2291; x_wconf 89' lang='lat' dir='ltr'>in</span> <span class='ocrx_word' id='word_1_287' title='bbox 1452 2253 1584 2291; x_wconf 90' lang='lat' dir='ltr'>eadem</span> <span class='ocrx_word' id='word_1_288' title='bbox 1616 2253 1768 2291; x_wconf 80' lang='lat' dir='ltr'>civitate</span> <span class='ocrx_word' id='word_1_289' title='bbox 1788 2253 1939 2305; x_wconf 86' lang='lat' dir='ltr'>appari-</span> 
     </span>
     <span class='ocr_line' id='line_1_33' title="bbox 543 2317 1937 2363; baseline -0.004 -2"><span class='ocrx_word' id='word_1_290' title='bbox 543 2323 616 2361; x_wconf 90' lang='lat' dir='ltr'>tori</span> <span class='ocrx_word' id='word_1_291' title='bbox 637 2331 704 2359; x_wconf 88' lang='lat' dir='ltr'>tuo</span> <span class='ocrx_word' id='word_1_292' title='bbox 725 2319 795 2358; x_wconf 82' lang='lat' dir='ltr'>effe</span> <span class='ocrx_word' id='word_1_293' title='bbox 817 2318 1048 2363; x_wconf 68' lang='lat' dir='ltr'>concessum,</span> <span class='ocrx_word' id='word_1_294' title='bbox 1080 2328 1122 2356; x_wconf 92' lang='lat' dir='ltr'>ut</span> <span class='ocrx_word' id='word_1_295' title='bbox 1143 2320 1233 2357; x_wconf 84' lang='lat' dir='ltr'>H·S</span> <span class='ocrx_word' id='word_1_296' title='bbox 1258 2334 1334 2357; x_wconf 86' lang='lat' dir='ltr'>uno</span> <span class='ocrx_word' id='word_1_297' title='bbox 1356 2320 1512 2357; x_wconf 85' lang='lat' dir='ltr'>nomine</span> <span class='ocrx_word' id='word_1_298' title='bbox 1534 2318 1714 2356; x_wconf 85' lang='lat' dir='ltr'>tredecies</span> <span class='ocrx_word' id='word_1_299' title='bbox 1746 2317 1906 2356; x_wconf 88' lang='lat' dir='ltr'>auferret</span> <span class='ocrx_word' id='word_1_300' title='bbox 1925 2320 1937 2356; x_wconf 91' lang='lat'>?</span> 
     </span>
     <span class='ocr_line' id='line_1_34' title="bbox 544 2384 1937 2437; baseline -0.002 -11"><span class='ocrx_word' id='word_1_301' title='bbox 544 2389 653 2428; x_wconf 88' lang='lat' dir='ltr'>Hinc</span> <span class='ocrx_word' id='word_1_302' title='bbox 675 2387 738 2425; x_wconf 93' lang='lat' dir='ltr'>ille</span> <span class='ocrx_word' id='word_1_303' title='bbox 758 2386 809 2424; x_wconf 90' lang='lat' dir='ltr'>est</span> <span class='ocrx_word' id='word_1_304' title='bbox 830 2385 993 2424; x_wconf 83' lang='lat' dir='ltr'>annulus</span> <span class='ocrx_word' id='word_1_305' title='bbox 1015 2398 1160 2429; x_wconf 85' lang='lat' dir='ltr'>aureus,</span> <span class='ocrx_word' id='word_1_306' title='bbox 1197 2399 1275 2437; x_wconf 86' lang='lat' dir='ltr'>quo</span> <span class='ocrx_word' id='word_1_307' title='bbox 1297 2395 1336 2422; x_wconf 88' lang='lat' dir='ltr'>tu</span> <span class='ocrx_word' id='word_1_308' title='bbox 1360 2385 1472 2422; x_wconf 84' lang='lat' dir='ltr'>istum</span> <span class='ocrx_word' id='word_1_309' title='bbox 1495 2385 1533 2422; x_wconf 90' lang='lat' dir='ltr'>in</span> <span class='ocrx_word' id='word_1_310' title='bbox 1566 2384 1752 2422; x_wconf 88' lang='lat' dir='ltr'>concione</span> <span class='ocrx_word' id='word_1_311' title='bbox 1779 2384 1937 2424; x_wconf 88' lang='lat' dir='ltr'>donasti.</span> 
     </span>
     <span class='ocr_line' id='line_1_35' title="bbox 544 2449 1940 2505; baseline 0.001 -16"><span class='ocrx_word' id='word_1_312' title='bbox 544 2455 643 2505; x_wconf 39' lang='lat' dir='ltr'>Q*</span> <span class='ocrx_word' id='word_1_313' title='bbox 677 2463 739 2491; x_wconf 85' lang='lat' dir='ltr'>tua</span> <span class='ocrx_word' id='word_1_314' title='bbox 773 2452 925 2491; x_wconf 74' lang='lat' dir='ltr'>donatio</span> <span class='ocrx_word' id='word_1_315' title='bbox 959 2451 1136 2504; x_wconf 74' lang='lat' dir='ltr'>singulari</span> <span class='ocrx_word' id='word_1_316' title='bbox 1171 2450 1412 2504; x_wconf 84' lang='lat' dir='ltr'>impudentia</span> <span class='ocrx_word' id='word_1_317' title='bbox 1444 2449 1599 2503; x_wconf 80' lang='lat' dir='ltr'>praedita</span> <span class='ocrx_word' id='word_1_318' title='bbox 1616 2479 1626 2496; x_wconf 90' lang='lat'>,</span> <span class='ocrx_word' id='word_1_319' title='bbox 1673 2463 1769 2489; x_wconf 90' lang='lat' dir='ltr'>nova</span> <span class='ocrx_word' id='word_1_320' title='bbox 1804 2450 1940 2490; x_wconf 82' lang='lat' dir='ltr'>Siculis</span> 
     </span>
    </p>
   </div>
  </div>
 </body>
</html>
