2201 2792
680 123 1025 164 ACTIONIS
1066 125 1120 162 II.
1180 125 1389 163 LIBER
1420 126 1471 164 V.
1693 141 1771 181 455

381 241 474 266 cum
503 227 713 266 Cleomene
747 240 825 264 non
855 224 988 278 fugit,
1019 223 1212 278 oppressus
1247 237 1267 261 a
1302 225 1543 277 praedonibus
1574 236 1611 264 et
1641 238 1774 280 captus

380 294 458 332 est:
490 295 554 332 cui
574 293 768 332 calamitas
790 292 900 330 saluti
919 291 996 329 fuit
1016 306 1024 329 :
1058 291 1141 343 qui,
1164 291 1233 329 nifi
1254 300 1386 344 captus
1407 305 1427 328 a
1447 293 1577 344 piratis
1598 293 1700 338 effet,
1733 295 1775 331 in

379 359 487 398 hunc
507 361 726 413 praedonem
747 359 938 398 sociorum
958 358 1160 397 incidiffet.
1193 358 1311 396 Dicet
1331 359 1362 396 is
1384 372 1453 411 pro
1474 359 1707 404 testimonio,
1729 361 1775 397 de

379 426 554 464 miffione
573 435 791 471 nautarum,
820 426 866 464 de
885 424 1000 470 fame,
1034 424 1081 462 de
1101 424 1325 462 Cleomenis
1346 423 1452 476 fuga.
1485 424 1603 462 Adest
1624 426 1773 463 Centu-

379 493 526 546 ripinus
544 492 767 546 Phalargus,
782 493 822 530 in
843 491 1074 545 ampliffima
1092 491 1260 535 civitate,
1275 490 1508 543 ampliffimo
1528 491 1627 536 loco,
1647 501 1772 530 natus.

378 559 526 598 Eadem
548 560 643 597 dicit
658 578 670 604 3
703 559 810 597 nulla
829 559 869 596 in
890 572 929 596 re
948 557 1148 609 discrepat.

435 627 509 664 Per
527 627 634 664 Deos
653 624 893 663 immortales
912 623 920 660 l
952 623 1124 674 Judices,
1157 636 1237 674 quo
1256 622 1412 660 tandem
1443 624 1574 662 animo
1605 623 1739 662 sedetis
1760 627 1773 661 ?

378 701 444 730 aut
463 691 797 744 quemadmodum
818 689 988 727 auditis?
1021 690 1168 727 Utrum
1194 702 1268 740 ego
1287 689 1443 742 defipio,
1475 700 1514 727 et
1538 690 1626 743 plus
1656 705 1774 743 quam

378 758 464 796 satis
484 758 537 795 est
569 757 681 795 doleo
701 757 741 794 in
775 765 880 794 tanta
899 755 1115 793 calamitate
1135 754 1362 806 miseriaque
1383 754 1574 794 sociorum
1593 758 1605 794 ?
1639 770 1686 794 an
1707 771 1773 795 vos

378 837 535 876 quoque
555 822 621 861 hic
641 822 905 866 acerbiffimus
925 821 1195 859 innocentium
1216 821 1422 866 cruciatus,
1453 831 1491 859 et
1514 835 1670 866 moeror,
1693 824 1775 875 pari

377 890 484 928 sensu
504 890 645 928 doloris
665 889 784 927 afficit
803 889 816 925 ?
848 889 935 940 Ego
955 888 1061 925 enim
1091 901 1184 925 cum
1210 887 1498 932 Herbitensem,
1531 901 1624 926 cum
1644 889 1772 927 Hera-

377 956 572 1002 eliensem,
594 955 715 993 securi
739 954 810 993 effe
828 953 1048 1007 percuffum
1078 953 1180 998 dico,
1216 953 1382 992 versatur
1401 952 1501 991 mihi
1532 963 1618 992 ante
1639 955 1774 994 oculos

375 1023 585 1075 indignitas
605 1021 849 1060 calamitatis.

421 1089 593 1128 XLVII.
625 1089 826 1126 Eorumne
845 1087 1083 1141 populorum
1101 1087 1216 1132 cives,
1238 1099 1422 1124 eorumne
1442 1099 1622 1139 agrorum
1642 1087 1775 1125 alum«

377 1169 460 1201 nos,
482 1169 530 1194 ex
551 1155 691 1208 quibus
712 1155 884 1193 maxima
902 1155 957 1192 vis
989 1152 1176 1191 frumenti
1208 1153 1412 1205 quotanniS
1446 1153 1549 1205 plebi
1571 1154 1770 1198 Romanae,

376 1221 535 1260 illorum
561 1222 686 1274 operis
720 1235 763 1259 ac
797 1220 1007 1264 laboribus,
1044 1220 1254 1272 quaeritur3
1286 1220 1353 1271 qui
1385 1232 1405 1256 a
1438 1220 1674 1271 parentibus,
1709 1219 1773 1272 spe

375 1288 493 1326 nostri
526 1287 695 1341 imperii,
729 1287 939 1339 nostraeque
970 1287 1173 1338 aequitatis,
1207 1286 1368 1337 suscepti
1397 1286 1625 1337 educatique
1657 1286 1769 1330 sunt;

375 1355 423 1392 ad
435 1355 483 1392 C.
499 1354 628 1392 Verris
644 1352 830 1391 nefariam
850 1352 1150 1396 immanitatem,
1168 1361 1205 1389 et
1220 1351 1265 1389 ad
1282 1352 1312 1402 ej
1321 1364 1362 1388 us
1378 1351 1547 1388 securem
1564 1350 1769 1395 funestam,

376 1421 448 1460 effe
467 1421 659 1459 servatos?
692 1421 799 1458 Cum
831 1418 930 1457 mihi
951 1419 1206 1470 Tyndaritani
1238 1418 1343 1456 illius
1375 1418 1480 1456 venit
1507 1418 1548 1455 in
1582 1429 1769 1463 mentem,

377 1502 470 1526 cum
491 1487 694 1539 Segestani,
721 1496 806 1523 tum
821 1486 909 1537 jura
929 1485 1041 1522 fimul
1063 1485 1278 1528 civitatum,
1301 1493 1415 1536 atque
1435 1484 1575 1528 officia,
1597 1485 1770 1522 conside-

376 1568 431 1592 ro.
465 1555 571 1604 Qas
592 1553 703 1590 urbes
725 1553 769 1590 P.
793 1550 1000 1589 Africanus
1021 1553 1136 1588 etiam
1157 1550 1340 1588 ornandas
1363 1550 1433 1587 effe
1451 1550 1578 1603 spoliis
1598 1549 1770 1589 hostiurn

375 1621 578 1658 arbitratus
613 1619 678 1663 est,
710 1631 768 1656 eas
790 1618 838 1655 C.
862 1618 998 1655 Verres
1031 1631 1109 1655 non
1144 1616 1268 1654 solum
1303 1616 1380 1653 illis
1414 1618 1663 1662 ornamentis,
1709 1618 1770 1655 sed

376 1687 493 1723 etiam
514 1685 604 1722 viris
626 1683 884 1727 nobiliffimis,
916 1682 1059 1720 nefario
1082 1682 1218 1720 scelere
1238 1681 1414 1734 privavit.
1448 1683 1509 1719 En
1530 1683 1635 1734 quod
1656 1685 1769 1734 Tyn-

376 1751 537 1789 daritani
557 1750 721 1787 libenter
740 1749 948 1801 praedicent
967 1762 975 1785 :
998 1749 1076 1786 Nos
1092 1748 1128 1785 in
1135 1746 1381 1800 stptemdecim
1394 1747 1534 1798 populis
1554 1748 1684 1785 Sicilia>
1702 1763 1770 1786 non

376 1831 516 1855 eramus
531 1832 544 1854 .·
576 1817 797 1868 nosstnsper,
826 1815 862 1852 in
880 1813 1035 1852 omnibus
1055 1814 1205 1851 Punicis
1235 1812 1529 1864 Sicilielss'bzqffe
1548 1812 1655 1857 bellas,
1676 1814 1768 1851 ami-

376 1884 496 1922 citiam
511 1883 689 1935 fidemque
710 1882 836 1934 populi
860 1881 1015 1920 Romani
1027 1881 1151 1933 secuti
1163 1881 1291 1932 finnus
1305 1892 1319 1914 :
1347 1894 1370 1917 a
1390 1879 1485 1917 nobis
1515 1880 1629 1917 omnia
1641 1881 1773 1932 populo

376 1951 694 2002 Rommzastnzper,
717 1958 751 1987 et
771 1948 853 1986 belli
867 1947 1084 1998 αφ’ῖιιηιήία,
1107 1957 1141 1984 et
1154 1947 1258 1998 pacis
1276 1955 1499 1989 ornamenta,
1521 1945 1770 1999 admzbzstratcz

359 2018 467 2070 sunt.
515 2016 695 2053 Multum
719 2028 805 2053 vero
826 2013 907 2052 haec
928 2013 988 2051 his
1003 2014 1089 2065 jura
1111 2012 1337 2065 profuerunt
1358 2013 1397 2050 in
1418 2012 1523 2050 istius
1546 2013 1710 2065 imperio
1727 2027 1769 2051 ac

375 2081 572 2135 potestate.

430 2148 583 2185 vestros
605 2147 802 2199 quondam
838 2155 968 2183 nautas
990 2155 1122 2183 contra
1154 2143 1431 2196 Carthaginem
1468 2144 1596 2196 Scipio
1627 2144 1765 2182 duxit:

375 2224 412 2252 at
446 2227 549 2251 nunc
582 2226 690 2250 naves
722 2221 853 2250 contra
874 2212 1067 2264 praedones
1095 2224 1192 2263 pene
1223 2211 1352 2248 inanes
1386 2210 1613 2248 Cleomenes
1645 2210 1765 2246 ducit.

378 2280 590 2318 Vobiscum
614 2278 818 2317 Africanus
840 2277 1010 2316 hostium
1030 2277 1162 2329 spolia,
1195 2286 1232 2314 et
1251 2276 1407 2328 praemia
1426 2276 1561 2319 laudis,
1583 2287 1766 2311 commu-

376 2346 544 2384 nicavit:
578 2354 614 2383 at
635 2358 739 2383 nunc
760 2358 825 2396 per
857 2357 919 2382 me
940 2343 1103 2396 spoliati,
1135 2356 1230 2380 nave
1264 2356 1283 2379 a
1315 2340 1556 2393 praedonibus
1591 2339 1765 2385 abdufta,

376 2411 445 2462 ipsi
479 2412 519 2447 in
554 2410 724 2448 hostium
757 2424 918 2448 numero
953 2409 1117 2461 locoque
1143 2407 1353 2446 ducemini.
1413 2404 1520 2456 Qid
1551 2418 1638 2442 vero
1657 2405 1669 2441 ?
1702 2406 1768 2443 illa

377 2476 679 2528 Segestanorum,
716 2489 793 2514 non
821 2475 946 2514 solum
976 2474 1095 2512 literis
1119 2473 1253 2511 tradita
1271 2500 1281 2516 ,
1314 2484 1436 2522 neque
1467 2481 1768 2508 commemorata
