2201 2792
642 98 986 137 ACTIONIS
1029 99 1082 137 11.
1143 100 1352 138 LIBER
1384 102 1434 140 V.
1650 105 1727 157 463

341 196 491 241 retenti,
513 196 619 248 quod
648 204 877 234 mercatores
909 196 1074 248 spoliati,
1108 196 1356 235 dicerentur?
1388 199 1443 235 At
1472 211 1544 250 ego
1566 207 1730 236 retentos

340 275 418 300 non
435 276 599 315 queror:
622 262 801 315 spoliatos
821 261 1025 300 ferendum
1045 271 1168 316 puto:
1193 264 1368 309 navibus,
1387 265 1606 317 mancipiis,
1628 279 1730 302 mer—

340 327 451 366 cibus
471 328 682 381 ademptis,
714 328 754 366 in
775 327 930 366 vincula
949 329 1139 380 conjectos
1160 327 1232 366 effe
1253 338 1494 374 mercatores,
1516 338 1554 367 et
1584 329 1625 367 in
1645 330 1731 367 vin-

339 393 438 431 culis
458 394 560 432 cives
580 395 780 432 Romanos
800 402 951 432 necatos
971 393 1056 438 esse,
1077 407 1210 447 arguo.

396 460 434 497 Si
454 459 536 498 haec
556 460 657 513 apud
677 459 835 512 Scythas
857 460 1022 499 dicerem
1037 489 1048 505 ,
1085 474 1164 498 non
1183 459 1249 498 hic
1280 461 1320 498 in
1352 468 1456 499 tanta
1481 460 1734 500 multitudine

339 525 488 564 civium
523 526 808 570 Romanorum,
839 539 917 563 non
951 526 1052 579 apud
1085 526 1269 564 senatores
1301 526 1520 565 leffiffimos
1552 526 1732 571 civitatis,

341 604 419 629 non
440 591 480 628 in
497 590 583 629 foro
601 591 738 644 populi
758 591 943 636 Romani,
975 591 1021 628 de
1043 600 1100 629 tot
1126 600 1164 629 et
1192 601 1271 629 tam
1293 591 1437 630 acerbis
1458 592 1653 645 suppliciis
1674 593 1734 630 ci—

339 657 449 695 vium
470 658 740 696 Romanorum
756 675 769 702 ;
800 666 930 695 tamen
950 656 1099 695 animos
1119 658 1235 696 etiam
1257 657 1504 697 barbarorum
1525 657 1734 697 hominum

339 736 618 776 permoverem.
651 723 779 761 Tanta
805 723 912 761 enim
931 721 1048 775 hujus
1081 724 1235 776 imperii
1266 724 1497 776 amplitudo,
1529 733 1634 763 tanta
1661 738 1734 763 no-

339 789 456 827 minis
478 789 650 828 Romani
671 789 837 841 dignitas
857 789 910 826 est
934 789 1036 842 apud
1055 803 1190 828 omnes
1211 790 1396 835 nationes,
1420 799 1463 828 ut
1483 790 1550 828 ista
1581 791 1621 828 in
1644 790 1732 828 nos-

338 863 416 893 tros
438 854 615 892 homines
636 855 841 892 crudelitas
862 855 1011 893 nemini
1031 855 1200 894 concessa
1218 856 1402 894 videatur.
1436 856 1549 894 Num
1569 869 1641 909 ego
1662 856 1734 894 tibi

338 921 460 959 ullam
480 921 639 959 salutem
655 950 666 966 ,
699 922 825 960 ullum
847 921 1070 975 perfugium
1084 951 1096 968 ,
1127 932 1279 976 putem,
1315 937 1407 961 cum
1428 931 1466 960 te
1487 923 1734 976 implicatum

338 987 533 1026 severitate
560 988 767 1040 judicum,
801 989 1114 1027 circumretitum
1134 988 1349 1042 frequentia
1380 989 1515 1042 populi
1536 990 1733 1034 Romani.

338 1053 409 1092 effe
429 1053 578 1092 videam
594 1054 607 1090 ?

383 1121 421 1158 Si
443 1119 698 1165 mehercules,
721 1121 760 1159 id
781 1121 885 1176 quod
906 1121 987 1160 fieri
1009 1135 1085 1160 non
1107 1121 1207 1175 posse
1227 1121 1418 1175 intelligo,
1440 1135 1487 1161 ex
1507 1121 1568 1161 his
1589 1122 1733 1175 laqueis

338 1195 375 1224 te
394 1187 556 1231 exueris,
578 1200 620 1224 ac
640 1196 677 1224 te
697 1187 825 1239 aliqua
845 1188 904 1225 via
923 1201 965 1225 ac
985 1188 1129 1226 ratione
1146 1188 1346 1240 explicaris
1356 1207 1367 1233 ς
1390 1189 1429 1226 in
1450 1188 1533 1226 illas
1555 1189 1627 1226 tibi
1647 1202 1732 1226 ma-

331 1253 433 1304 jores
454 1252 581 1305 plagas
603 1252 854 1290 incidendum
876 1253 941 1298 est,
956 1254 997 1291 in
1018 1254 1160 1305 quibus
1180 1263 1216 1291 te
1234 1254 1280 1292 ab
1296 1254 1430 1292 eodem
1452 1267 1528 1299 me,
1544 1254 1734 1307 superiore

336 1331 385 1355 ex
405 1317 505 1362 loco,
528 1317 669 1356 confici
688 1327 726 1355 et
746 1318 898 1356 concidi
920 1318 1063 1356 necesse
1083 1319 1149 1357 est.
1183 1320 1260 1356 Cui
1281 1319 1307 1356 fi
1327 1319 1443 1357 etiam
1463 1319 1516 1364 id,
1539 1319 1645 1372 quod
1664 1321 1733 1357 de-

337 1383 476 1429 fendit,
498 1384 617 1422 velim
637 1384 845 1423 concedere
861 1403 873 1429 5
897 1394 1025 1422 tamen
1045 1385 1111 1423 illa
1131 1385 1210 1438 ipsa
1229 1385 1395 1423 defenfio
1415 1399 1493 1424 non
1513 1386 1642 1424 minus
1664 1385 1734 1424 effe

337 1450 372 1488 ei
392 1450 612 1503 perniciosa,
646 1464 763 1502 quam
787 1464 870 1488 mea
890 1464 974 1488 vera
1001 1451 1202 1496 accusatio,
1226 1451 1374 1489 debeat.
1409 1451 1518 1502 Qid
1537 1452 1642 1490 enim
1665 1452 1733 1489 de-

337 1516 490 1555 fendit?
521 1531 568 1555 ex
589 1517 777 1569 Hispania
796 1516 987 1568 fugientes
1010 1517 1044 1554 se
1065 1516 1265 1569 excepisse,
1291 1527 1329 1555 et
1349 1518 1539 1570 supplicio
1559 1518 1732 1564 affeciffe,

338 1583 446 1621 dicit.
471 1584 571 1634 Qis
594 1583 667 1621 tibi
687 1583 725 1620 id
747 1583 918 1635 permisit
937 1584 948 1619 ?
977 1597 1055 1634 quo
1086 1584 1125 1621 id
1150 1585 1237 1636 jure
1258 1583 1408 1622 fecisti?
1439 1585 1525 1637 quis
1547 1585 1653 1623 idem
1672 1584 1732 1623 fe·

337 1650 391 1687 cit
408 1649 419 1686 ?
443 1650 512 1701 qui
533 1650 606 1687 tibi
625 1649 665 1687 id
684 1648 806 1687 facere
825 1649 938 1686 licuit
954 1650 967 1686 ?

393 1716 540 1754 Forum
560 1715 737 1768 plenum,
769 1724 807 1753 et
826 1715 1011 1760 basilicas,
1044 1715 1204 1753 istorum
1235 1714 1445 1754 hominum
1472 1716 1662 1762 videmus,
1694 1726 1732 1755 et

337 1782 468 1819 animo
488 1794 598 1834 aequo
617 1781 808 1819 videmus.
833 1781 969 1819 Civilis
990 1782 1096 1819 enim
1118 1781 1364 1826 diffenfionis,
1387 1791 1424 1820 et
1445 1782 1518 1820 five
1539 1783 1729 1828 amentiae,

336 1847 411 1885 five
430 1846 514 1893 fati,
550 1846 612 1884 seu
639 1846 881 1891 calamitatis,
910 1860 988 1884 non
1018 1847 1070 1885 est
1101 1847 1166 1885 iste
1187 1847 1366 1885 molestus
1398 1848 1552 1885 exitus:
1584 1848 1624 1885 in
1652 1862 1732 1900 quo

337 1913 506 1965 reliquos
527 1912 659 1950 saltem
680 1913 781 1950 cives
802 1911 1018 1950 incolumes
1039 1913 1130 1950 licet
1151 1912 1381 1951 conservare.
1402 1913 1553 1958 Verres,
1577 1913 1643 1951 ille
1663 1928 1730 1951 ve·

337 1989 399 2017 tus
419 1979 593 2031 proditor
613 1978 807 2023 Consulis,
828 1978 1022 2017 transsator
1042 1978 1250 2031 quaesturae,
1271 1979 1414 2017 aversor
1434 1980 1607 2032 pecuniae
1627 1980 1731 2032 pub-

337 2045 434 2090 licae,
457 2053 609 2082 tantum
629 2045 700 2083 fibi
719 2045 954 2083 auctoritatis
986 2046 1027 2083 in
1059 2045 1257 2098 republica
1289 2045 1466 2098 suscepit,
1499 2055 1556 2091 ut,
1589 2047 1731 2098 quibus

337 2110 567 2150 hominibus
600 2123 668 2163 per
698 2110 884 2155 senatum,
916 2124 981 2162 per
1008 2111 1200 2163 populum
1228 2111 1469 2157 Romanum,
1502 2126 1568 2165 per
1596 2126 1730 2151 omnes

338 2175 594 2228 magistratus,
614 2175 654 2212 in
672 2173 771 2220 foro,
793 2176 833 2213 in
856 2174 1056 2228 suffragiis,
1074 2176 1114 2213 in
1134 2174 1205 2213 hac
1227 2176 1334 2221 urbe,
1353 2177 1391 2214 in
1413 2177 1623 2230 republica,
1645 2191 1728 2215 ver—

338 2241 406 2279 sari
426 2241 571 2286 liceret,
594 2241 640 2279 iis
660 2242 844 2280 omnibus
865 2249 1033 2279 mortem
1053 2242 1228 2280 acerbam
1245 2242 1522 2295 crudelemque
1537 2255 1728 2295 propone—

338 2317 408 2352 ret,
430 2308 457 2346 fi
476 2306 631 2346 fortuna
649 2321 713 2347 eos
735 2308 780 2346 ad
801 2308 969 2361 aliquam
991 2317 1138 2362 partem
1161 2308 1300 2347 Siciliae
1320 2309 1523 2347 detuliffet.

364 2373 428 2411 Ad
442 2374 517 2411 Cn.
535 2375 784 2427 Pompeium,
800 2374 1049 2414 clariffimum
1064 2374 1190 2414 virum
1203 2384 1240 2414 et
1253 2374 1516 2420 fortiffimum,
1528 2374 1728 2427 permulti,

421 2439 487 2476 To
499 2451 550 2476 M.
573 2439 645 2478 IV.
1291 2439 1331 2476 N
1353 2453 1377 2477 n
1399 2453 1423 2477 n
