2201 2792
603 262 950 305 ACTIONIS
981 263 1035 303 II.
1094 263 1305 303 LIBER
1342 265 1396 303 ΙΙ.
1628 279 1703 304 2⁶*-

1657 296 1701 320 ὸ.)

300 374 391 405 cum
412 364 550 404 citatus
571 364 699 410 effem,
731 379 810 403 non
831 363 977 409 adeffe3
1010 378 1079 403 cur
1100 362 1261 402 Sthenio
1281 377 1359 402 non
1381 362 1519 417 putasti
1537 364 1706 416 prodesse

299 440 488 485 oportere,
514 445 607 470 cum
627 433 708 484 ejus
729 431 923 470 accusator
940 445 1018 469 non
1038 429 1200 469 affuiffet
1219 431 1231 467 ?
1265 431 1400 482 Itaque
1420 429 1528 475 fecit,
1560 439 1603 468 ut
1623 432 1706 468 exi-

299 506 360 536 tus
381 499 573 551 prIncipio
593 497 813 537 simillimus
835 498 1074 551 reperiretur.
1108 497 1239 548 Qem
1259 495 1456 534 absentem
1476 509 1585 534 reum
1603 495 1707 533 fece-

290 573 370 609 rat,
393 578 484 602 eum
506 564 657 603 absente
677 564 891 602 accusatore
911 564 1156 602 condemnat.

355 631 466 669 XLI.
499 630 766 669 Nuntiabatur
785 631 844 668 illi
862 630 998 683 primis
1020 630 1098 668 illis
1121 628 1360 682 temporibus
1392 628 1445 673 id,
1479 628 1583 680 quod
1604 637 1709 681 pater

301 709 457 748 quoque
478 696 524 734 ad
543 709 634 734 eum
650 696 827 749 pluribus
843 696 968 734 verbis
990 695 1194 748 scripserat,
1212 695 1392 746 agitatam
1411 708 1491 732 rem
1509 694 1578 731 effe
1595 694 1635 731 in
1652 693 1708 732 se-

301 771 420 806 natu;
453 763 570 800 etiam
602 764 642 800 in
674 763 863 801 concione
884 763 1088 800 tribunum
1120 761 1243 814 plebis
1275 761 1322 798 de
1342 761 1451 798 causa
1471 759 1619 798 Sthenii
1642 761 1702 798 M.

295 830 529 869 'Palicanum
561 830 633 869 effe
653 830 856 883 questum:
888 830 1080 883 postremo
1111 842 1175 868 me
1205 829 1333 882 ipsum
1363 828 1465 881 apud
1498 828 1711 881 collegium

301 895 379 935 hoc
400 898 646 936 tribunorum
676 897 816 951 plebis,
849 910 941 936 cum
971 911 1107 935 eorum
1128 897 1310 935 omnium
1336 896 1461 934 edieto
1482 908 1559 932 non
1581 895 1712 933 liceret

299 976 543 1016 quemquam
575 965 713 1003 Romae
748 963 844 1009 effe,
889 964 957 1016 qui
991 963 1046 1002 rei
1076 962 1249 1016 capitalis
1283 962 1561 1001 condemnatus
1596 960 1710 1006 effet,

301 1030 418 1083 egiffe
448 1031 598 1068 causam
619 1029 769 1068 Sthenii
785 1049 797 1075 ;
829 1044 922 1068 curn
958 1043 1040 1068 rem
1075 1030 1128 1068 ita
1158 1028 1425 1082 exposuissem,
1455 1027 1712 1081 quemadmo-

304 1097 401 1135 dum
423 1111 527 1136 nunc
548 1097 649 1150 apud
675 1110 754 1142 vos,
786 1096 1073 1149 docuissemque
1093 1094 1194 1134 hanc
1214 1095 1504 1134 damnationem
1525 1094 1615 1132 duci
1635 1107 1713 1132 non

304 1172 505 1215 oportere3
529 1164 704 1201 tribunos
721 1163 846 1215 plebis
866 1162 942 1201 hoc
963 1162 1140 1207 statuisse,
1158 1162 1274 1214 idque
1294 1161 1340 1199 de
1360 1161 1541 1200 omnium
1561 1159 1713 1198 senten-

307 1230 360 1266 tia
390 1230 686 1282 pronuntiatum
719 1228 804 1274 effe,
836 1230 921 1268 Μή
952 1228 1072 1267 videri
1100 1228 1285 1268 Sthenium
1315 1227 1480 1281 impediri
1498 1227 1619 1272 edic‘h,
1650 1240 1717 1280 quo

300 1295 422 1334 minus
440 1296 475 1334 ei
488 1297 611 1335 lt'ceret
630 1296 754 1334 Romae
772 1295 843 1349 effla

305 1380 309 1381 ⁷
364 1363 471 1400 Cum
502 1361 584 1400 haec
615 1361 662 1399 ad
689 1361 806 1400 istum
840 1360 1084 1406 referrentur,
1118 1360 1252 1399 timuit
1279 1360 1499 1413 aliquando,
1534 1367 1571 1397 et
1605 1372 1716 1396 com-

260 1425 265 1428 *
307 1436 439 1466 motus
459 1428 526 1467 est.
558 1428 686 1466 Vertit
712 1427 854 1480 stylum
875 1428 916 1466 in
937 1427 1079 1466 tabulis
1100 1427 1174 1466 suis
1192 1442 1201 1465 :
1235 1441 1312 1480 quo
1332 1426 1434 1465 facto
1456 1425 1607 1464 causam
1628 1439 1717 1463 om-

305 1505 401 1534 'nem
419 1496 556 1534 evertit
582 1495 717 1534 suam:
750 1494 851 1533 nihil
871 1495 977 1533 enirn
1005 1495 1075 1532 fibi
1109 1494 1251 1547 reliqui
1285 1493 1394 1538 fecit,
1424 1492 1529 1545 quod
1564 1490 1719 1530 defendi

309 1562 438 1614 aliqua
459 1562 604 1600 ratione
624 1561 756 1614 posset.
790 1561 910 1606 Nam,
943 1561 967 1599 fi
989 1561 1042 1599 ita
1063 1559 1298 1605 defenderet,
1330 1559 1450 1612 recipi
1477 1571 1621 1597 nomen
1649 1557 1718 1595 ab·

265 1621 273 1628 ’
312 1628 426 1666 sentis
448 1628 568 1672 licet;
600 1627 675 1665 hoc
696 1626 779 1665 fieri
799 1628 839 1664 in
860 1627 1058 1679 provincia
1078 1626 1184 1664 nulla
1203 1626 1266 1663 lex
1286 1634 1388 1663 vetat
1407 1640 1416 1663 :
1449 1625 1550 1662 mala
1573 1633 1611 1662 et
1641 1625 1720 1662 im-

313 1693 433 1746 proba
464 1691 696 1736 defenfione,
733 1705 867 1729 verum
899 1692 1025 1743 aliqua
1047 1700 1174 1728 tamen
1197 1691 1254 1728 uti
1275 1691 1479 1728 videretur.
1524 1690 1720 1727 Postremo

312 1759 383 1797 illo
403 1758 699 1812 desperatissimo
730 1757 908 1811 perfugio
937 1758 994 1795 uti
1014 1757 1146 1810 poffet,
1180 1757 1214 1794 se
1246 1756 1534 1809 imprudentem
1565 1754 1718 1798 feciffe;

312 1825 537 1865 existimasse
568 1825 607 1863 id
628 1825 756 1863 licere.
790 1826 1026 1877 Qanquam
1062 1823 1143 1862 haec
1172 1824 1423 1876 perditiffima
1452 1821 1619 1860 defensio
1653 1822 1719 1866 est,

313 1901 445 1930 tamen
467 1891 613 1944 aliquid
635 1891 712 1929 dici
733 1891 936 1929 videretur.
970 1891 1099 1928 Tollit
1128 1904 1175 1928 ex
1197 1890 1336 1928 tabulis
1358 1890 1411 1935 id,
1435 1888 1540 1942 quod
1561 1897 1653 1933 erat,
1685 1894 1723 1925 et

314 1958 422 2004 facit,
445 1972 575 1997 coram
596 1958 768 1996 delatum
790 1957 874 1997 esse.

371 2027 502 2064 XLII.
535 2026 618 2063 Hic
649 2025 789 2070 videte,
820 2026 861 2063 in
896 2033 993 2078 quot
1013 2024 1048 2062 se
1082 2024 1237 2076 laqueos
1271 2022 1453 2067 induerit,
1490 2035 1656 2074 quorum
1678 2034 1725 2059 ex

317 2091 428 2129 nullo
455 2091 490 2129 se
511 2104 684 2142 unquam
705 2091 893 2143 expediet.
928 2092 1107 2128 Primum
1138 2090 1178 2127 in
1201 2089 1330 2127 Sicilia
1349 2089 1443 2142 saepe
1462 2098 1499 2126 et
1519 2089 1645 2142 palam
1679 2087 1724 2125 de

318 2158 406 2196 loco
427 2157 618 2210 superiore
639 2156 799 2202 dixerat,
830 2166 868 2195 et
889 2158 928 2194 in
946 2157 1118 2194 sermone
1139 2156 1274 2195 multis
1296 2155 1584 2199 demonstrarat,
1613 2154 1725 2192 licere

318 2237 463 2263 nomen
498 2225 666 2276 recipere
686 2223 849 2262 absentis
866 2241 877 2268 ;
909 2223 945 2261 se
977 2223 1157 2277 exemplo
1188 2221 1315 2261 fecisse
1345 2222 1397 2267 id,
1429 2221 1535 2274 quod
1564 2219 1723 2258 fecisset.

319 2291 418 2329 Haec
448 2304 539 2328 eum
571 2289 753 2328 dictitasse
786 2289 912 2343 priore
946 2290 1106 2334 actione,
1138 2298 1176 2327 et
1208 2289 1294 2328 Sex.
1324 2288 1534 2341 Pompeius
1556 2284 1723 2322 Chlorus

320 2357 434 2402 dixit,
468 2357 514 2395 de
534 2357 646 2409 cujus
679 2356 835 2394 virtute
854 2365 964 2394 antea
983 2355 1301 2398 commemoravi,
1333 2362 1371 2391 et
1403 2354 1478 2391 Cn.
1517 2349 1725 2401 Pompeius

321 2422 578 2469 Theodorus,
612 2422 734 2462 homo
767 2425 843 2462 Cn.
866 2424 1059 2476 Pompeii,
1091 2421 1285 2461 clariffirni
1317 2419 1412 2462 viri,
1439 2416 1604 2470 judicio,
1636 2416 1725 2469 plu-

323 2488 430 2526 rimis
452 2490 710 2542 maximisque
731 2490 770 2527 in
792 2490 904 2528 rebus
936 2488 1235 2542 probatiffimUS‚
1266 2494 1303 2522 et
1329 2484 1510 2522 omnium
1531 2481 1727 2520 existima-

323 2553 430 2591 tione
450 2555 720 2600 ornatiffimus‚
751 2564 789 2593 et
821 2555 972 2594 Posides
993 2555 1125 2592 Matro
1156 2551 1391 2595 Solentinus,
1425 2547 1546 2587 homo
1580 2548 1729 2586 summa

326 2620 543 2666 nobilitate,
578 2622 878 2667 existimatione,
908 2622 1080 2661 virtute:
1113 2628 1150 2657 et
1177 2617 1248 2657 hac
1281 2619 1427 2656 actione
1449 2615 1566 2669 quam
1593 2614 1728 2653 voletis

1290 2685 1425 2736 ng
