2201 2792
576 143 922 185 ACTIONIS
953 143 1007 183 II.
1066 143 1278 183 LIBER
1314 144 1368 183 ΙΙ.
1603 145 1681 198 263

273 245 517 300 primarium,
539 258 658 298 quem
678 244 914 298 reperiebam
937 243 1164 296 magistrum
1184 243 1295 281 fuiffe
1314 256 1359 281 eo
1379 242 1460 296 ipso
1479 257 1593 289 anno,
1615 245 1685 297 qui

274 311 374 350 mihi
394 311 565 350 maxime
581 311 806 364 quaerendus
824 319 916 355 erat,
938 311 1112 363 primum
1132 309 1234 348 veni.
1260 310 1355 347 Sane
1375 308 1529 347 homini
1550 320 1684 362 praeter

271 378 496 431 opinionem
517 376 726 430 improviso
746 377 880 414 incidi.
913 378 1109 415 Scrutatus
1129 375 1212 413 sum
1241 389 1327 428 quae
1347 375 1472 428 potui,
1507 384 1545 413 et
1575 389 1682 427 quae-

271 443 339 481 fivi
372 443 534 482 omnia:
567 444 698 482 inveni
731 443 827 481 duos
859 443 956 481 solos
987 442 1141 481 libellos
1176 442 1223 480 ab
1256 443 1304 480 L.
1329 441 1518 480 Canuleio
1553 441 1683 480 missos

269 509 381 549 sociis
402 524 449 548 ex
480 520 594 564 portu
615 510 801 562 Syracusis
821 525 830 548 ε
862 511 903 548 in
924 510 1066 563 quibus
1098 518 1177 547 erat
1207 509 1304 547 ratio
1324 509 1463 562 scripta
1492 508 1684 546 mensium

269 576 551 629 complurium,
582 590 712 614 rerum
741 585 1031 628 exportatarum
1058 575 1166 613 istius
1197 575 1357 613 nomine
1391 575 1467 612 fine
1493 575 1680 627 portorio.

269 643 405 694 Itaque
439 642 635 695 obsignavi
666 642 807 680 statim.
851 643 973 680 Erant
1006 641 1090 680 haec
1124 655 1171 680 ex
1202 655 1246 679 eo
1280 654 1432 694 genere,
1475 641 1579 693 quod
1611 654 1683 693 ego

267 709 438 747 maxime
470 722 592 761 genus
626 722 674 746 ex
708 708 900 746 sociorum
929 708 1050 746 literis
1085 707 1248 761 reperire
1277 707 1512 760 cupiebam;
1544 720 1680 745 verum

267 783 422 812 tantum
455 774 600 820 inveni,
633 774 818 826 Judices,
863 774 967 827 quod
1002 773 1104 827 apud
1135 787 1202 812 vos
1236 774 1339 826 quas]
1368 773 1539 826 exempli
1573 773 1682 811 causa

262 840 434 893 ¹proferre
454 839 614 894 poffem.
660 840 732 878 Sed
753 850 895 886 tamen,
923 840 1116 893 quidquid
1136 840 1208 878 erit
1228 840 1268 877 in
1289 839 1349 878 his
1370 839 1526 884 libellis,
1554 853 1680 892 quan-

266 907 554 960 tulumcunque
574 906 769 945 videbitur
788 906 874 952 effe,
908 906 984 945 hoc
1005 906 1165 959 quidem
1185 915 1287 944 certe
1309 904 1557 944 manifestum
1577 906 1649 944 erit
1667 920 1677 944 ε

266 972 314 1011 de
339 974 484 1011 caeteris
518 987 565 1011 ex
596 972 672 1011 hoc
706 974 967 1025 conjeeturam
997 972 1121 1011 facere
1155 973 1360 1011 debebitis.
1392 972 1529 1010 Recita
1561 971 1678 1018 mihi,

266 1039 406 1091 quaeso,
427 1038 533 1078 hunc
549 1040 724 1092 primum
744 1039 953 1084 libellum;
976 1039 1114 1077 deinde
1133 1039 1249 1077 illum
1270 1039 1448 1077 alterum.
1482 1039 1675 1077 L1BELL1

267 1106 518 1143 CANULEH.
554 1106 642 1156 Jam
677 1119 754 1143 non
790 1119 932 1157 quaero,
964 1105 1065 1143 unde
1087 1117 1198 1143 cccc
1220 1103 1425 1157 amphoras
1457 1103 1585 1142 mellis
1606 1104 1677 1142 ha-

264 1171 410 1217 bueris,
432 1172 532 1209 unde
552 1180 703 1209 tantum
725 1171 1010 1216 Melitensium,
1041 1171 1143 1209 unde
1174 1171 1458 1223 quinquaginta
1483 1170 1677 1209 triclinio-

265 1251 354 1276 rum
388 1238 523 1282 leetos,
559 1237 661 1275 unde
694 1246 752 1275 tot
786 1237 1012 1275 candelabra
1030 1252 1039 1276 :
1082 1251 1176 1282 non,
1204 1238 1382 1289 inquam,
1412 1238 1494 1288 jam
1531 1251 1675 1289 quaero,

264 1304 366 1343 unde
384 1304 466 1344 haec
486 1303 664 1343 habueris
680 1323 693 1350 :-
726 1304 788 1342 sed
808 1318 886 1357 quo
907 1305 980 1342 tibi
1001 1313 1155 1342 tantum
1175 1317 1272 1357 opus
1293 1302 1424 1348 fuerit,
1456 1303 1496 1341 id
1530 1317 1676 1356 quaero,

258 1371 390 1410 -Mitto
410 1372 456 1410 de
477 1371 620 1411 melle:
653 1371 716 1410 sed
746 1380 949 1410 tantumne
976 1371 1260 1415 Melitensium,
1291 1371 1394 1423 quasi
1426 1371 1543 1408 etiam
1574 1372 1675 1409 ami—

262 1451 402 1478 corum
433 1452 583 1484 uxores,
619 1447 773 1477 tantum
795 1438 997 1484 leecorum,
1029 1438 1133 1491 quasi
1160 1438 1278 1477 etiam
1304 1437 1485 1476 omnium
1513 1437 1677 1476 istorum

260 1505 385 1552 villas,
406 1516 606 1545 ornaturus
627 1505 716 1544 esses
733 1507 746 1544 ?

316 1573 484 1611 LXXV.
519 1574 623 1611 Cum
644 1572 726 1611 haec
746 1586 960 1626 paucorum
980 1572 1172 1610 mensium
1193 1571 1288 1610 ratio
1309 1571 1348 1610 in
1370 1570 1430 1610 his
1450 1571 1594 1609 libellis
1613 1571 1678 1616 sit,

261 1637 390 1683 facite,
414 1648 455 1677 ut
477 1639 584 1677 vobis
607 1639 762 1677 triennii
784 1639 901 1676 totius
922 1638 1048 1676 veniat
1079 1638 1119 1676 in
1141 1647 1328 1676 mentem.
1362 1638 1424 1675 Sic
1451 1638 1671 1682 contend03

261 1717 308 1742 ex
329 1704 390 1743 his
411 1705 536 1758 parvis
570 1704 714 1742 libellis
748 1704 849 1757 apud
870 1718 994 1742 unum
1026 1704 1252 1756 magistrum
1281 1703 1470 1742 societatis
1496 1704 1670 1755 repertis,

259 1783 327 1810 vos
341 1772 424 1823 jam
442 1771 660 1824 conjectura
675 1770 813 1824 afl'equi
830 1770 946 1823 posse,
968 1770 1184 1822 cujusmodi
1197 1770 1326 1822 praedo
1346 1769 1412 1807 iste
1432 1769 1472 1807 in
1493 1769 1558 1806 illa
1578 1783 1669 1822 pro-

260 1838 385 1876 vincia
404 1837 547 1883 fuerit;
580 1852 698 1891 quam
730 1838 872 1875 multas
894 1837 1138 1890 cupiditates,
1171 1849 1264 1888 quas
1284 1837 1416 1880 varias,
1438 1848 1556 1887 quam
1578 1835 1669 1873 infi-

259 1903 356 1941 nitas
395 1902 571 1942 habuerit
590 1921 602 1947 ;
650 1912 836 1955 quantam
879 1902 1086 1955 pecuniam
1121 1915 1199 1939 non
1236 1901 1362 1938 solum
1397 1910 1637 1938 numeratam
1656 1930 1671 1945 ‚

258 1982 393 2007 verum
414 1970 528 2007 etiarn
551 1968 774 2020 hujusmodi
796 1970 836 2007 in
858 1969 970 2006 rebus
997 1968 1174 2021 positam,
1197 1966 1430 2006 confecerit:
1454 1981 1538 2019 quae
1559 1967 1670 2005 vobis

259 2034 334 2072 alio
354 2035 440 2072 loco
462 2035 611 2087 planius
632 2035 942 2087 explicabuntur.

314 2102 434 2140 Nunc
456 2101 530 2138 hoc
561 2102 761 2139 attendite.
795 2102 870 2138 His
902 2100 1248 2154 exportationibus,
1273 2114 1358 2152 quae
1378 2100 1543 2138 recitatae
1564 2100 1667 2143 sunt,

258 2167 389 2206 scribit
411 2168 502 2206 H-S
527 2181 581 2205 Lx
604 2167 722 2206 socios
754 2166 954 2220 perdidisse
985 2181 1032 2205 ex
1064 2167 1243 2205 vicesima
1271 2167 1431 2219 portorii
1463 2166 1664 2218 Syracusis,

258 2234 438 2273 Pauculis
466 2234 583 2286 igitur
604 2235 810 2278 mensibus,
843 2243 886 2271 ut
906 2233 948 2271 hi
979 2233 1119 2286 pufilli,
1151 2242 1188 2271 et
1218 2233 1437 2285 contempti
1458 2232 1580 2269 libelli
1602 2232 1665 2268 in-

257 2301 400 2346 dicant,
422 2300 524 2338 furta
545 2301 734 2345 Praetoris,
758 2314 843 2352 quae
864 2299 980 2337 essent
1000 2300 1092 2338 H-S
1114 2299 1332 2343 duodecies,
1355 2312 1401 2335 ex
1424 2311 1500 2335 uno
1521 2297 1664 2348 oppido

257 2366 336 2405 solo
354 2376 549 2419 exportata
569 2367 668 2404 suut.
703 2363 882 2418 Cogitate
903 2379 1021 2410 nunc,
1051 2379 1143 2403 curn
1165 2365 1231 2402 illa
1250 2365 1294 2402 fit
1314 2364 1395 2400 haze
1415 2362 1550 2405 insula,
1578 2375 1664 2413 quae

258 2432 427 2483 undique
447 2433 572 2470 exitus
605 2433 820 2470 maritimos
842 2431 991 2476 habeat,
1028 2431 1122 2482 quid
1154 2444 1200 2467 ex
1232 2429 1375 2466 caeteris
1398 2428 1491 2465 locis
1521 2441 1662 2478 expor-

258 2505 379 2535 tatum
410 2499 580 2550 putetis3
614 2498 708 2551 quid
731 2499 958 2551 Agrigento,
993 2497 1088 2549 quid
1115 2495 1303 2546 Lilybaeo,
1337 2494 1431 2547 quid
1454 2495 1663 2536 panormo,
