2201 2792
507 250 582 303 236
929 250 1018 288 IN
1093 250 1473 289 VERREM

502 347 619 385 multi
639 347 782 392 dicent,
813 355 850 385 et
884 349 1016 400 quiex
1044 349 1112 386 isto
1145 349 1224 401 ipso
1253 349 1456 394 audierint,
1487 348 1557 386 viri
1571 348 1750 402 primarii
1781 347 1899 386 nostri

502 413 674 458 ordini33
706 422 744 451 et
773 413 851 457 alii,
883 414 951 465 qui
971 413 1229 458 interfuerint,
1261 428 1353 451 cum
1389 415 1550 452 absentis
1581 428 1723 452 nomen
1750 414 1897 466 recipe-

503 488 617 517 retur.
651 479 802 517 Deinde
822 480 973 523 Romae,
1004 493 1093 516 cum
1115 493 1171 517 res
1192 479 1279 517 effet
1297 481 1375 517 aeta
1407 481 1445 517 in
1467 480 1609 525 senatu,
1637 493 1769 518 omnes
1790 479 1896 516 istius

501 546 644 589 amici;
677 546 715 582 in
736 544 796 582 his
818 546 932 582 etiam
954 554 1058 597 pater
1075 546 1168 596 ejus,
1191 544 1266 583 hoc
1288 544 1513 583 defendebat
1533 546 1646 583 licere
1666 545 1771 582 fieri:
1804 545 1898 596 saepe

501 611 571 648 effe
592 610 737 648 faetum
755 625 764 648 ε
796 610 925 656 istum,
958 611 1063 662 quod
1082 610 1241 656 feciffet,
1262 611 1424 648 aliorum
1445 611 1624 663 exemplo
1645 610 1897 661 institutoque

500 675 642 715 fecifl'e.

553 743 664 781 Dicit
684 752 859 796 praeterea
880 743 1143 783 testimonium
1164 753 1243 782 tota
1263 745 1390 783 Sicilia
1408 760 1417 783 :
1438 759 1536 798 quae,
1558 744 1598 782 in
1618 741 1897 783 communibus

500 809 698 861 postulatis
729 810 930 848 civitatum
966 812 1159 856 omnium,
1188 811 1420 849 Consulibus
1452 811 1585 856 edidit,
1619 823 1749 863 rogare
1780 817 1896 860 atque

498 888 602 912 orare
634 883 755 927 patres
790 875 1038 928 conscriptos,
1077 886 1119 913 ut
1152 876 1370 921 statuerent,
1407 890 1453 914 ne
1488 876 1703 914 absentium
1737 874 1897 912 nomina

498 941 772 992 reciperentur.
806 941 896 992 Qa
915 941 960 977 de
980 955 1017 978 re
1044 943 1120 978 Cn.
1143 942 1372 986 Lentulum,
1403 951 1611 994 patronum
1642 940 1793 984 Siciliae,
1815 938 1895 976 cla-

498 1005 687 1044 riflimum
707 1006 1000 1051 adolescentem,
1019 1007 1142 1044 dicere
1163 1008 1315 1045 audistis
1332 1026 1343 1052 ;
1378 1007 1540 1052 Siculos,
1562 1021 1653 1044 cum
1674 1006 1709 1044 se
1728 1005 1894 1052 causam,

497 1086 582 1124 quae
602 1087 671 1125 pro
690 1071 751 1110 his
773 1073 841 1110 s1bi
860 1073 899 1110 in
920 1073 1049 1111 senatu
1070 1073 1212 1125 agenda
1243 1073 1342 1118 effet,
1373 1074 1566 1118 docerent,
1594 1073 1640 1111 de
1661 1071 1810 1111 Sthenii
1829 1085 1894 1110 ca-

496 1138 667 1177 lamitate
700 1139 849 1191 questos
870 1139 968 1184 effe3
1000 1149 1232 1192 propterque
1264 1139 1363 1177 hanc
1390 1140 1584 1191 injuriam,
1617 1153 1701 1191 quae
1736 1137 1895 1177 Sthenio

495 1204 594 1243 facta
613 1206 713 1250 effet,
735 1219 798 1243 eos
821 1205 995 1250 statuisse,
1018 1215 1074 1250 ut,
1097 1206 1202 1258 quod
1222 1206 1323 1250 dico,
1346 1206 1610 1257 postularetur.

553 1272 651 1323 Qae
671 1285 764 1309 cum
786 1271 838 1308 ita
858 1270 999 1315 essent„
1020 1280 1172 1308 tantane
1192 1272 1358 1308 amentia
1379 1271 1572 1323 praeditus,
1605 1279 1719 1323 atque
1739 1270 1894 1308 audacia

495 1336 614 1381 fuisti,
647 1347 690 1374 ut
710 1337 750 1374 in
772 1349 810 1374 re
831 1345 910 1374 tam
938 1336 1050 1381 clara,
1082 1345 1161 1374 tarn
1194 1337 1336 1382 testata,
1367 1346 1446 1374 tam
1468 1338 1532 1375 abs
1555 1346 1591 1374 te
1624 1337 1705 1390 ipso
1735 1336 1892 1389 pervul-

495 1412 593 1455 gata,
631 1402 776 1440 tabulas
807 1402 979 1455 publicas
1001 1416 1245 1455 corrumpere
1264 1403 1449 1441 auderes?
1481 1405 1536 1441 At
1561 1402 1893 1455 quemadmodum

495 1468 725 1521 corrupisti?
757 1481 884 1506 nonne
913 1469 978 1513 ita,
1016 1477 1072 1513 ut,
1109 1469 1292 1507 omnibus
1328 1469 1439 1506 nobis
1474 1469 1702 1513 tacentibus,
1734 1468 1820 1520 ipsae
1854 1476 1892 1505 te

494 1545 568 1574 tua:
599 1535 737 1573 tabulae
768 1535 1023 1573 condemnare
1053 1535 1230 1588 poffent?
1263 1536 1415 1585 Qaeso,
1447 1536 1623 1573 codicem
1652 1533 1886 1579 circumfer,

493 1601 659 1640 ostende.
693 1600 889 1638 Videtisne
908 1610 1035 1638 totum
1057 1599 1132 1638 hoc
1153 1614 1311 1645 nomen,
1343 1614 1472 1639 coram
1494 1602 1561 1639 ubi
1590 1601 1683 1638 facit
1703 1600 1889 1644 delatum,

492 1667 562 1706 effe
582 1668 622 1705 in
640 1667 776 1705 litura?
798 1667 906 1717 Qid
926 1666 1002 1704 fuit
1022 1666 1104 1704 istic
1124 1676 1233 1715 antea
1252 1667 1438 1720 scriptum
1455 1668 1468 1704 ?
1491 1667 1595 1719 quod
1616 1666 1803 1705 mendum
1823 1665 1891 1704 ista

493 1734 605 1771 litura
632 1733 825 1771 correxit?
858 1733 966 1783 Qid
998 1746 1017 1770 a
1052 1732 1177 1778 nobis,
1213 1733 1384 1784 Judices,
1415 1733 1637 1786 exspectatis
1667 1740 1891 1786 argumenta

492 1798 830 1852 hujuscriminis?
863 1797 962 1836 nihil
994 1799 1187 1837 dicimus:
1221 1798 1360 1837 tabulae
1391 1799 1538 1837 suntin
1565 1799 1706 1843 medio,
1737 1812 1820 1849 quae
1854 1798 1891 1835 se

491 1873 686 1917 corruptas
718 1873 831 1915 atque
862 1864 1046 1900 interlitas
1077 1863 1147 1900 effe
1177 1864 1358 1901 clamant.
1397 1865 1458 1901 Ex
1478 1864 1554 1901 istis
1575 1864 1692 1901 etiam
1713 1872 1755 1900 tu
1776 1863 1889 1900 rebus

491 1930 658 1982 effugere
692 1938 728 1966 te
762 1928 862 1981 posse
898 1928 1060 1967 confidis
1074 1957 1085 1974 ,
1127 1942 1219 1966 cum
1254 1938 1291 1966 te
1326 1942 1394 1967 nos
1430 1943 1506 1966 non
1540 1929 1723 1981 opinione
1756 1928 1887 1973 dubia,

491 1996 554 2034 sed
575 1996 649 2033 tuis
671 1994 835 2046 vestigiis
856 1994 1138 2046 persequamur,
1153 2008 1237 2047 quae
1259 2004 1301 2032 tu
1321 1995 1361 2032 in
1377 1995 1517 2033 tabulis
1537 1995 1705 2048 publicis
1725 1994 1890 2047 expreffa

489 2075 530 2099 ac
552 2060 715 2098 recentia
734 2059 950 2111 reliquisti?
982 2060 1018 2097 Is
1050 2059 1151 2097 mihi
1180 2060 1298 2098 etiam
1321 2058 1527 2098 Sthenium
1558 2060 1684 2099 literas
1711 2060 1885 2113 publicas

492 2126 709 2179 corrupisse,
741 2125 848 2163 causa
874 2126 1084 2178 incognita,
1110 2127 1353 2178 judicaverit,
1385 2127 1453 2179 qui
1488 2126 1688 2165 defendere
1718 2140 1796 2165 non
1816 2141 1888 2179 po-

492 2193 621 2236 tuerit,
652 2192 686 2230 se
720 2205 797 2229 non
830 2205 875 2229 ex
896 2191 1011 2243 ipfius
1034 2190 1181 2230 Sthenii
1212 2193 1371 2230 nomine
1402 2192 1527 2231 literas
1560 2193 1734 2246 publicas
1753 2206 1887 2230 corru-

492 2258 582 2311 piffe
601 2259 613 2295 ?

531 2325 682 2363 XLIII.
705 2323 845 2362 Videte
865 2337 978 2376 porro
998 2323 1110 2362 aliam
1131 2324 1366 2363 dementiam
1384 2340 1393 2363 :
1416 2325 1555 2369 videte,
1577 2332 1634 2368 ut,
1655 2324 1749 2361 dum
1771 2337 1887 2376 expe-

490 2391 570 2428 dire
599 2390 671 2428 sese
702 2389 797 2434 vult,
830 2389 976 2427 induat.
1011 2390 1264 2442 Cognitorem
1295 2390 1472 2428 adscribit
1505 2389 1675 2427 Sthenio.
1720 2390 1884 2441 Qem?

490 2464 700 2508 cognatum
721 2455 906 2507 aliquem,
933 2464 997 2493 aut
1024 2456 1315 2507 propinquum?
1345 2469 1436 2493 non.
1482 2454 1886 2502 Thermitanumjali-

491 2535 624 2573 quem,
646 2520 847 2558 honestum
869 2520 1071 2558 hominem
1091 2534 1132 2558 ac
1154 2520 1352 2558 nobilem?
1375 2534 1421 2558 ne
1442 2520 1481 2558 id
1502 2521 1675 2572 quidem.
1699 2522 1753 2558 At
1775 2521 1886 2558 Sicu-

492 2587 589 2633 lum,
612 2587 651 2625 in
673 2600 751 2640 quo
771 2586 908 2638 aliquis
930 2585 1106 2639 splendor
1126 2586 1364 2639 dignitasque
1383 2585 1472 2625 effct
1490 2587 1502 2624 ?
1535 2587 1712 2626 minime.
1755 2587 1886 2638 Qem
