2201 2792
713 176 1254 218 DIVINATIO.
1620 197 1695 236 119

248 275 251 279 ”
288 281 493 323 offenfione
511 278 757 318 contendere.
786 279 882 319 Non
902 279 1023 325 enirn,
1043 280 1190 334 inquit,
1210 280 1310 319 illud
1329 289 1433 334 peto,
1454 283 1558 334 quod
1579 283 1694 330 soleo,

288 362 379 388 cum
399 345 667 386 vehementius
687 346 886 392 contendi,
918 346 1125 400 impetrare
1140 366 1153 393 3
1187 360 1271 386 reus
1293 356 1336 386 ut
1356 347 1585 393 absolvatur,
1617 363 1696 389 non

286 424 400 470 peto:
432 413 496 452 sed
516 422 558 452 ut
577 412 624 451 ab
644 411 720 452 hoc
740 413 887 466 potius,
905 427 1025 466 quam
1045 414 1092 452 ab
1112 413 1183 452 illo
1199 414 1408 460 accusetur,
1437 415 1477 453 id
1496 424 1601 468 peto.
1636 417 1697 453 Da

285 480 387 521 mihi
405 479 481 519 hoc
500 495 510 519 ε
541 479 723 525 concede,
753 479 859 532 quod
878 478 992 518 facile
1012 480 1078 527 est,
1106 480 1214 533 quod
1232 479 1455 526 honestum,
1483 481 1588 534 quod
1618 495 1696 519 non

284 546 548 586 invidiosum:
581 546 686 599 quod
714 559 806 584 cum
828 545 990 591 dederis,
1026 546 1102 584 fine
1122 546 1204 584 ullo
1225 555 1293 585 tuo
1312 547 1502 600 periculo,
1537 547 1614 585 fine
1633 548 1697 585 in-

284 612 405 653 famia
423 613 523 651 illud
542 613 704 658 dederis,
726 621 771 651 ut
789 612 821 651 is
842 613 1070 659 absolvatur,
1093 614 1203 666 cujus
1224 627 1296 666 ego
1316 614 1425 652 causa
1443 615 1586 652 laboro.

341 681 396 718 Et
414 681 467 718 ait
486 680 606 724 idem,
632 689 676 718 ut
703 679 842 732 aliquis
862 689 990 718 metus
1011 680 1213 733 adjunctus
1234 680 1280 718 fit
1299 681 1346 718 ad
1365 681 1542 734 gratiam,
1574 690 1698 720 certos

284 746 358 786 effe
376 747 418 785 in
438 747 611 792 confilio,
634 747 776 799 quibus
808 746 956 786 ostendi
987 747 1146 786 tabellas
1166 748 1273 786 velit.
1319 748 1364 786 Id
1395 748 1467 786 effe
1487 747 1667 801 perfacile
1683 767 1696 793 ς

286 827 365 852 non
390 813 498 852 enim
529 814 698 867 fingulos
728 813 827 853 ferre
861 814 1081 860 sententias,
1113 814 1177 852 sed
1211 814 1404 853 universos
1439 815 1669 853 constituere
1687 829 1697 853 ε

287 888 451 919 ceratam
471 880 687 933 unicuique
721 880 903 919 tabellam
937 881 1019 919 dari
1049 881 1133 919 cera
1154 881 1344 934 legitima,
1376 895 1454 919 non
1475 881 1543 918 illa
1561 880 1699 919 infami

287 958 330 982 ac
350 945 505 983 nefaria.
528 947 661 997 Atque
682 947 713 984 is
732 961 809 985 non
830 955 910 985 tam
931 956 1086 1000 propter
1098 947 1260 986 Verrem
1277 948 1437 993 laborat,
1459 961 1576 1000 quam
1594 947 1699 1000 quod

288 1023 378 1048 eum
397 1011 562 1048 minime
581 1024 638 1048 res
658 1019 740 1049 tota
763 1013 938 1051 delcetat.
967 1014 1086 1051 Videt
1103 1014 1224 1058 enIm,
1247 1015 1273 1052 fi
1289 1028 1310 1052 a
1328 1014 1456 1067 pueris
1482 1014 1697 1058 nobilibus,

289 1089 386 1129 quos
407 1075 533 1114 adhuc
567 1077 703 1122 elufit;
736 1077 762 1115 fi
794 1091 814 1116 a
834 1078 1213 1132 quadruplatoribus,
1248 1093 1344 1130 quos
1376 1093 1454 1117 non
1486 1080 1561 1117 fine
1591 1079 1699 1117 causa

288 1143 520 1194 contempfit
540 1141 702 1194 semper,
723 1157 766 1180 ac
792 1157 862 1196 pro
882 1143 1009 1182 nihilo
1028 1145 1194 1196 putavit,
1226 1145 1427 1183 accusandi
1456 1145 1630 1184 voluntas
1652 1145 1699 1183 ad

287 1207 386 1246 viros
405 1207 538 1253 fortes,
559 1207 819 1261 spe&at0sque
838 1207 1018 1247 homines
1041 1209 1215 1247 transsata
1233 1211 1291 1255 s1t,
1327 1211 1363 1248 se
1383 1211 1423 1248 in
1445 1211 1605 1264 judiciis
1626 1212 1698 1249 do-

286 1273 425 1313 minari
446 1287 524 1312 non
545 1273 660 1327 posse.

340 1341 457 1379 VIII.
490 1341 602 1379 Huic
631 1354 702 1394 ego
722 1340 876 1380 homini
901 1343 985 1394 jam
1016 1352 1104 1381 ante
1123 1342 1325 1388 denuntio,
1358 1343 1384 1381 fi
1417 1357 1436 1381 a
1455 1357 1518 1381 me
1548 1343 1698 1382 causam

248 1412 252 1415 ’
285 1404 386 1445 hanc
407 1419 473 1444 vos
493 1408 555 1458 agi
575 1407 788 1452 volueritis,
822 1408 1009 1448 rationem
1031 1409 1090 1447 illi
1112 1408 1343 1448 defendendi
1364 1419 1487 1448 totam
1507 1409 1579 1448 effe
1606 1425 1697 1449 mu-

286 1472 457 1517 tandam,
479 1480 517 1510 et
537 1472 590 1510 ita
610 1480 739 1510 tamen
760 1473 1003 1519 mutandam,
1025 1484 1069 1512 ut
1088 1475 1249 1512 meliore
1267 1485 1304 1513 et
1324 1474 1540 1514 honestiore
1560 1477 1697 1515 condi-

284 1539 392 1577 tione
411 1538 468 1584 fit,
487 1551 606 1591 quam
626 1551 702 1590 qua
721 1538 798 1591 ipse
819 1537 891 1577 effe
911 1540 1020 1585 vult;
1044 1549 1087 1578 ut
1107 1540 1284 1578 imitetur
1303 1540 1482 1580 homines
1502 1555 1580 1587 eos,
1600 1556 1698 1595 quos

285 1604 364 1657 ipse
383 1605 481 1642 vidit
500 1604 770 1658 ampliffimOS,
801 1606 850 1643 L.
870 1605 1060 1651 Crafi‘um,
1083 1616 1121 1645 et
1140 1607 1205 1645 M.
1228 1608 1476 1654 Antonium5
1509 1609 1577 1661 qui
1598 1608 1699 1647 nihil

287 1669 323 1708 se
343 1669 575 1707 arbitrantur
594 1669 640 1706 ad
665 1669 827 1721 judicia,
864 1671 1066 1722 causasque
1087 1672 1319 1717 amicorum,
1353 1683 1489 1725 praeter
1522 1673 1641 1711 fidem
1660 1682 1699 1712 et

287 1735 505 1788 ingenium,
525 1734 658 1772 afferre
678 1743 868 1788 oportere.
893 1735 1009 1774 Nihil
1029 1736 1114 1782 erit,
1137 1736 1258 1788 quod,
1280 1751 1343 1775 me
1363 1747 1512 1789 agente,
1533 1739 1696 1777 arbitre-

286 1810 350 1840 tur
362 1801 561 1854 judicium
582 1801 659 1839 fine
679 1814 822 1853 magno
841 1802 1059 1840 multorum
1079 1803 1252 1855 periculo
1271 1802 1374 1856 poffe
1393 1804 1605 1857 corrumpi.

341 1867 429 1920 Ego
450 1867 491 1904 in
512 1866 590 1904 hoc
603 1866 756 1919 judicio
776 1866 877 1905 mihi
898 1868 1120 1906 Siculorum
1140 1868 1293 1907 causam
1318 1879 1527 1922 receptam,
1560 1869 1698 1923 populi

287 1934 459 1972 Romani
479 1933 690 1986 susceptam
708 1933 778 1972 effe
798 1934 984 1974 arbitror:
1007 1944 1050 1973 ut
1068 1934 1170 1973 mihi
1185 1949 1263 1973 non
1285 1949 1384 1974 unus
1405 1935 1526 1974 homo
1546 1937 1696 1989 impro-

288 1999 359 2038 bus
390 2000 669 2053 opprImendus
703 2001 762 2046 fit,
798 2000 839 2038 id
870 2001 976 2053 quod
1007 2001 1128 2040 Siculi
1159 2002 1401 2055 petiverunt,
1444 2002 1506 2040 sed
1535 2004 1698 2041 omnino

289 2066 418 2103 omnis
449 2066 693 2118 improbitas,
729 2066 769 2104 id
790 2067 895 2118 quod
930 2067 1097 2120 populus
1118 2068 1321 2106 Romanus
1336 2069 1418 2120 jam
1441 2068 1507 2106 diu
1535 2068 1695 2121 flagitat,

288 2131 549 2184 extinguenda
569 2140 684 2183 atque
704 2132 864 2170 delenda
883 2133 941 2171 fit.
988 2134 1034 2171 In
1055 2148 1133 2186 quo
1153 2147 1225 2186 ego
1246 2135 1341 2186 quid
1370 2135 1479 2180 eniti,
1512 2144 1576 2173 aut
1601 2134 1697 2187 quid

287 2197 439 2236 efficere
458 2198 611 2250 poffim,
629 2197 731 2236 malo
752 2199 791 2236 in
810 2199 975 2238 aliorum
997 2200 1059 2253 spe
1078 2201 1308 2254 relinquere,
1332 2214 1450 2253 quam
1467 2202 1507 2239 in
1527 2202 1696 2240 oratione

287 2277 373 2303 mea
391 2278 548 2317 ponere.

344 2331 411 2368 Tu
432 2344 532 2376 vero,
565 2330 713 2376 Caecili,
751 2330 846 2383 quid
875 2340 983 2384 potes
1004 2332 1016 2369 ?
1048 2346 1127 2385 quo
1160 2342 1349 2386 tempore,
1382 2341 1446 2369 aut
1480 2343 1554 2382 qua
1583 2329 1624 2367 in
1655 2343 1695 2368 re

290 2408 367 2434 non
387 2397 505 2434 modo
526 2397 718 2449 specimen
739 2398 882 2435 caeteris
904 2398 1061 2450 aliquod
1091 2399 1240 2443 dedisti,
1276 2398 1338 2435 sed
1361 2406 1440 2433 tute
1462 2396 1518 2433 tui
1539 2396 1694 2448 pericu-

291 2459 376 2498 lum
394 2461 517 2500 fecisti
536 2464 548 2499 ?
581 2464 626 2500 In
646 2472 822 2501 mentem
843 2464 915 2502 tibi
937 2478 1013 2501 non
1035 2466 1154 2507 venit,
1186 2464 1280 2515 quid
1302 2462 1447 2513 negotii
1469 2461 1513 2499 fit
1543 2462 1692 2500 causam

290 2525 493 2578 publicam
512 2527 721 2567 sustinere?
753 2530 873 2568 vitam
907 2529 1060 2568 alterius
1083 2538 1203 2568 totam
1230 2528 1434 2581 explicare,
1466 2538 1580 2581 atque
1609 2541 1692 2565 eam
