2201 2792
405 153 458 193 72
928 138 1284 177 ORATIO

406 238 578 290 Judices.
614 238 803 290 Magnam
823 237 919 283 vim,
952 252 1133 291 magnam
1153 239 1425 284 necestitatem,
1449 253 1629 293 magnam
1649 241 1810 295 poffidet

407 306 636 358 religionem
657 313 850 356 paternus,
867 305 1137 357 maternusque
1156 305 1330 358 sanguis:
1355 320 1400 344 ex
1418 321 1495 358 quo
1516 308 1541 345 s1
1563 321 1638 360 qua
1657 309 1809 347 macula

406 380 594 425 concepta
612 370 678 415 est,
710 384 787 409 non
818 370 936 408 modo
956 371 1033 408 elui
1069 385 1147 410 non
1166 373 1300 424 potest,
1331 386 1466 411 verum
1496 373 1616 425 usque
1646 388 1690 412 eo
1719 388 1808 427 per-

407 446 538 476 manat
557 438 604 475 ad
623 437 814 482 animum,
837 445 880 474 ut
901 436 1074 476 summus
1095 437 1201 476 furor
1222 448 1336 491 atque
1353 440 1520 477 amentia
1539 439 1806 492 consequatur.

407 505 545 543 Nolite
565 504 671 541 enim
691 512 837 556 putare,
869 503 1202 554 quemadmodum
1231 505 1272 542 in
1301 504 1442 543 fabulis
1470 505 1728 559 saepenumero
1747 507 1808 545 vi-

407 571 520 615 detis,
551 584 628 614 eos,
660 570 728 622 qui
758 569 904 621 aliquid
936 569 1056 622 impie
1089 570 1340 623 scelerateque
1366 572 1642 618 commiserint,
1674 573 1810 625 agitari

406 646 445 676 et
463 636 663 690 perterreri
684 636 887 673 Furiarum
909 635 1014 674 taedis
1043 637 1276 677 ardentibus.
1328 639 1401 676 Sua
1420 652 1616 691 quemque
1636 637 1737 676 fraus
1771 647 1810 676 et

407 704 496 741 suus
516 711 636 740 terror
656 702 826 739 maxime
845 710 956 740 vexat
974 717 982 740 :
1015 701 1128 740 suum
1150 717 1345 756 quemque
1366 704 1485 743 scelus
1506 705 1638 757 agitat,
1673 718 1810 742 amen-

405 770 536 822 tiaque
555 769 696 806 afficit:
730 768 801 806 suae
821 768 929 806 malae
950 769 1215 821 cogitationes,
1252 770 1571 824 conscientiaeque
1590 771 1711 809 animi
1731 780 1808 809 ter-

404 844 505 873 rent.
548 836 624 873 Hae
655 834 741 871 sunt
776 834 908 886 impiis
943 835 1091 873 affiduae
1124 836 1418 889 domesticaeque
1439 838 1578 882 Furiae,
1611 851 1697 890 quae
1730 837 1808 874 dies

404 900 611 952 noetesque
630 908 833 952 parentum
853 913 984 952 poenas
1004 914 1024 937 a
1044 901 1408 940 consceleratiffimis
1428 901 1518 940 filiis
1539 912 1725 955 repetant.

461 967 560 1004 Haec
582 965 811 1018 magnitudo
831 965 1011 1002 maleficii
1038 965 1145 1010 facit,
1167 976 1224 1011 ut,
1246 968 1315 1004 nisi
1336 981 1432 1018 pene
1453 966 1701 1005 manifestum
1720 980 1808 1019 par-

406 1032 589 1071 ricidium
623 1030 851 1084 proferatur,
883 1031 1067 1068 credibile
1098 1045 1176 1068 non
1206 1032 1278 1069 fit:
1310 1031 1379 1069 nifi
1400 1033 1521 1085 turpis
1541 1033 1807 1078 adolescentia,

405 1099 475 1137 nifi
495 1097 678 1135 omnibus
699 1096 854 1148 flagitiis
875 1097 954 1134 vita
972 1096 1184 1149 inquinata,
1200 1097 1267 1135 nifi
1289 1097 1464 1149 sumptus
1481 1097 1588 1136 effufi
1608 1111 1701 1136 cum
1716 1103 1811 1150 pro-'-

405 1164 474 1202 bro
508 1172 623 1215 atque
657 1161 853 1206 dedecore,
884 1162 953 1199 nifi
984 1171 1168 1213 prorupta
1202 1162 1370 1206 audacia,
1416 1163 1485 1200 nis1
1518 1171 1621 1200 tanta
1650 1163 1808 1201 temeri-

403 1239 474 1274 tas,
506 1238 550 1266 ut
581 1241 659 1266 non
695 1226 829 1278 procul
850 1225 1051 1264 abhorreat
1084 1228 1131 1264 ab
1152 1227 1307 1265 insania.
1356 1227 1530 1266 Accedat
1559 1227 1638 1267 huc
1658 1238 1809 1282 oportet

403 1295 541 1334 odium
571 1292 753 1346 parentiS,
779 1291 1113 1330 animadverfionis
1133 1302 1296 1345 paternae
1317 1302 1457 1339 metus,
1484 1294 1601 1332 amici
1621 1295 1808 1347 improbi,

404 1361 499 1401 servi
519 1360 676 1404 conscii,
697 1368 851 1411 tempus
886 1358 1086 1404 idoneum,
1122 1359 1229 1398 locus
1250 1370 1466 1413 opportune
1496 1371 1629 1414 captus
1656 1362 1703 1399 ad
1722 1375 1808 1400 eam

404 1441 488 1467 rem
505 1442 514 1465 t
561 1440 658 1479 pene
691 1425 834 1469 dicam,
870 1424 1046 1477 respersas
1080 1439 1216 1464 manus
1252 1426 1431 1479 sanguine
1468 1436 1626 1479 paterno
1655 1427 1807 1479 judices

404 1493 558 1531 videant
582 1500 747 1544 oportet,
777 1491 802 1528 fi
824 1499 976 1528 tantum
995 1490 1158 1535 facinus,
1187 1500 1266 1530 tam
1286 1493 1470 1537 immane,
1501 1502 1587 1531 tum
1608 1493 1806 1539 acerbum,

405 1559 587 1598 credituri
607 1558 693 1595 fint.
743 1558 873 1608 Qare
902 1556 992 1602 hoc,
1024 1571 1102 1610 quo
1133 1558 1262 1596 minus
1283 1558 1335 1596 est
1355 1559 1550 1604 credibile,
1586 1559 1655 1597 nifi
1680 1558 1806 1598 osten-

404 1625 535 1668 ditur;
568 1637 612 1662 eo
632 1623 755 1675 magis
774 1621 839 1667 est,
870 1623 897 1661 fi
917 1623 1174 1668 convincitur,
1196 1624 1485 1664 vindicandum.

457 1690 590 1729 XXV.
623 1690 757 1740 Itaque
787 1703 879 1726 cum
900 1690 1035 1727 multis
1056 1702 1103 1727 ex
1134 1690 1245 1728 rebus
1276 1690 1444 1743 intelligi
1474 1691 1610 1744 potest,
1645 1692 1807 1744 majores

402 1756 548 1795 nostros
582 1769 660 1794 non
694 1754 812 1793 modo
842 1755 957 1793 armis
991 1756 1095 1808 plus,
1131 1770 1249 1808 quam
1279 1766 1428 1795 caeteras
1449 1758 1638 1803 nationes,
1671 1771 1806 1796 verum

402 1823 521 1861 etiam
541 1821 713 1866 confilio,
732 1821 990 1874 sapientiaque
1008 1821 1170 1874 potuiffe
1182 1841 1194 1866 ;
1217 1831 1304 1860 tum
1324 1836 1371 1860 ex
1391 1822 1462 1860 hac
1483 1836 1521 1860 re
1540 1823 1601 1860 vel
1620 1823 1805 1868 maxime,

404 1888 510 1941 quod
526 1888 567 1926 in
583 1887 725 1939 impios
743 1887 929 1938 singulare
946 1887 1181 1939 supplicium
1196 1887 1437 1926 invenerunt.
1470 1888 1559 1939 Qa
1574 1888 1614 1926 in
1631 1901 1669 1925 re
1681 1901 1807 1940 quan-

403 1964 491 1992 tum
524 1952 727 2006 prudentia
759 1952 999 2004 praestiterint
1024 1953 1085 1997 iis,
1124 1953 1193 2004 qui
1227 1953 1328 2005 apud
1359 1962 1513 1992 caeteros
1548 1954 1808 2007 sapientiffimi

402 2019 513 2058 fuiffe
533 2018 729 2062 dicuntur,
751 2017 993 2056 conliderate.
1026 2018 1321 2056 Prudentiffima
1341 2019 1474 2058 civitas
1494 2018 1805 2065 Athenienfium,

403 2086 500 2124 dum
520 2099 562 2123 ea
580 2098 709 2122 rerum
730 2085 851 2137 potita
872 2085 937 2129 est,
968 2083 1078 2122 fuiffe
1109 2085 1284 2123 traditur.
1317 2086 1412 2138 Ejus
1433 2100 1547 2139 porro
1565 2087 1729 2125 civitatis
1750 2087 1806 2125 sa-

403 2151 684 2205 pientiffimum
705 2150 886 2189 Solonem
906 2151 1041 2189 dicunt
1060 2150 1185 2196 fuiffe,
1206 2165 1311 2197 eum,
1333 2153 1402 2204 qui
1422 2153 1538 2205 leges,
1566 2153 1710 2205 quibus
1730 2152 1806 2191 ho-

403 2218 465 2256 die
484 2231 639 2271 quoque
657 2226 833 2262 utuntur,
848 2217 1048 2270 scripserit.
1072 2218 1108 2256 Is
1129 2232 1222 2256 curn
1237 2219 1546 2271 interrogaretur,
1564 2232 1632 2257 cur
1650 2218 1808 2257 nullum

403 2285 639 2337 supplicium
670 2283 918 2323 constituisset
939 2284 979 2321 in
1000 2296 1104 2328 eum,
1138 2285 1205 2336 qui
1226 2293 1424 2338 parentem
1444 2284 1617 2329 necaffet,
1649 2284 1804 2337 respon-

403 2350 474 2393 dit,
506 2350 541 2388 se
561 2350 601 2388 id
620 2350 819 2388 neminem
839 2348 1034 2387 faeturum
1067 2349 1226 2402 putaffe.
1277 2351 1472 2402 Sapienter
1491 2349 1617 2387 feciffe
1648 2350 1803 2395 dicitur,

404 2428 497 2453 cum
517 2416 561 2453 de
581 2430 624 2453 eo
645 2414 745 2454 nihil
766 2415 941 2460 sanxerit,
977 2415 1083 2467 quod
1114 2424 1221 2453 antea
1244 2415 1490 2454 commissum
1511 2429 1590 2454 non
1620 2424 1725 2460 erat;
1757 2430 1806 2454 ne

403 2494 483 2520 non
505 2490 583 2519 tarn
605 2480 818 2534 prohibere,
841 2494 959 2534 quam
979 2480 1196 2526 admonere,
1229 2481 1434 2521 videretur.
1467 2482 1625 2534 Qanto
1644 2482 1805 2534 maiores
