2201 2792
501 93 575 147 376
930 90 1019 130 IN
1087 91 1468 131 VERREM

498 191 612 243 Lyso,
649 190 840 242 Lilybaei3
874 190 1082 235 Critolaus,
1105 191 1252 235 Ennae;
1285 189 1472 242 Syracusis
1492 189 1684 235 AEschrio,
1713 190 1895 229 Cleome-

498 272 578 302 neS,
602 256 888 296 Theomnastus
906 275 917 301 3
951 257 1059 295 Elori
1081 256 1340 301 Archonides‚
1363 257 1552 310 Megistus
1571 272 1580 295 :
1605 271 1678 296 vox
1699 271 1762 295 me
1782 258 1896 296 citius

495 323 691 369 defecerit,
724 337 843 376 quam
874 323 1045 361 nomina.
1086 322 1176 375 Ipse
1211 323 1323 360 dabat
1354 337 1563 376 purpuram
1584 332 1751 368 tantum,
1781 323 1898 361 amici

492 403 640 443 operas,
663 390 799 427 credo:
825 390 907 441 jam
929 389 1033 426 enirn
1055 402 1133 426 non
1164 388 1260 426 libet
1279 389 1411 426 omnia
1442 389 1662 435 criminari3
1696 389 1799 442 quafi
1822 388 1896 427 hoc

496 456 598 495 mihi
618 470 695 495 non
717 456 801 494 satis
823 456 867 493 fit
887 455 932 492 ad
953 455 1115 500 crimen,
1137 453 1308 493 habuiffe
1329 464 1408 492 tam
1430 455 1618 501 multum,
1639 456 1743 508 quod
1763 455 1894 494 daret:

495 522 653 561 voluiffe
673 523 869 574 deportare
890 530 968 559 tam
987 522 1111 560 multa
1128 535 1137 559 ε
1161 519 1238 559 hoc
1259 520 1439 573 denique,
1457 522 1563 573 quod
1583 523 1775 567 concedit,
1797 522 1896 560 ami-

494 602 633 627 corum
653 588 777 641 operis
798 587 869 625 effe
890 588 931 625 in
960 586 1230 639 hujuscemodi
1256 587 1367 624 rebus
1401 586 1527 625 usum.
1560 589 1648 639 Jam
1670 601 1758 626 vero
1778 588 1895 626 lectos

495 664 641 700 aeratos‚
668 664 705 693 et
725 654 950 692 candelabra
969 667 1070 692 aenea
1090 667 1187 691 num
1206 653 1284 697 cui,
1316 662 1450 705 praeter
1470 653 1600 698 istum,
1624 654 1811 705 Syracufis
1832 667 1899 708 per

496 721 709 759 triennium
741 719 839 758 faCta
868 719 938 757 effe
968 719 1218 757 existimatis?
1250 719 1431 757 Emebat.
1467 719 1608 757 Credo.
1641 719 1712 757 Sed
1744 728 1897 757 tantum

496 800 562 824 vos
583 787 774 830 certiores,
789 785 961 836 JudiceS,
981 784 1096 830 facio,
1119 785 1214 837 quid
1234 784 1301 822 iste
1321 785 1361 822 in
1383 785 1579 837 provincia
1598 785 1742 823 Praetor
1760 786 1895 838 egerit,

498 867 544 891 ne
563 853 627 890 cui
648 851 747 890 forte
776 852 945 889 nimium
980 851 1177 904 negligens
1208 850 1319 889 fuiffe
1345 851 1532 896 videatur,
1568 865 1693 903 neque
1724 851 1760 889 se
1795 851 1895 896 satis,

495 934 587 959 cum
610 918 834 972 potestatem
854 916 1046 962 habuerit,
1068 916 1281 956 instruxifl‘e
1300 926 1337 955 et
1357 917 1512 956 ornaffe.

556 985 730 1024 XXVII.
764 985 889 1022 Venio
910 997 1013 1021 nunc
1034 997 1112 1021 non
1127 985 1210 1036 jam
1238 983 1284 1021 ad
1304 983 1471 1029 furtum,
1504 997 1581 1021 non
1612 983 1659 1022 ad
1685 983 1896 1029 avaritiam,

496 1067 573 1091 non
594 1052 640 1090 ad
661 1051 926 1104 cupiditatem,
949 1050 1011 1088 sed
1031 1050 1077 1088 ad
1096 1049 1284 1102 ejusmodi
1304 1048 1467 1096 facinus,
1499 1050 1539 1088 in
1571 1064 1650 1103 quo
1675 1050 1807 1089 omnia
1827 1063 1896 1088 ne-

495 1118 589 1156 faria
607 1117 797 1156 contineri
818 1115 918 1154 mihi
938 1125 1052 1168 atque
1082 1115 1196 1153 ineffe
1216 1116 1415 1154 videantur
1433 1131 1442 1154 ε
1475 1117 1515 1154 in
1535 1130 1613 1168 quo
1634 1117 1703 1154 Dii
1730 1117 1897 1154 immor-

494 1186 587 1223 tales
608 1184 753 1229 violati,
771 1183 1003 1221 existimatio
1023 1192 1137 1235 atque
1158 1184 1360 1221 auctoritas
1382 1183 1552 1221 nominis
1570 1183 1706 1235 populi
1727 1183 1899 1221 Romani

495 1253 719 1296 imminuta,
752 1250 965 1303 hospitium
987 1250 1192 1303 spoliatum
1224 1263 1266 1287 ac
1294 1250 1507 1302 proditum,
1540 1250 1740 1288 abalienati
1761 1249 1898 1288 scelere

494 1320 601 1357 istius
619 1333 638 1356 a
656 1318 765 1356 nobis
787 1330 921 1354 omnes
943 1330 1047 1369 reges
1068 1316 1300 1361 amiciflimi,
1319 1316 1578 1368 nationesque,
1601 1330 1685 1369 quae
1706 1318 1745 1354 in
1762 1330 1897 1355 eorum

495 1400 613 1440 regno
644 1399 686 1423 ac
717 1384 863 1422 ditione
883 1383 982 1422 sunt.
1016 1383 1122 1421 Nam
1158 1396 1262 1435 reges
1290 1383 1418 1434 Syriae,
1455 1384 1552 1436 regis
1574 1382 1763 1421 Antiochi
1796 1383 1896 1422 filios

494 1466 647 1507 pueros,
670 1452 770 1490 scitis
792 1452 930 1489 Romae
951 1464 1071 1503 nuper
1092 1449 1200 1487 fuiffe
1219 1464 1228 1488 :
1261 1450 1328 1502 qui
1350 1460 1527 1488 venerant
1554 1464 1630 1488 non
1651 1460 1805 1503 propter
1826 1452 1896 1502 Sy-

496 1521 558 1558 riae
579 1532 740 1571 regnum
758 1536 768 1562 ;
802 1531 891 1555 nam
912 1517 951 1554 id
973 1517 1048 1554 fine
1068 1516 1320 1554 controverfia
1340 1516 1580 1561 obtinebant,
1613 1525 1655 1554 ut
1682 1530 1702 1554 a
1721 1526 1839 1569 patre,
1861 1526 1898 1556 et

495 1601 515 1624 a
537 1586 745 1638 majoribus
767 1593 988 1636 acceperant
1007 1598 1015 1621 :
1049 1583 1110 1621 sed
1142 1597 1304 1635 regnum
1326 1583 1487 1635 AEgypti
1509 1583 1554 1621 ad
1581 1583 1629 1628 se,
1660 1593 1697 1621 et
1725 1584 1770 1621 ad
1793 1584 1897 1621 Sele-

494 1668 582 1697 nen,
606 1662 768 1690 matrem
790 1651 909 1695 suam,
933 1651 1119 1703 pertinere
1150 1649 1442 1688 arbitrabantur.
1476 1650 1534 1688 Hi
1561 1650 1630 1702 ipfi
1652 1650 1899 1702 posteaquam

494 1719 735 1772 temporibus
763 1717 1004 1769 Reipublicae
1025 1716 1180 1761 exclufi,
1212 1730 1279 1769 per
1313 1715 1484 1754 senatum
1515 1729 1625 1769 agere
1646 1730 1731 1768 quae
1762 1716 1898 1754 volue-

496 1795 592 1831 rant,
616 1799 692 1823 non
714 1792 934 1837 potuerunt,
950 1784 988 1820 in
1013 1783 1158 1834 Syriam
1180 1782 1218 1820 in
1241 1795 1404 1834 regnum
1423 1782 1592 1834 patrium
1611 1781 1773 1834 profecti
1794 1782 1895 1820 sunt.

496 1837 645 1891 Eorum
666 1851 773 1895 alter,
789 1849 857 1902 qui
878 1848 1099 1887 Antiochus
1121 1858 1291 1893 vocatur,
1315 1849 1385 1886 iter
1404 1862 1471 1901 per
1491 1848 1662 1887 Siciliam
1682 1847 1806 1886 facere
1827 1862 1896 1886 vo-

495 1919 595 1956 luit:
629 1919 772 1969 itaque,
794 1916 863 1953 isto
881 1916 1057 1960 Praetore‚
1080 1916 1183 1953 venit
1205 1914 1414 1966 Syracusas.

553 1985 632 2022 Hic
655 1985 791 2020 Verres
823 1981 1073 2019 hereditatem
1111 1981 1179 2019 fibi
1205 1980 1343 2019 veniffe
1378 1981 1579 2019 arbitratus
1619 1981 1685 2026 est,
1722 1981 1826 2034 quod
1857 1982 1897 2020 in

494 2053 576 2103 ejus
598 2063 759 2101 regnum
790 2061 832 2085 ac
866 2060 1000 2085 manus
1023 2056 1172 2085 venerat
1193 2047 1238 2092 is,
1270 2060 1388 2098 quem
1420 2047 1487 2084 iste
1518 2056 1556 2085 et
1586 2048 1754 2086 audierat
1775 2049 1899 2087 multa

496 2118 623 2155 secum
646 2115 822 2169 praeclara
842 2113 994 2158 habere,
1028 2123 1064 2151 et
1086 2113 1358 2166 suspicabatur.
1390 2113 1523 2151 Mittit
1554 2112 1706 2152 homini
1739 2128 1898 2152 munera

497 2183 581 2221 satis
603 2183 730 2234 large3
762 2180 843 2218 haec
865 2181 910 2217 ad
945 2180 1054 2217 usum
1083 2180 1351 2218 domesticum.
1388 2179 1497 2224 Vini,
1530 2180 1605 2217 olei
1638 2181 1742 2232 quod
1774 2181 1896 2218 visum

493 2258 597 2287 erat:
635 2249 751 2286 etiam
774 2246 906 2291 tritici,
935 2246 1039 2298 quod
1062 2246 1146 2284 satis
1167 2246 1268 2291 effet,
1284 2246 1329 2283 de
1350 2245 1425 2284 suis
1447 2246 1635 2284 decumis.
1670 2246 1820 2283 Deinde
1834 2247 1896 2298 ip-

497 2315 580 2353 sum
602 2327 730 2367 regem
752 2313 797 2350 ad
813 2325 965 2350 coenam
985 2313 1147 2349 vocavit.
1170 2312 1342 2349 Exornat
1362 2310 1501 2363 ample,
1524 2311 1806 2363 magnificeque
1824 2312 1894 2349 tri-

492 2382 685 2421 clinium:
718 2380 877 2434 exponit
897 2392 952 2424 ea,
974 2378 1115 2431 quibus
1137 2377 1365 2422 abundabat,
1387 2377 1557 2430 plurima
1576 2391 1617 2415 ac
1638 2377 1898 2431 pulcherrima
