2201 2792
530 178 607 231 276
956 177 1045 217 IN
1121 178 1501 218 VERREM

527 278 643 324 sunt;
674 291 768 317 cum
788 277 828 316 in
848 277 923 322 his,
958 278 1133 330 inquam,
1170 279 1280 316 rebus
1301 279 1484 317 omnibus
1505 277 1735 332 publicanus
1769 277 1925 331 petitor,

527 356 570 381 ac
601 344 832 396 pignerator,
869 357 946 381 non
980 353 1142 396 ereptor,
1174 357 1298 395 neque
1329 344 1502 396 poffeffor
1532 344 1646 382 soleat
1676 343 1746 382 efl'e
1762 361 1774 388 ;
1806 352 1850 381 tu
1881 343 1928 380 de

526 410 692 462 optimo,
714 409 989 461 dejustiffimo,
1011 409 1057 446 de
1077 408 1336 447 honestiffimo
1356 424 1492 462 genere
1511 409 1735 455 hominum,
1761 408 1837 447 hoc
1857 409 1925 454 est,

527 475 574 513 de
593 476 801 514 aratoribus
827 488 869 512 ea
883 477 971 527 j‘ura
989 475 1257 520 constituebas,
1286 489 1370 527 quae
1390 477 1571 515 omnibus
1593 477 1675 514 aliis
1696 475 1812 514 effent
1830 487 1928 513 con-

527 542 651 580 traria.
684 543 830 580 Utrum
860 541 911 578 est
946 542 1104 593 aequius,
1137 542 1396 580 decumanum
1423 551 1562 594 petere,
1595 555 1640 580 an
1661 551 1845 580 aratorem
1866 554 1928 579 re-

526 616 654 659 petere
673 608 685 644 ?
711 607 921 659 judicium,
952 607 1100 659 integra
1120 621 1172 651 re,
1194 620 1240 645 an
1261 607 1420 660 perdita,
1453 607 1564 645 fieri?
1595 621 1700 652 eum,
1722 606 1791 658 qui
1811 617 1929 644 manu

528 673 727 724 quaefierit,
755 686 802 710 an
822 687 927 718 eum,
960 674 1028 725 qui
1047 672 1171 725 digito
1201 674 1331 711 licitus
1353 674 1411 718 fit,
1444 673 1656 726 poffidere?
1689 671 1829 724 Qid?
1859 670 1930 724 qui

528 739 569 776 in
603 739 758 792 lingulis
788 739 894 791 jugis
928 748 1048 783 arant,
1082 740 1150 791 qui
1180 740 1226 777 ab
1260 753 1373 792 opere
1407 740 1475 793 ipfi
1507 753 1585 778 non
1619 739 1813 782 recedunt,
1849 750 1929 792 quo

527 805 568 842 in
589 818 751 843 numero
770 819 931 858 magnus
952 815 1039 843 ante
1059 814 1096 843 te
1117 807 1321 844 Praetorem
1339 819 1534 851 numerus,
1557 819 1695 858 magna
1714 804 1929 842 multitudo

529 870 748 908 Siculorum
780 870 882 909 fuit:
915 872 1010 923 quid
1043 871 1215 909 facient?
1251 886 1344 910 cum
1379 872 1552 910 dederint
1586 872 1785 924 Apronio,
1823 868 1929 922 quod

526 936 753 989 poposcerit,
788 936 1004 989 relinquent
1024 938 1240 975 arationes?
1272 938 1493 990 relinquent
1527 940 1666 975 Larem
1696 936 1929 974 familiarem

526 1002 670 1040 suum?
701 1003 856 1040 venient
877 1003 1086 1055 Syracusas,
1122 1012 1177 1048 ut,
1210 1013 1247 1041 te
1267 1004 1443 1048 Praetore,
1462 1003 1655 1047 videlicet,
1692 1015 1801 1054 aequo
1825 1002 1927 1054 jure,

527 1068 764 1120 Apronium,
794 1068 962 1113 delicias,
984 1082 1025 1106 ac
1046 1069 1166 1106 vitam
1188 1078 1308 1114 tuam,
1325 1069 1476 1121 judicio
1503 1069 1783 1122 recuperatorio
1801 1067 1928 1120 perse-

526 1143 693 1185 quantur
711 1135 725 1171 ?

584 1201 730 1238 Verum
750 1200 827 1238 esto
844 1215 853 1238 :
886 1201 1094 1253 reperietur
1113 1201 1251 1253 aliquis
1272 1199 1396 1246 fortis,
1414 1209 1452 1238 et
1471 1201 1666 1253 experiens
1687 1209 1822 1244 arator,
1844 1199 1928 1252 qui,

526 1279 619 1304 cum
654 1275 805 1304 tantum
837 1267 983 1304 dederit
1015 1266 1250 1311 decumano,
1286 1275 1474 1318 quantum
1511 1267 1574 1304 ille
1608 1266 1736 1304 deberi
1765 1265 1926 1310 dixerit,

521 1332 672 1383 judicio
704 1341 860 1384 repetat,
906 1341 943 1369 et
977 1345 1131 1385 poenam
1162 1333 1307 1385 octupli
1341 1332 1598 1385 persequatur.
1644 1333 1817 1384 Expecto
1845 1331 1927 1369 vim

526 1397 655 1442 edicti,
685 1398 921 1443 severitatem
943 1399 1144 1437 Praetoris:
1177 1398 1284 1436 faveo
1318 1398 1467 1443 aratori,
1503 1398 1619 1450 cupio
1649 1398 1796 1450 octupli
1815 1397 1928 1435 dam-

527 1464 608 1501 nari
629 1465 864 1516 Apronium.
885 1464 993 1516 Qid
1015 1465 1170 1503 tandem
1191 1464 1354 1517 postulat
1373 1465 1522 1502 arator?
1544 1463 1643 1502 nihil
1663 1464 1732 1502 nisi
1753 1478 1799 1503 ex
1818 1464 1926 1501 edic-

526 1538 566 1568 to
581 1530 777 1581 judicium
799 1530 839 1567 in
859 1530 1074 1582 offituplum.
1127 1530 1234 1581 Qid
1255 1531 1450 1583 Apronius
1472 1531 1484 1568 ?
1516 1544 1593 1568 non
1615 1530 1771 1568 recusat.
1818 1529 1928 1581 Qid

527 1596 697 1633 Psaetor?
723 1595 836 1647 jubet
858 1604 1135 1648 recuperatores
1157 1596 1322 1647 rejicere.
1355 1596 1540 1634 Decurias
1561 1596 1784 1634 scribamus.
1817 1596 1925 1646 Qas

525 1662 727 1699 decurias?
759 1661 805 1698 de
835 1661 994 1699 cohorte
1026 1675 1111 1699 mea
1141 1662 1300 1717 rejicies,
1336 1662 1478 1715 inquit.
1518 1662 1655 1714 Qid?
1689 1662 1756 1700 ista
1788 1661 1926 1700 cohors

526 1741 694 1779 quorum
715 1726 925 1765 hominum
945 1727 997 1766 est
1020 1728 1032 1764 ?
1065 1728 1213 1766 Volufii
1244 1728 1468 1782 haruspicis,
1502 1738 1539 1766 et
1561 1728 1734 1766 Cornelii
1767 1728 1925 1773 medici,

525 1803 563 1831 et
582 1793 724 1832 horum
745 1807 899 1838 canum,
931 1808 1026 1846 quos
1049 1795 1216 1833 tribunal
1237 1808 1371 1833 meum
1399 1795 1503 1834 vides
1534 1795 1729 1833 lambere:
1762 1807 1852 1842 nam
1880 1793 1926 1831 de

525 1870 717 1897 conventu
749 1859 903 1897 nullum
935 1873 1106 1911 unquam
1132 1861 1305 1912 judicem
1327 1890 1338 1906 ,
1371 1874 1438 1898 nec
1470 1870 1772 1913 recuperatorem
1803 1860 1922 1898 dedit.

526 1926 685 1976 Iniquos
702 1924 923 1962 decumanis
940 1924 1010 1961 effe
1029 1926 1151 1963 aiebat
1171 1939 1318 1970 omnes,
1341 1926 1408 1978 qui
1427 1926 1546 1963 ullam
1562 1926 1641 1978 agri
1661 1925 1814 1978 glebam
1835 1925 1923 1978 pos-

525 1990 697 2027 siderent.
730 1989 976 2027 Veniendum
997 2000 1073 2028 erat
1094 1991 1139 2028 acl
1157 2005 1219 2029 eos
1241 2000 1374 2029 contra
1394 1992 1629 2043 Apronium,
1661 1992 1729 2044 qui
1749 1992 1924 2030 nondum

525 2056 640 2092 etiam
663 2055 875 2107 Aproniani
897 2056 1063 2094 convivii
1084 2057 1278 2109 crapulam
1299 2055 1542 2096 exhalaffent.

571 2121 664 2157 XII.
690 2122 726 2157 O
747 2120 985 2172 praeclarum,
1007 2130 1043 2158 et
1065 2122 1453 2160 commemorandum
1468 2123 1664 2174 judicium
1683 2122 1690 2159 !
1713 2123 1736 2160 ὃ
1752 2122 1924 2161 severum

524 2186 692 2223 edietum
714 2185 720 2222 !
753 2186 776 2222 ὢ
799 2195 926 2223 tutum
947 2186 1170 2239 perfugium
1200 2197 1388 2226 aratorum
1410 2188 1416 2225 !
1451 2190 1594 2240 Atque,
1621 2197 1665 2226 ut
1685 2189 1921 2240 intelligatis,

524 2252 739 2304 cujusmodi
760 2252 825 2289 ista
849 2252 995 2303 judicia
1014 2253 1052 2290 in
1073 2254 1290 2306 octuplum,
1321 2254 1537 2307 cujusmodi
1564 2255 1668 2292 istius
1689 2255 1735 2292 de
1764 2253 1923 2292 cohorte

525 2328 804 2370 recuperatores
825 2317 1027 2355 existimati
1049 2318 1146 2363 sint,
1179 2319 1228 2356 fic
1259 2321 1456 2358 attendite.
1488 2321 1664 2371 Ecquem
1692 2319 1832 2371 putatis
1854 2320 1921 2357 de-

525 2398 751 2428 cumanum,
782 2382 852 2421 hac
884 2383 1037 2421 licentia
1063 2383 1251 2436 permiffa,
1284 2394 1325 2422 ut
1358 2394 1507 2422 tantum
1542 2385 1588 2422 ab
1618 2394 1774 2430 aratore,
1797 2399 1921 2437 quan-

525 2458 610 2486 tum
650 2449 887 2502 poposciffet‚
931 2448 1107 2494 auferret,
1154 2450 1239 2502 plus
1274 2464 1391 2502 quam
1429 2451 1642 2496 deberetur,
1683 2452 1920 2504 poposcisse?

525 2515 754 2554 confiderate
791 2530 883 2554 cum
922 2517 1050 2555 vestris
1087 2517 1225 2556 animis
1264 2516 1477 2570 vosmetipsi
1495 2546 1506 2564 ‚
1550 2531 1715 2570 ecquem
1749 2518 1919 2571 putetis,
