2201 2792
494 209 564 226 om
924 197 1012 235 IN
1081 199 1462 239 VERREM

494 226 571 250 «Ἠ

491 296 609 332 Dices
631 295 703 332 tibi
726 295 872 332 Siculos
894 295 964 333 effe
984 296 1126 334 amicos
1146 297 1158 334 ?
1191 298 1258 349 qui
1284 299 1453 349 poteris?
1485 297 1554 350 qui
1577 297 1700 350 (quod
1720 296 1830 335 nullo
1851 297 1891 334 in

488 361 650 400 homine
670 370 778 399 antea
796 360 977 406 fecerant,
1009 372 1052 400 ut
1073 364 1114 400 in
1134 377 1222 400 eum
1244 363 1400 415 publice
1421 364 1686 403 testimonium
1707 364 1890 407 dicerent,

488 441 582 465 cum
612 427 818 479 pracsertim
850 441 896 464 ex
917 441 957 465 ea
977 429 1172 479 provincia
1190 429 1438 467 condemnati
1458 429 1531 468 fint
1557 429 1789 482 complures,
1823 429 1892 481 qui

487 494 543 532 ibi
564 495 746 532 Praetores
766 492 937 537 fuerunt,
960 495 1036 530 duo
1057 493 1126 531 soli
1145 494 1325 546 absoluti)
1358 493 1436 532 huc
1457 496 1692 533 conveniunt
1717 509 1810 533 curn
1839 494 1890 532 li-

489 560 592 604 teris,
614 560 774 597 veniunt
806 573 898 597 cum
920 560 1122 604 mandatis,
1155 560 1315 597 veniunt
1335 574 1428 598 cum
1448 561 1675 599 testimoniis
1707 560 1890 613 publicis.

487 626 584 676 Qi,
616 626 642 663 fi
664 635 700 663 te
720 625 877 678 publice
898 625 1105 670 laudarent,
1142 634 1271 663 tamen
1302 625 1342 663 id
1373 639 1480 663 more
1499 627 1627 679 potius
1656 625 1736 670 suo,
1771 639 1890 677 quam

487 693 625 730 merito
655 701 736 736 tuo,
767 690 891 728 facere
922 691 1166 729 viderentur:
1204 690 1247 729 hi
1281 705 1372 729 cum
1408 692 1454 729 de
1489 693 1564 730 tuis
1596 691 1703 730 factis
1733 692 1891 744 publice

485 768 788 811 conqueruntur,
811 771 937 795 nonne
957 757 1031 795 hoc
1054 758 1239 803 indicant,
1271 767 1391 796 tantas
1411 758 1481 796 effe
1502 760 1672 811 injurias,
1701 768 1743 797 ut
1764 759 1890 797 multo

486 826 693 864 maluerint
725 825 770 862 de
805 825 871 862 suo
905 838 1012 862 more
1043 825 1236 870 decedere,
1271 839 1390 877 quam
1426 825 1472 864 de
1503 826 1579 864 tuis
1605 826 1778 864 moribus
1810 839 1889 864 non

483 892 623 930 dicere.

540 957 819 997 Confitendum
840 957 891 994 est
923 957 1041 1009 igitur
1072 958 1144 995 tibi
1175 957 1389 1002 necessario,
1423 959 1571 996 Siculos
1592 958 1773 996 inimicos
1803 958 1887 1004 esse,

482 1025 552 1077 qui
586 1024 745 1077 quidem
778 1032 816 1060 et
851 1023 890 1059 in
924 1032 960 1060 te
990 1023 1204 1075 graviffirna
1222 1023 1408 1075 postulata
1430 1024 1664 1062 Consulibus
1684 1024 1901 1076 ediderint,⁴

482 1100 519 1129 et
540 1104 618 1135 me,
650 1099 693 1128 ut
723 1089 822 1127 hanc
843 1089 1008 1134 causam,
1042 1088 1246 1141 salutisque
1265 1090 1338 1128 suae
1365 1089 1624 1129 defensionem
1643 1090 1886 1144 susciperem,

482 1157 737 1195 obsecrarint:
758 1156 840 1208 qui,
863 1170 955 1194 cum
976 1169 997 1193 a
1018 1157 1182 1194 Praetore
1202 1156 1510 1209 prohiberentur,
1525 1171 1545 1194 a
1565 1166 1729 1209 quatuor
1749 1158 1885 1208 Qaes-

481 1224 629 1261 toribus
665 1222 959 1274 impedirentur,
1005 1222 1185 1259 omnium
1221 1223 1358 1266 minas,
1389 1231 1505 1274 atque
1539 1224 1671 1260 omnia
1701 1223 1883 1275 pericula,

480 1302 549 1341 pro
570 1288 687 1325 salute
709 1287 785 1330 sua,
818 1287 914 1324 levia
934 1287 1139 1324 duxerint:
1172 1288 1240 1338 qui
1268 1287 1392 1339 priore
1422 1289 1567 1326 aetione
1587 1288 1640 1326 ita
1669 1288 1887 1327 testimonia

480 1355 658 1407 graviter,
681 1352 1005 1404 vehementerque
1026 1353 1206 1398 dixerint,
1241 1363 1283 1391 ut
1304 1356 1558 1392 Artemonem
1580 1355 1885 1408 Centuripinum

479 1421 665 1473 legatum,
700 1428 737 1456 et
772 1419 929 1471 publice
965 1418 1112 1464 testem,
1154 1421 1222 1470 Q
1244 1420 1473 1458 Hortensius
1507 1420 1775 1466 accusatorem,
1806 1435 1884 1460 non

480 1487 628 1531 testem,
660 1486 730 1524 effe
760 1486 915 1523 diceret.
960 1486 1119 1524 Etenim
1149 1500 1241 1524 cum
1272 1496 1426 1539 propter
1460 1489 1659 1533 virtutem,
1695 1496 1733 1525 et
1766 1487 1885 1527 fidem

478 1567 573 1592 cum
594 1553 792 1596 Androne,
823 1551 984 1589 homine
1016 1551 1291 1597 honestiffimo,
1323 1562 1361 1591 et
1396 1554 1615 1598 certissimo,
1651 1562 1737 1592 tum
1767 1555 1884 1593 etiam

477 1628 635 1672 propter
653 1619 930 1670 eloquentiam,
962 1617 1108 1670 legatus
1138 1631 1159 1655 a
1179 1618 1252 1656 suis
1273 1619 1422 1657 civibus
1443 1619 1584 1658 elee'tus
1605 1620 1671 1664 est,
1704 1629 1747 1658 ut
1766 1620 1885 1673 poffet

477 1686 620 1724 multas
641 1685 746 1723 istius
768 1693 805 1722 et
825 1686 940 1723 varias
962 1685 1133 1737 injurias,
1167 1698 1285 1737 quam
1311 1685 1538 1738 apertissime
1557 1686 1680 1732 vobis,
1713 1687 1885 1740 planiffi—.

478 1766 619 1805 meque
639 1751 842 1804 explicare.

533 1819 661 1856 LXV.
694 1818 890 1856 Dixerunt
911 1817 1098 1861 Halefini,
1129 1817 1363 1863 Catinenses,
1385 1818 1653 1870 Tyndaritani,
1672 1819 1881 1864 Ennenses‚

477 1884 740 1928 Herbitenses,
762 1883 1031 1935 Agyrinenses,
1054 1883 1297 1928 Netineuses,
1320 1884 1522 1936 Segestani.
1556 1885 1773 1922 Numerare
1792 1899 1881 1924 om-

477 1963 543 1987 nes
565 1964 642 1987 non
672 1949 724 1986 est
745 1948 899 1986 neccffe.
933 1948 1045 1985 Scitis
1077 1961 1195 1999 quam
1231 1949 1361 1994 multi,
1397 1959 1434 1987 et
1455 1963 1571 2001 quam
1604 1950 1727 1988 multa
1757 1951 1881 2003 priore

475 2015 623 2053 astione
645 2014 823 2052 dixerint.
857 2014 977 2052 Nunc
997 2022 1035 2050 et
1055 2013 1127 2058 illi,
1149 2023 1187 2051 et
1207 2014 1344 2067 reliqui
1365 2015 1508 2053 dicent.
1543 2016 1692 2053 Omnes
1713 2016 1882 2070 denique

476 2079 551 2118 hoc
585 2080 624 2117 in
658 2079 729 2117 hac
751 2079 860 2117 causa
891 2079 1123 2131 intelligent,
1155 2079 1230 2118 hoc
1251 2081 1382 2119 animo
1402 2081 1472 2119 effe
1498 2082 1659 2127 Siculos,
1692 2091 1748 2127 ut,
1785 2083 1811 2121 fi
1841 2084 1882 2122 in

475 2146 590 2184 istum
612 2145 918 2183 animadversum
941 2158 1017 2182 non
1052 2145 1109 2190 s1t,
1141 2146 1210 2183 fibi
1237 2146 1504 2199 relinquendas
1525 2148 1685 2193 domos,
1709 2162 1751 2187 ac
1778 2135 1880 2187 sedes

474 2212 583 2257 suas,
620 2220 657 2249 et
690 2225 736 2249 ex
767 2210 896 2248 Sicilia
930 2210 1222 2256 decedendum,
1265 2221 1379 2264 atque
1419 2213 1512 2250 adeo
1542 2213 1774 2266 fugiendum
1807 2214 1879 2252 effe

475 2279 718 2317 arbitrentur.
751 2278 837 2316 Hos
858 2276 1035 2315 homines
1066 2287 1109 2314 tu
1130 2278 1367 2329 persuadebis
1388 2280 1434 2317 ad
1454 2279 1630 2324 honores,
1657 2288 1771 2331 atque
1791 2293 1877 2317 am-

474 2346 709 2398 plitudinem
741 2353 862 2389 tuam,
893 2343 1072 2397 pecunias
1104 2344 1290 2382 maximas
1321 2345 1516 2383 voluntate
1542 2346 1606 2383 sua
1646 2345 1876 2384 contulisse?

476 2413 616 2457 Credo,
648 2412 716 2463 qui
737 2420 774 2449 te
801 2411 842 2449 in
869 2420 934 2449 tua
953 2410 1106 2448 civitate
1128 2410 1366 2448 incolumem
1385 2411 1455 2448 effe
1477 2412 1638 2456 nollent,
1670 2411 1711 2449 hi
1733 2426 1876 2450 monu-

475 2487 604 2516 menta
624 2487 697 2515 tuae
717 2476 866 2523 formae,
897 2490 939 2515 ac
960 2477 1143 2522 nominis,
1165 2477 1205 2514 in
1226 2476 1301 2515 suis
1322 2477 1543 2517 civitatibus
1564 2478 1634 2516 effe
1654 2479 1876 2531 cupiebant.

474 2544 552 2583 Res
583 2543 802 2589 declaravit,
834 2553 879 2583 ut
911 2543 1118 2598 cupierint.
1165 2543 1405 2596 Jamdudum
1437 2545 1542 2584 enirn
1577 2543 1677 2584 mihi
1706 2545 1877 2585 nimium
