2201 2792
576 149 924 189 ACTIONIS
967 149 1020 188 II.
1081 149 1290 188 LIBER
1327 152 1401 189 III.
1602 165 1673 202 291

328 251 502 290 XXVII.
535 248 722 287 Privatim
736 246 813 286 hoc
833 247 964 287 modo.
998 246 1107 299 Qid
1124 247 1138 285 ?
1169 247 1326 300 publice
1344 247 1517 286 civitates
1538 263 1679 301 quem-

273 317 486 359 admodum
508 316 671 354 traCtatae
691 314 778 352 sunt
796 315 809 352 ?
841 313 1012 353 Audistis
1032 313 1226 366 permulta
1245 313 1389 351 indicia
1407 323 1445 352 et
1467 314 1682 352 testimonia

274 384 493 428 civitatum,
526 391 563 420 et
583 381 819 433 reliquarum
853 380 1030 419 audietis.
1075 381 1136 418 Ac
1167 380 1343 433 primum
1374 379 1421 418 de
1453 380 1682 432 Agyrinensi

273 450 433 503 populo,
455 449 561 488 fideli
592 458 630 487 et
649 448 801 493 illustri,
823 448 987 495 breviter
1017 446 1249 500 cognoscite.
1281 447 1529 500 Agyrinensis
1561 447 1612 484 est
1642 447 1683 484 in

274 517 413 569 primis
434 515 590 554 honesta
609 515 742 553 civitas
765 514 918 559 Siciliae,
935 513 1145 552 hominurn
1167 522 1254 551 ante
1272 512 1378 552 hunc
1396 514 1603 551 Praetorem
1623 513 1682 550 lo-

275 583 509 636 cupletium,
545 582 866 634 summorumque
899 590 1106 619 aratorum.
1139 580 1234 632 Ejus
1267 580 1348 633 agri
1379 580 1560 618 decumas
1591 593 1683 617 cum

276 649 424 688 emiffet
454 649 559 687 idem
579 648 790 701 Apronius,
822 648 1015 701 Agyrium
1036 647 1157 686 venit.
1197 647 1294 698 Qi,
1316 644 1408 685 curn
1429 646 1474 684 eo
1495 660 1588 685 curn
1615 661 1684 699 ap-

276 716 529 769 paratoribus,
552 715 592 753 id
612 715 679 760 est,
709 728 803 753 cum
824 714 941 752 minis
962 728 1005 752 ac
1036 714 1074 752 vi
1093 713 1265 758 veniffet,
1297 713 1449 766 poscere
1480 714 1685 766 pecuniam

275 783 461 836 grandem
493 783 627 835 coepit,
660 791 717 827 ut,
748 793 906 834 accepto
927 781 1050 825 lucro,
1083 780 1303 818 discederet.
1337 779 1457 818 Nolle
1477 780 1512 818 se
1540 780 1687 832 negotii

277 850 493 902 quidquam
513 847 652 886 habere
682 848 848 893 dicebat,
879 847 955 892 sed,
977 856 1133 899 accepta
1152 847 1328 899 pecunia,
1361 860 1479 899 quam
1511 847 1685 899 primum

279 917 393 954 aliam
415 917 611 954 civitatem
631 928 845 953 occurrere.
878 917 975 953 Sunt
995 927 1128 952 omnes
1151 914 1271 952 Siculi
1297 927 1373 952 non
1394 914 1684 956 contemnendi,

280 983 305 1020 s1
328 996 393 1035 per
414 982 557 1020 nostros
588 982 830 1034 magistratus
850 981 988 1025 liceat,
1020 981 1080 1018 sed
1103 979 1282 1018 homines
1303 989 1340 1017 et
1371 979 1456 1018 satis
1488 978 1619 1024 fortes,
1650 990 1687 1017 et

281 1050 365 1088 satis
386 1049 497 1102 plane
518 1048 622 1101 frugi
653 1061 695 1086 ac
716 1047 860 1092 sobrii3
892 1057 930 1085 et
964 1048 1004 1084 in
1026 1047 1160 1099 priinis
1182 1045 1264 1084 haec
1284 1047 1431 1091 civitas,
1465 1047 1510 1084 de
1531 1060 1605 1099 qua
1626 1046 1684 1084 lo-

281 1130 392 1169 quor,
411 1115 582 1167 Judices.
602 1116 737 1166 Itaque
753 1112 906 1152 homini
927 1114 966 1151 in
985 1113 1121 1166 primis
1143 1113 1439 1166 improbiffim0‚
1461 1113 1689 1166 respondent

281 1181 550 1235 Agyrinenses,
569 1180 641 1218 sese
661 1182 841 1218 decumas
858 1180 908 1224 ei,
936 1180 1268 1232 quemadmodum
1289 1180 1483 1225 deberent,
1505 1180 1658 1218 daturos
1675 1199 1687 1224 ³

280 1249 450 1293 lucrum,
468 1261 561 1286 cum
582 1247 647 1284 ille
668 1260 811 1299 magno
827 1245 1034 1300 praesertim
1051 1245 1211 1290 emiffet,
1231 1258 1309 1283 non
1325 1245 1534 1284 addituros.
1558 1249 1688 1299 Apro-

282 1316 368 1353 nius
389 1315 593 1353 certiorem
614 1313 707 1351 facit
727 1313 858 1357 istum,
880 1313 966 1364 cuja
987 1326 1043 1350 res
1065 1321 1155 1356 erat,
1178 1312 1273 1364 quid
1294 1313 1346 1349 rei
1367 1312 1469 1350 efi'et.

338 1382 532 1420 XXVIII.
567 1380 705 1418 Statim
720 1409 731 1424 ‚
767 1389 953 1432 tanquam
988 1379 1203 1431 conjuratio
1235 1378 1362 1430 aliqua
1395 1379 1533 1431 Agyrii
1559 1390 1692 1417 contra

283 1448 564 1501 rempublicam
584 1445 696 1491 fasta,
718 1455 783 1484 aut
803 1446 949 1498 legatus
965 1446 1140 1483 Praetoris
1158 1444 1327 1498 pulsatus
1347 1445 1449 1490 effer,
1471 1445 1523 1483 ita
1544 1446 1691 1498 Agyrio

284 1514 540 1567 magistratus,
562 1522 600 1551 et
620 1512 953 1565 quinque-primi,
976 1512 1101 1549 accitu
1134 1511 1239 1548 istius
1266 1520 1485 1550 evocantur.
1519 1512 1693 1549 Veniunt

285 1580 503 1632 Syracusas:
528 1578 660 1631 praesto
680 1579 732 1616 est
753 1579 974 1631 Apronius3
997 1578 1048 1615 ait
1068 1590 1130 1614 eos
1153 1577 1264 1629 ipsoS,
1287 1577 1355 1628 qui
1377 1577 1573 1622 venissent,
1595 1591 1691 1615 con-

286 1656 343 1684 tra
361 1646 531 1684 edietum
554 1645 729 1683 Praetoris
751 1643 892 1682 feciffe.
926 1644 1174 1694 Qaerebant,
1195 1643 1289 1695 quid
1308 1644 1320 1680 ?
1353 1643 1635 1695 Respondebat,
1659 1643 1692 1681 se

285 1713 332 1750 ad
353 1721 633 1764 recuperatores
654 1710 724 1748 effe
745 1710 954 1748 disturum.
989 1709 1074 1754 Iste,
1099 1709 1331 1761 aequiffimus
1352 1707 1488 1754 homo,
1510 1709 1692 1748 formidi-

286 1793 377 1818 nem
397 1779 506 1816 illam
526 1777 634 1816 suam
653 1777 799 1815 miseris
821 1776 1123 1829 Agyrinenfibus
1157 1775 1379 1828 injiciebat3
1413 1786 1692 1828 recuperatores

287 1846 322 1884 se
341 1846 387 1884 de
407 1845 565 1884 cohorte
578 1846 641 1882 sua
659 1844 840 1881 daturum
858 1843 1089 1880 minabatur.
1115 1842 1382 1894 Agyrinenses,
1398 1842 1467 1879 viri
1485 1841 1692 1888 fortiffimi,

282 1913 478 1965 judicium
499 1911 534 1949 se
564 1910 728 1964 paffuros
749 1910 818 1948 effe
838 1911 1030 1948 dicebant.
1076 1908 1274 1961 Ingerebat
1295 1908 1361 1946 iste
1383 1909 1693 1954 Artemidorum,

290 1980 520 2017 Cornelium
542 1978 754 2023 medicum,
778 1977 976 2014 Valerium
1000 1989 1232 2029 praeconem,
1254 1975 1534 2028 Tlepolemum
1569 1977 1694 2029 pieto-

291 2059 387 2090 rem‚
418 2055 455 2083 et
475 2044 663 2097 ejusmodi
694 2052 999 2096 recuperatores;
1032 2055 1200 2095 quorum
1233 2042 1327 2080 civis
1349 2043 1550 2081 Romanus
1582 2056 1696 2081 nemo

290 2121 382 2156 erat,
414 2111 476 2148 sed
496 2111 626 2148 Graeci
645 2110 829 2162 sacrilegi,
857 2109 1092 2162 jampridem
1114 2109 1299 2161 improbi,
1331 2118 1486 2162 repente
1509 2109 1694 2148 Cornelii.

292 2178 486 2215 Videbant
507 2175 778 2229 Agyrinenses,
809 2175 1000 2228 quidquid
1035 2175 1080 2212 ad
1101 2188 1163 2213 eos
1196 2185 1473 2227 recuperatores
1501 2176 1696 2228 Apronius

292 2242 486 2287 attulisset,
522 2242 635 2280 illum
670 2240 851 2294 perfacile
883 2242 1150 2294 probaturum.
1185 2241 1446 2279 Condemnari
1467 2255 1558 2278 cum
1592 2240 1696 2277 istius

292 2310 436 2347 invidia
456 2309 691 2361 infamiaque
712 2308 919 2353 malebant,
934 2321 1052 2361 quam
1068 2308 1113 2346 ad
1134 2309 1213 2360 ejus
1230 2307 1470 2345 conditiones
1487 2305 1697 2358 pastiones-

294 2390 369 2427 que
402 2376 592 2414 accedere.
639 2375 885 2427 Qaerebant,
929 2389 1013 2427 quae
1046 2375 1087 2413 in
1122 2375 1235 2411 verba
1269 2382 1548 2424 recuperatores
1581 2371 1696 2409 daret.

295 2441 577 2493 Respondebat,
601 2442 643 2480 Si
652 2443 804 2493 parbret
823 2440 994 2496 adversus
1014 2438 1301 2491 ediblumfi’cgffi',
1335 2451 1419 2489 quae
1441 2437 1475 2475 se
1496 2437 1534 2475 in
1549 2438 1699 2489 judicio

1272 2505 1307 2540 O
1331 2517 1353 2540 o
1377 2517 1397 2542 2
