2201 2792
631 166 978 210 ACTIONIS
1018 166 1071 206 ΙΙ.
1131 165 1341 206 LIBER
1372 169 1443 206 IV.
1644 181 1722 221 397

330 272 584 327 pulchritudo
601 271 786 326 periculo,
817 269 1036 323 amplitudo
1056 266 1167 307 saluti
1186 268 1277 314 fuit,
1307 269 1411 322 quod
1432 283 1565 307 eorum
1584 269 1721 308 demo-

332 341 432 386 litio,
463 350 577 393 atque
597 338 800 393 asportatio
819 335 1058 390 perdifficilis
1078 335 1293 374 videbatur.
1324 335 1520 374 Infistebat
1539 336 1579 373 in
1606 350 1724 374 manu

332 408 480 445 Cereris
511 407 644 444 dextra
673 405 921 443 fimulacrum
952 401 1216 456 pulcherrime
1245 401 1391 440 faetum
1411 402 1618 440 Victoriae:
1650 402 1725 441 hoc

330 474 399 512 iste
418 488 439 512 e
458 470 564 526 signo
584 473 731 512 Cereris
752 471 1011 516 avellendum,
1033 470 1382 523 asportandumque
1399 470 1559 508 curavit.

359 541 408 579 L.
441 541 523 593 Qi
544 539 699 578 tandem
716 539 823 577 istius
843 539 995 576 animus
1015 537 1069 575 est
1083 537 1243 575 nuncin
1264 536 1525 588 recognit-ione
1542 536 1725 574 scelerum

332 606 503 652 suorum,
534 619 627 644 cum
661 618 733 658 ego
766 604 844 658 ipse
863 605 904 642 in
938 603 1310 642 commemoratione
1330 616 1463 640 eorum
1493 616 1570 640 non
1603 602 1726 640 solum

333 674 466 712 animo
485 684 744 716 commovear,
774 683 909 708 verum
936 670 1057 708 etiam·
1073 682 1231 722 corpore
1262 668 1578 721 perhorrescam?
1610 668 1728 705 Venit

333 738 439 776 enim
459 737 560 776 mihi
580 735 673 782 fani,
691 736 788 781 loci,
803 735 1001 788 religionis
1022 735 1127 773 illius
1147 736 1187 773 in
1208 743 1405 773 mentem:
1429 734 1623 772 versantur
1642 743 1728 771 ante

332 805 466 843 oculos
487 804 646 842 omnia:
679 803 758 841 dies
779 803 860 848 ille,
882 815 960 855 q-uo
981 815 1055 855 ego
1080 803 1236 840 Ennam
1257 815 1349 839 cum
1369 799 1563 845 veniffem,
1595 800 1729 852 praesto

334 869 436 908 mihi
456 869 661 908 sacerdotes
683 868 832 907 Cereris
852 881 944 906 cum
966 866 1116 913 infulis,
1148 880 1191 905 ac
1211 866 1384 905 verbenis
1416 865 1596 904 fuerunt:
1631 879 1728 902 con-

335 937 412 981 cio,
442 935 727 987 conventusque
761 935 907 973 civium
924 952 936 979 3
982 935 1022 972 in
1061 947 1141 986 quo
1174 947 1246 986 ego
1279 946 1371 970 cum
1401 933 1589 984 loquerer,
1633 932 1728 969 tanti

335 1002 461 1047 fletus,
492 1001 733 1055 gemitusque
752 1000 909 1045 fiebant,
940 1009 984 1038 ut
1003 998 1263 1038 acerbiffimus
1284 1008 1364 1036 tota
1384 999 1477 1036 urbe
1496 998 1621 1036 Ιυξὶυε
1642 1011 1728 1036 ver-

337 1068 407 1106 sari
427 1068 630 1106 videretur.
663 1067 758 1105 Non
778 1067 837 1104 illi
858 1066 1110 1104 decumarum
1132 1065 1307 1118 imperia,
1339 1077 1417 1102 non
1447 1065 1638 1102 bonorum
1667 1064 1728 1101 di-

337 1135 542 1188 reptiones,
574 1147 651 1172 non
673 1133 982 1186 iniqujudicia,
1013 1146 1091 1170 non
1107 1131 1448 1185 importuniffimas
1468 1131 1574 1168 istius
1596 1130 1731 1168 libidi-

338 1215 417 1247 nes,
433 1215 509 1240 non
531 1202 626 1245 vim,
648 1214 726 1238 non
742 1199 1011 1244 contumelias,
1033 1199 1174 1251 quibus
1195 1199 1332 1251 operti,
1354 1197 1594 1250 oppreffique
1609 1206 1729 1241 erant,

339 1269 695 1321 conquerebantur:
729 1267 877 1305 Cereris
899 1279 1059 1310 numen,
1091 1266 1281 1303 sacrorum
1303 1265 1541 1309 vetustatem,
1569 1263 1649 1302 fani
1671 1278 1732 1302 re-

339 1335 540 1388 ligionem,
562 1334 668 1372 istius
689 1332 971 1377 sceleratiffimi,
988 1341 1103 1384 atque
1123 1331 1359 1369 audaciffimi
1378 1331 1568 1384 supplicio
1589 1330 1733 1382 expiari

328 1401 518 1440 'volebant
536 1416 545 1439 ε
577 1400 708 1438 omnia
728 1399 763 1437 se
783 1408 916 1437 caetera
936 1399 1028 1451 pati,
1059 1411 1102 1435 ac
1120 1397 1313 1450 negligere
1333 1397 1525 1434 dicebant.
1558 1397 1639 1434 Hic
1660 1396 1732 1433 do-

339 1467 397 1506 lor
416 1476 494 1505 erat
516 1476 657 1510 tantus,
681 1475 723 1503 ut
744 1466 894 1509 Verres,
926 1464 1021 1501 alter
1042 1464 1184 1508 Orcus,
1221 1462 1359 1501 veniffe
1385 1464 1554 1507 Ennam,
1587 1471 1624 1499 et
1656 1475 1732 1499 nou

342 1534 607 1586 Proserpinam
628 1531 838 1584 asportasse,
869 1531 928 1569 sed
949 1530 1067 1583 ipsam
1089 1528 1292 1582 abripuiffe
1313 1531 1507 1574 Cererem,
1529 1529 1731 1566 videretur.

340 1600 501 1638 Etenim
523 1599 612 1637 urbs
633 1598 699 1635 illa
717 1611 794 1635 non
817 1597 906 1634 urbs
925 1596 1090 1640 videtur,
1121 1595 1182 1633 sed
1203 1594 1339 1633 fanum
1361 1595 1511 1633 Cereris
1531 1594 1602 1632 effe
1620 1609 1628 1631 :
1662 1593 1734 1631 ha-

342 1667 461 1704 bitare
480 1665 581 1719 apud
602 1665 674 1702 sese
696 1666 875 1702 Cererem
895 1662 1089 1700 Ennenses
1109 1663 1340 1700 arbitrantur
1357 1677 1366 1699 :
1394 1671 1437 1699 ut
1457 1660 1556 1699 mihi
1578 1674 1655 1698 non
1675 1661 1733 1698 ci-

341 1746 404 1770 ves
425 1733 528 1770 illius
548 1731 728 1775 civitatis,
765 1729 826 1767 sed
856 1742 990 1767 omnes
1021 1729 1241 1773 sacerdotes,
1272 1741 1407 1767 omnes
1438 1726 1589 1771 accolae,
1621 1735 1734 1778 atque

341 1799 526 1836 antistites
546 1798 694 1836 Cereris
714 1795 786 1834 effe
807 1796 1017 1833 videantur.

398 1865 519 1903 Ennae
550 1873 591 1902 tu
626 1862 874 1901 simulacrum
909 1860 1057 1900 Cereris
1089 1859 1221 1900 tollere
1247 1859 1439 1897 audebas?
1472 1860 1593 1896 Ennae
1625 1867 1667 1895 tu
1688 1857 1734 1895 de

335 1944 462 1969 -manu
483 1929 632 1968 Cereris
654 1929 865 1967 Victoriam
900 1927 1084 1980 deripere,
1119 1935 1158 1965 et
1178 1927 1302 1964 Deam
1323 1926 1416 1963 Deae
1451 1923 1645 1963 detrahere
1666 1937 1735 1961 co-

339 2006 454 2036 -natus
474 1997 544 2034 es?
577 1996 758 2045 Qorum
785 1994 884 2032 nihil
916 1994 1069 2039 violare,
1102 1991 1201 2031 nihil
1235 1992 1421 2044 attingere
1454 1991 1529 2029 aufi
1563 1991 1665 2035 sunt,
1697 1991 1737 2027 in

343 2064 486 2116 quibus
506 2071 612 2100 erant
631 2062 776 2106 omnia,
807 2075 892 2113 quae
912 2061 1040 2098 sceleri
1075 2060 1250 2113 propiora
1270 2059 1366 2103 sunt,
1401 2072 1517 2111 quam
1539 2058 1735 2110 religioni:

345 2138 550 2168 tenuerunt
570 2129 674 2166 enim
697 2129 740 2166 P.
760 2127 942 2180 Popillio,
966 2128 1009 2165 P.
1029 2126 1193 2178 Rupilio
1209 2125 1458 2170 Consulibus,
1474 2125 1587 2163 illum
1603 2125 1738 2162 locum

344 2196 439 2234 servi
459 2194 630 2247 fugitivi,
652 2193 813 2237 barbari,
835 2192 973 2230 hostes.
1007 2192 1078 2230 Sed
1098 2205 1222 2243 neque
1254 2200 1332 2229 tam
1354 2191 1446 2229 servi
1478 2191 1534 2228 illi
1556 2190 1736 2227 domino-

347 2275 447 2306 rum,
484 2273 600 2312 quam
634 2269 676 2297 tu
710 2258 946 2296 libidinum:
978 2271 1103 2310 neque
1138 2266 1217 2295 tam
1237 2256 1394 2310 fugitivi
1425 2256 1483 2294 illi
1515 2255 1735 2299 adominis,

347 2340 466 2379 quam
486 2336 528 2364 tu
549 2326 683 2378 ajure,
713 2334 750 2363 et
770 2338 790 2362 a
810 2324 959 2377 legibus
979 2339 987 2362 :
1020 2336 1144 2376 neque
1165 2333 1244 2361 tam
1264 2322 1411 2360 barbari
1432 2322 1576 2372 lingua,
1610 2330 1646 2356 et
1669 2333 1736 2356 na-

348 2393 452 2430 tione
474 2392 544 2435 illi,
575 2405 693 2443 quam
720 2400 762 2430 tu
797 2400 944 2435 natura,
980 2398 1018 2428 et
1038 2389 1239 2428 moribus:
1273 2400 1399 2439 neque
1418 2386 1475 2423 illi
1507 2395 1584 2423 tam
1614 2384 1737 2423 hostes

350 2457 589 2502 hominibus,
622 2471 739 2510 quam
770 2466 812 2495 tu
845 2456 933 2495 Diis
965 2455 1265 2495 immortalibus.
1313 2454 1411 2504 Qae
1441 2451 1657 2504 deprecatio
1687 2450 1740 2488 est
