2201 2792
589 204 936 245 ACTIONIS
979 204 1032 243 II.
1103 204 1380 244 LIBERI.
1620 208 1690 248 181

288 318 325 347 te
355 321 432 347 non
463 305 598 351 Siculi,
629 319 707 344 non
742 314 904 344 aratores
942 304 1010 357 (ut
1037 303 1211 357 diffitas)
1244 304 1584 349 circumveniunt;
1618 320 1695 344 non

286 374 342 420 hi,
374 375 442 426 qui
463 373 622 411 decretis
655 372 864 425 edictisque
895 373 970 410 tuis
993 372 1033 409 in
1055 380 1091 409 te
1111 371 1310 416 concitati,
1343 369 1549 423 infestique
1579 372 1693 417 sunt5

284 440 496 479 Malleolus
527 454 549 477 a
577 453 641 477 me
672 439 882 493 produd‘ffls
914 439 980 484 est,
1017 447 1055 476 et
1076 447 1196 476 mater
1216 439 1312 490 ejus,
1345 446 1459 489 atque
1480 438 1574 482 avia,
1611 453 1696 490 quae

284 507 443 552 miserae,
466 506 614 551 flentes,
645 506 818 544 eversum
838 520 858 543 a
879 515 915 544 te
934 519 1099 559 puerum
1120 505 1253 558 patriis
1275 504 1387 542 bonis
1409 504 1479 542 effe
1501 504 1695 542 dixerunt.

285 573 394 625 Qid
415 575 589 626 exped‘tas
608 573 620 609 ?
651 586 699 610 an
732 572 828 610 dum
849 572 895 610 ab
917 571 1048 610 inferis
1081 571 1147 609 ille
1169 571 1380 609 Malleolus
1401 571 1547 616 existat,
1583 581 1698 623 atque

284 640 350 678 abs
371 649 408 678 te
428 640 556 678 officia
577 640 720 684 tutelae,
742 639 965 683 sodalitatis,
993 637 1341 690 familiaritatisque
1361 636 1506 689 flagitet
1526 638 1538 674 ἒ
1571 638 1698 690 ipsum

283 715 421 758 putato
441 705 571 744 adesse.
594 706 732 744 Homo
753 705 961 744 avariffime
982 714 1019 743 et
1039 705 1290 758 spurciffime,
1314 704 1427 742 redde
1446 704 1544 741 bona
1562 704 1697 742 sodalis

283 772 367 810 filio
382 791 395 818 ;
427 773 454 811 fi
475 787 553 811 non
574 787 660 825 quae
679 773 879 817 abstulisti,
902 782 939 810 at
959 787 1044 825 quae
1064 771 1252 810 confessus
1273 785 1326 810 es.
1360 773 1442 809 Cur
1461 771 1567 824 cogis
1589 771 1698 809 soda-

283 839 332 877 lis
351 840 481 878 filium
501 839 601 878 hanc
622 840 791 893 primam
811 841 851 878 in
872 839 957 878 foro
977 853 1113 878 vocem
1133 853 1226 877 cum
1247 838 1378 876 dolore
1398 848 1437 876 et
1456 839 1700 890 querimonia

283 907 492 945 emittere?
523 921 592 945 cur
613 907 749 946 sodalis
770 921 945 952 uxorem,
981 907 1116 944 sodalis
1138 906 1305 950 socrum,
1335 906 1499 943 domurn
1531 905 1700 957 denique

284 981 408 1011 totam
428 973 564 1010 sodalis
586 975 746 1018 mortui,
768 984 901 1012 contra
922 983 958 1011 te
979 974 1247 1011 testimonium
1268 973 1393 1010 dicere
1412 973 1423 1009 ?
1458 985 1525 1009 cur
1545 972 1698 1024 puden-

284 1039 443 1078 tiffimas
475 1039 765 1091 leetifiimasque
783 1039 979 1083 foeminas,
1010 1039 1051 1076 in
1083 1049 1237 1077 tantum
1266 1039 1437 1076 virorum
1460 1048 1698 1077 conventum

286 1104 457 1143 insolitas
489 1105 702 1156 invitasque
736 1105 888 1157 prodire
922 1105 1059 1157 cogis?
1092 1105 1231 1143 Recita
1260 1105 1441 1142 omnium
1463 1104 1696 1142 testimonia.

284 1172 631 1210 TESTIMONLUM
655 1184 837 1208 MATms
864 1184 922 1208 ET
947 1184 1094 1209 AVIAE.

345 1237 581 1275 XXXVIII.
612 1237 687 1274 Pro
709 1236 907 1286 Qaestore
927 1249 1016 1275 vero
1036 1237 1235 1289 quomodo
1255 1237 1321 1275 iste
1342 1251 1552 1276 commune
1571 1238 1698 1290 Mily-

286 1303 404 1342 adum
423 1303 585 1347 vexarit,
619 1302 818 1355 quomodo
838 1303 1016 1355 Lyciam,
1041 1301 1328 1356 Pamphyliam,
1351 1303 1546 1348 Pisidiam,
1571 1303 1697 1355 Phry-

248 1412 252 1415 >
287 1370 471 1422 giamque
492 1378 614 1408 totam
634 1368 834 1408 frumento
854 1369 1095 1422 imperando,
1118 1369 1355 1414 aestimando,
1375 1368 1449 1407 hac
1481 1369 1558 1415 sua,
1580 1383 1699 1422 quam

287 1445 374 1474 tum
395 1437 571 1489 primum
599 1436 845 1488 excogitavit,
885 1435 1071 1474 Siciliensi
1107 1435 1357 1473 aestimatione
1391 1435 1584 1480 afflixerit,
1621 1450 1700 1474 non

287 1502 340 1540 est
373 1502 518 1540 neceffe
553 1502 809 1540 demonstrare
844 1502 983 1541 verbis.
1030 1503 1124 1541 Hoc
1160 1502 1319 1547 scitote;
1357 1501 1420 1540 his
1455 1503 1697 1548 nominibus,

290 1569 393 1621 (quae
427 1582 483 1607 res
504 1582 572 1622 per
591 1583 681 1606 eum
702 1569 812 1621 gestae
833 1568 935 1613 sunt,
971 1583 1063 1606 cum
1094 1568 1161 1606 iste
1195 1569 1417 1607 civitatibus
1438 1568 1698 1614 frumentum,

287 1635 403 1680 coria,
422 1636 562 1680 cilicia,
584 1635 710 1673 saccos
735 1636 953 1688 imperaret,
983 1649 1109 1687 neque
1128 1649 1171 1672 ea
1190 1635 1355 1673 sumeret
1372 1654 1384 1680 ς
1416 1649 1486 1688 pro
1504 1635 1564 1673 his
1586 1636 1700 1674 rebus

288 1701 494 1754 pecuniam
514 1701 702 1753 exigeret)
734 1699 795 1738 his
824 1701 1048 1738 nominibus
1070 1701 1172 1744 soliS‚
1205 1702 1282 1738 Cn.
1303 1701 1517 1738 Dolabellae
1539 1702 1630 1738 H-S
1653 1702 1700 1739 ad

288 1768 417 1806 tricies
438 1767 550 1806 litem
569 1766 639 1805 effe
660 1767 897 1805 aestimatam.
925 1767 1022 1818 Qae
1042 1766 1188 1810 omnia,
1210 1766 1326 1804 etiam
1349 1766 1374 1804 fi
1395 1767 1592 1804 voluntate
1612 1767 1699 1805 Do-

288 1834 436 1872 labellae
456 1833 614 1878 fiebant,
645 1847 712 1886 per
746 1834 862 1872 istum
883 1843 1012 1872 tamen
1049 1833 1181 1871 omnia
1209 1833 1453 1885 gerebantur.
1487 1833 1701 1871 consistam

287 1902 330 1940 in
351 1915 429 1940 uno
450 1901 634 1939 nomine:
667 1901 791 1938 multa
810 1901 916 1938 enim
937 1900 1023 1938 sunt
1043 1914 1089 1938 ex
1109 1899 1246 1937 eodem
1267 1913 1416 1952 genere.
1451 1900 1600 1938 Recita.
1632 1901 1698 1939 DE

291 1981 475 2007 LITIBUS
500 1981 777 2007 AESTIMATIS
803 1969 884 2007 CN.
908 1968 1207 2006 DOLABELLA-2
1232 1967 1391 2005 PRAET.
1416 1968 1459 2005 P.
1484 1967 1535 2004 R.
1562 1980 1699 2005 Piacu-

292 2048 384 2073 NIAE
421 2047 673 2080 REDACTAE,
708 2048 826 2083 QJoD
866 2048 896 2073 A
928 2047 1151 2072 COMMUNI
1186 2033 1478 2071 MxLYADUM.
1526 2035 1588 2071 Te
1618 2032 1700 2072 haec

289 2100 464 2152 coegisse,
497 2109 534 2138 te
555 2099 761 2144 aestimaffe,
795 2100 868 2137 tibi
900 2100 1106 2152 pecuniam
1133 2108 1374 2136 numeratam
1395 2098 1467 2136 effe
1487 2098 1575 2137 dico
1591 2118 1603 2144 3
1636 2113 1698 2137 ea-

290 2166 459 2219 demque
479 2166 516 2203 vi
534 2175 571 2203 et
591 2166 744 2217 injuria,
764 2179 857 2203 cum
877 2165 1056 2218 pecunias
1079 2165 1266 2203 maximas
1289 2179 1457 2218 cogeres,
1479 2180 1544 2218 per
1563 2178 1698 2204 omnes

289 2242 413 2285 partes
435 2232 642 2285 provinciae
663 2240 711 2276 te,
736 2241 920 2284 tanquam
941 2231 1113 2284 aliquam
1134 2231 1395 2270 calamitosam
1417 2232 1696 2284 tempestatem,

289 2299 526 2351 pestemque,
548 2296 741 2350 pervasiffe
758 2297 990 2336 demonstro.

346 2366 481 2417 Itaque
513 2365 576 2403 M.
599 2367 773 2410 Scaurus,
810 2365 877 2417 qui
900 2366 974 2403 Cn.
999 2365 1246 2403 Dolabellam
1278 2363 1477 2406 accusavit,
1512 2361 1625 2398 istum
1657 2361 1698 2399 in

293 2429 356 2468 sua
385 2431 565 2483 potestate
598 2445 640 2469 ac
672 2432 819 2469 ditione
854 2432 991 2470 tenuit.
1053 2433 1190 2469 Homo
1210 2429 1438 2471 adolescens,
1468 2441 1559 2465 cum
1590 2427 1696 2465 istius

292 2495 333 2532 in
353 2496 582 2548 inquirendo
606 2497 731 2535 multa
750 2497 851 2536 furta
879 2511 921 2535 ac
942 2498 1086 2550 flagitia
1107 2495 1364 2548 cognosceret,
1396 2493 1488 2531 fecit
1510 2494 1629 2546 perite
1660 2503 1698 2532 ct

293 2561 444 2601 callide.
477 2563 673 2602 Volumcn
703 2565 782 2616 ejus
804 2577 933 2603 rerum
953 2563 1143 2616 gestarum
1174 2561 1394 2600 maximum
1415 2560 1475 2599 isti
1505 2560 1695 2599 ostendit:
