2201 2792
545 175 620 225 248
970 173 1061 213 IN
1132 173 1513 214 VERREM

541 289 562 313 a
583 276 655 314 suis
686 275 933 314 civitatibus:
965 275 1123 327 quibus,
1154 275 1179 313 s1
1207 275 1301 327 quid
1321 274 1608 320 commififfent,
1639 286 1761 328 poenae
1789 271 1940 326 legibus

540 351 646 380 erant
665 341 893 380 constitutae.
926 342 986 378 Te
1006 350 1135 378 autem
1157 341 1333 386 Praetore‚
1365 341 1433 393 qui
1454 341 1598 379 Censor
1617 349 1683 378 aut
1708 340 1834 393 legem
1854 351 1940 377 me-

541 417 678 453 tueret,
711 421 786 460 qua
806 421 883 445 non
905 407 1117 451 tenebatur,
1150 407 1335 459 quoniam
1364 416 1510 445 creatus
1541 407 1624 460 lege
1647 420 1725 445 non
1754 415 1845 450 erat,
1877 413 1942 443 aut

540 475 904 513 animadverfionem
935 482 1055 518 tuam,
1086 486 1179 511 cum
1199 472 1253 517 id,
1284 473 1388 526 quod
1419 474 1483 512 abs
1505 482 1542 512 te
1571 482 1728 518 emerat,
1748 470 1940 512 vendidis-

540 540 592 579 set
612 542 625 578 ?

595 609 744 645 Teneat
768 607 851 659 jam
882 606 965 644 sane
996 619 1102 644 meos
1135 605 1242 643 testes
1264 605 1476 644 Metellus:
1509 613 1621 658 cogat
1650 605 1742 643 alios
1775 603 1941 647 laudare,

541 673 636 711 ficut
666 673 706 711 in
737 672 873 711 multis
904 681 1062 710 conatus
1083 671 1161 710 est:
1194 671 1310 710 modo
1340 671 1421 710 haec
1442 671 1568 716 faciat,
1599 684 1684 723 quae
1701 669 1809 708 facit.
1840 669 1943 720 Qis

539 740 645 778 enim
665 753 838 792 unquam
859 747 962 776 tanta
980 752 1000 775 a
1016 751 1214 790 quoquam
1231 738 1480 783 contumelia,
1498 738 1584 790 quis
1606 746 1708 775 tanta
1727 735 1943 789 ignominia

538 805 697 844 affectus
728 805 807 843 est?
853 805 1005 856 Qinto
1038 818 1193 857 quoque
1221 818 1320 842 anno
1354 805 1483 843 Sicilia
1512 813 1592 842 tota
1624 803 1821 842 censetur:
1863 809 1943 839 erat

539 871 649 909 censa
668 873 832 910 Praetore
851 871 1050 909 Peducaeo.
1087 870 1260 922 Qintus
1280 884 1400 909 annus
1422 883 1514 908 cum
1541 879 1578 908 te
1598 871 1762 908 Praetore
1782 866 1941 906 incidis·

540 937 608 982 set,
639 937 748 974 censa
777 936 902 974 denuo
933 937 999 974 est.
1032 936 1184 975 Postero
1214 950 1314 974 anno
1335 938 1383 975 L.
1406 936 1592 974 Metellus
1622 935 1864 973 mentionem
1883 932 1942 971 tui

538 1004 672 1042 census
693 1003 775 1041 fieri
795 1012 917 1041 vetat:
951 1003 1132 1041 Censores
1166 1003 1261 1041 dicit
1281 1003 1327 1040 de
1347 1004 1496 1055 integro
1528 1002 1599 1040 fibi
1618 1002 1736 1040 creari
1764 1000 1940 1054 placere:

538 1071 681 1108 interea
702 1070 979 1108 Peducaeanum
999 1069 1156 1107 censum
1177 1069 1361 1108 observari
1375 1070 1501 1122 jubet.
1538 1070 1629 1108 Hoc
1650 1068 1676 1106 fi
1697 1077 1784 1106 tuus
1803 1065 1941 1105 inimi÷

539 1150 608 1176 cus
630 1137 702 1176 tibi
720 1135 879 1181 fecisset,
902 1146 1044 1181 tamen,
1065 1137 1091 1174 fi
1112 1136 1242 1174 animo
1262 1150 1371 1188 aequo
1391 1136 1587 1189 provincia
1607 1134 1761 1179 tulisset,
1786 1132 1942 1172 inimici

532 1205 729 1256 judicium
750 1217 860 1256 grave
893 1203 1096 1241 videretur.
1141 1203 1250 1240 Fecit
1270 1204 1416 1240 amicus
1437 1216 1581 1247 recens,
1608 1211 1646 1240 et
1665 1210 1850 1253 cognatus
1870 1213 1940 1237 vo-

540 1271 754 1308 luntarius:
788 1269 896 1307 aliter
929 1269 1048 1313 enim,
1080 1269 1105 1306 fi
1125 1269 1365 1322 provinciam
1385 1269 1558 1314 retinere,
1581 1268 1607 1306 si
1639 1267 1760 1306 salvus
1791 1266 1869 1320 ipse
1898 1266 1940 1304 in

538 1337 734 1389 provincia
754 1335 867 1374 vellet
885 1334 967 1380 effe,
989 1334 1111 1373 facere
1132 1348 1208 1373 non
1231 1336 1372 1388 potuit.

595 1403 725 1441 LVII.
749 1403 936 1454 Expectas
957 1403 1088 1446 etiam,
1110 1401 1205 1454 quid
1224 1400 1266 1438 hi
1280 1402 1458 1454 judicent
1476 1402 1489 1438 ?
1521 1401 1559 1440 Si
1581 1401 1654 1439 tibi
1674 1399 1940 1453 magistratum

539 1469 759 1522 abrogass‘et,
783 1468 930 1506 minore
951 1468 1163 1520 ignominia
1183 1477 1220 1506 te
1241 1467 1432 1513 affecisset,
1453 1481 1570 1520 quam
1590 1481 1682 1506 cum
1709 1480 1764 1512 ea,
1795 1480 1880 1519 quae
1899 1466 1942 1504 in

541 1535 761 1588 magistratu
781 1533 930 1587 geffisti,
962 1533 1125 1578 sustulit,
1155 1543 1268 1586 atque
1288 1534 1392 1571 irrita
1405 1533 1511 1586 juffit
1531 1533 1615 1572 effe.
1648 1533 1788 1585 Neque
1808 1532 1849 1570 in
1869 1530 1942 1569 hac

540 1616 579 1640 re
599 1602 675 1640 sola
694 1600 770 1638 fuit
802 1599 1003 1652 ejusmodi,
1040 1599 1114 1644 sed,
1149 1609 1354 1652 antequam
1375 1613 1447 1652 ego
1481 1599 1522 1637 in
1558 1599 1728 1637 Siciliam
1762 1598 1863 1643 veni,
1898 1598 1941 1636 in

540 1667 722 1705 maximis
743 1666 870 1710 rebus,
902 1679 944 1703 ac
966 1665 1161 1718 plurImis.
1193 1665 1300 1714 Nam
1335 1674 1372 1703 et
1393 1664 1577 1703 Heraclio
1598 1663 1827 1716 Syracusano
1855 1672 1941 1702 tuos

539 1733 627 1771 illos
648 1732 864 1786 palaestritas
886 1731 985 1769 bona
1004 1731 1197 1770 restituere
1212 1732 1333 1784 justit,
1361 1740 1399 1769 et
1420 1731 1592 1785 Epicrati
1612 1731 1786 1776 Bidinos,
1808 1739 1846 1769 et
1864 1743 1940 1783 pu·

539 1799 636 1852 pino
658 1799 919 1851 Drepanitano
941 1800 991 1836 A.
1016 1797 1226 1836 Claudium
1247 1813 1256 1836 :
1288 1807 1340 1843 et,
1371 1797 1440 1836 nis1
1461 1807 1609 1836 mature
1629 1797 1795 1835 Letilius
1815 1797 1856 1834 in
1879 1797 1941 1834 Si·

540 1866 670 1903 ciliam
706 1863 858 1902 venisset
889 1877 981 1901 cum
1011 1863 1144 1908 literis,
1176 1865 1305 1902 minus
1327 1877 1415 1901 xxx
1438 1863 1571 1901 diebus
1603 1862 1790 1900 Metellus
1819 1871 1941 1900 totam

541 1931 693 1968 triennii
715 1938 915 1982 praetumm
938 1937 1043 1966 tuam
1064 1929 1279 1968 rescidisset.

603 1997 667 2039 Et,
702 1996 886 2048 quoniam
908 1995 954 2032 de
987 2008 1028 2032 ea
1049 1995 1223 2047 pecunia,
1258 2009 1375 2048 quam
1397 1995 1468 2033 tibi
1499 1995 1544 2033 ad
1576 1994 1735 2033 statuam
1757 1993 1940 2033 Censores

540 2061 801 2105 contulerunt,
834 2061 944 2105 dixi;
978 2074 1055 2098 non
1087 2060 1188 2098 mihi
1222 2061 1592 2114 praetermittendum
1628 2061 1778 2100 videtur
1811 2073 1859 2098 ne
1890 2060 1940 2098 il-

541 2128 608 2165 lud
644 2128 799 2179 quidem
830 2140 949 2179 genus
984 2127 1156 2180 pecunia:
1190 2127 1415 2172 concilium,
1446 2141 1564 2180 quam
1593 2137 1635 2166 tu
1671 2141 1692 2165 a
1720 2126 1940 2165 civitatibus

540 2194 746 2231 statuarum
780 2193 935 2230 nomine
967 2193 1135 2245 coegisti.
1167 2193 1290 2231 Video
1319 2194 1423 2231 enim
1453 2195 1534 2245 ejus
1554 2194 1726 2246 pecuniae
1746 2193 1939 2230 summam

540 2259 610 2297 effe
632 2259 907 2312 pergrande-1113
931 2258 975 2296 ad
998 2260 1087 2296 H-S
1112 2272 1196 2296 cxx
1218 2259 1354 2297 millia.
1377 2261 1552 2297 Tantum
1573 2258 1779 2297 conficitur
1797 2271 1843 2295 ex
1865 2257 1940 2295 tes-

540 2326 729 2370 timoniis,
772 2339 813 2363 ac
845 2325 962 2363 literis
997 2325 1228 2363 civitatum:
1271 2335 1309 2362 et
1340 2325 1406 2363 iste
1436 2324 1511 2363 hoc
1542 2325 1732 2368 concedit,
1764 2337 1834 2361 nec
1865 2337 1938 2376 po-

540 2391 609 2428 test
629 2391 737 2429 aliter
757 2391 894 2428 dicere.
941 2391 1069 2442 Qare
1102 2390 1317 2442 cujusmodi
1344 2399 1524 2443 putamus
1544 2390 1613 2428 csse
1634 2390 1712 2434 illa,
1749 2403 1834 2441 quae
1868 2403 1937 2427 ne-

540 2465 617 2508 gat,
654 2470 746 2494 cum
768 2456 848 2494 haec
882 2465 961 2494 tam
992 2457 1168 2509 improba
1187 2456 1272 2501 sint,
1304 2470 1388 2508 quae
1407 2455 1575 2494 fatetur?
1608 2456 1716 2508 Qid
1750 2456 1855 2493 enim
1882 2456 1939 2494 vis

540 2521 720 2560 constitui
739 2523 751 2560 ?
783 2522 1052 2576 consumptam
1082 2521 1152 2561 effe
1179 2535 1337 2562 omnem
1357 2522 1466 2561 istam
1486 2523 1690 2576 pecuniam
1716 2522 1756 2561 in
1777 2521 1904 2561 statuis
1925 2522 1938 2558 Β
