<?xml version="1.0" encoding="UTF-8"?>
<!DOCTYPE html PUBLIC "-//W3C//DTD XHTML 1.0 Transitional//EN"
    "http://www.w3.org/TR/xhtml1/DTD/xhtml1-transitional.dtd">
<html xmlns="http://www.w3.org/1999/xhtml" xml:lang="en" lang="en">
 <head>
  <title>
</title>
<meta http-equiv="Content-Type" content="text/html;charset=utf-8" />
  <meta name='ocr-system' content='tesseract 3.04.00' />
  <meta name='ocr-capabilities' content='ocr_page ocr_carea ocr_par ocr_line ocrx_word'/>
</head>
<body>
  <div class='ocr_page' id='page_1' title='image "./operacumindicibu04ciceuoft_0311.png"; bbox 0 0 2201 2792; ppageno 0'>
   <div class='ocr_carea' id='block_1_1' title="bbox 584 166 1681 226">
    <p class='ocr_par' dir='ltr' id='par_1_1' title="bbox 584 166 1681 226">
     <span class='ocr_line' id='line_1_1' title="bbox 584 166 1681 226; baseline -0.002 -21"><span class='ocrx_word' id='word_1_1' title='bbox 584 166 932 206; x_wconf 85' lang='lat' dir='ltr'><strong>ACTIONIS</strong></span> <span class='ocrx_word' id='word_1_2' title='bbox 974 167 1026 206; x_wconf 94' lang='lat' dir='ltr'>II.</span> <span class='ocrx_word' id='word_1_3' title='bbox 1088 168 1289 206; x_wconf 88' lang='lat' dir='ltr'>LIBER</span> <span class='ocrx_word' id='word_1_4' title='bbox 1321 170 1394 207; x_wconf 88' lang='lat' dir='ltr'>III.</span> <span class='ocrx_word' id='word_1_5' title='bbox 1606 185 1681 226; x_wconf 80' lang='lat'>295</span> 
     </span>
    </p>
   </div>
   <div class='ocr_carea' id='block_1_2' title="bbox 268 267 1683 589">
    <p class='ocr_par' dir='ltr' id='par_1_2' title="bbox 268 267 1683 589">
     <span class='ocr_line' id='line_1_2' title="bbox 272 267 1683 312; baseline 0.001 -6"><span class='ocrx_word' id='word_1_6' title='bbox 272 267 371 306; x_wconf 86' lang='lat' dir='ltr'>lucri</span> <span class='ocrx_word' id='word_1_7' title='bbox 393 268 511 306; x_wconf 90' lang='lat' dir='ltr'>tritici</span> <span class='ocrx_word' id='word_1_8' title='bbox 529 267 774 305; x_wconf 68' lang='lat' dir='ltr'>medimnum</span> <span class='ocrx_word' id='word_1_9' title='bbox 798 281 921 312; x_wconf 83' lang='lat' dir='ltr'>XXVI,</span> <span class='ocrx_word' id='word_1_10' title='bbox 944 277 982 306; x_wconf 89' lang='lat' dir='ltr'>et</span> <span class='ocrx_word' id='word_1_11' title='bbox 1002 267 1253 305; x_wconf 81' lang='lat' dir='ltr'>acceffionem</span> <span class='ocrx_word' id='word_1_12' title='bbox 1275 268 1367 306; x_wconf 84' lang='lat' dir='ltr'>H-S</span> <span class='ocrx_word' id='word_1_13' title='bbox 1392 280 1464 306; x_wconf 71' lang='lat' dir='ltr'>clo</span> <span class='ocrx_word' id='word_1_14' title='bbox 1490 281 1578 309; x_wconf 78' lang='lat' dir='ltr'>elo.</span> <span class='ocrx_word' id='word_1_15' title='bbox 1621 272 1683 308; x_wconf 91' lang='lat' dir='ltr'>De</span> 
     </span>
     <span class='ocr_line' id='line_1_3' title="bbox 272 334 1680 388; baseline 0.001 -16"><span class='ocrx_word' id='word_1_16' title='bbox 272 335 478 372; x_wconf 83' lang='lat' dir='ltr'>acceffione</span> <span class='ocrx_word' id='word_1_17' title='bbox 499 334 651 379; x_wconf 89' lang='lat' dir='ltr'>dubito,</span> <span class='ocrx_word' id='word_1_18' title='bbox 673 349 720 372; x_wconf 87' lang='lat' dir='ltr'>an</span> <span class='ocrx_word' id='word_1_19' title='bbox 741 335 919 388; x_wconf 87' lang='lat' dir='ltr'>Apronio</span> <span class='ocrx_word' id='word_1_20' title='bbox 940 335 1007 388; x_wconf 90' lang='lat' dir='ltr'>ipfi</span> <span class='ocrx_word' id='word_1_21' title='bbox 1027 335 1113 373; x_wconf 89' lang='lat' dir='ltr'>data</span> <span class='ocrx_word' id='word_1_22' title='bbox 1134 335 1192 379; x_wconf 87' lang='lat' dir='ltr'>fit,</span> <span class='ocrx_word' id='word_1_23' title='bbox 1225 348 1369 372; x_wconf 84' lang='lat' dir='ltr'><strong>merces</strong></span> <span class='ocrx_word' id='word_1_24' title='bbox 1391 347 1527 386; x_wconf 64' lang='lat' dir='ltr'>operas,</span> <span class='ocrx_word' id='word_1_25' title='bbox 1560 338 1680 388; x_wconf 82' lang='lat' dir='ltr'>preti-</span> 
     </span>
     <span class='ocr_line' id='line_1_4' title="bbox 269 402 1683 455; baseline 0.002 -16"><span class='ocrx_word' id='word_1_26' title='bbox 269 415 416 454; x_wconf 88' lang='lat' dir='ltr'>umque</span> <span class='ocrx_word' id='word_1_27' title='bbox 436 402 703 455; x_wconf 84' lang='lat' dir='ltr'>impudentiae.</span> <span class='ocrx_word' id='word_1_28' title='bbox 736 403 798 440; x_wconf 90' lang='lat' dir='ltr'>De</span> <span class='ocrx_word' id='word_1_29' title='bbox 820 403 939 440; x_wconf 89' lang='lat' dir='ltr'>tritici</span> <span class='ocrx_word' id='word_1_30' title='bbox 960 403 1120 455; x_wconf 89' lang='lat' dir='ltr'>quidem</span> <span class='ocrx_word' id='word_1_31' title='bbox 1142 416 1303 440; x_wconf 87' lang='lat' dir='ltr'>numero</span> <span class='ocrx_word' id='word_1_32' title='bbox 1324 411 1431 439; x_wconf 86' lang='lat' dir='ltr'>tanto</span> <span class='ocrx_word' id='word_1_33' title='bbox 1452 402 1538 453; x_wconf 83' lang='lat' dir='ltr'>quis</span> <span class='ocrx_word' id='word_1_34' title='bbox 1563 404 1683 455; x_wconf 86' lang='lat' dir='ltr'>potest</span> 
     </span>
     <span class='ocr_line' id='line_1_5' title="bbox 269 468 1680 522; baseline 0.001 -16"><span class='ocrx_word' id='word_1_35' title='bbox 269 468 458 515; x_wconf 88' lang='lat' dir='ltr'>dubitare,</span> <span class='ocrx_word' id='word_1_36' title='bbox 492 470 588 521; x_wconf 87' lang='lat' dir='ltr'>quin</span> <span class='ocrx_word' id='word_1_37' title='bbox 621 469 666 507; x_wconf 91' lang='lat' dir='ltr'>ad</span> <span class='ocrx_word' id='word_1_38' title='bbox 689 469 803 507; x_wconf 86' lang='lat' dir='ltr'>istum</span> <span class='ocrx_word' id='word_1_39' title='bbox 824 470 1045 522; x_wconf 78' lang='lat' dir='ltr'>praedonem</span> <span class='ocrx_word' id='word_1_40' title='bbox 1067 468 1383 513; x_wconf 87' lang='lat' dir='ltr'>frumentarium,</span> <span class='ocrx_word' id='word_1_41' title='bbox 1418 468 1512 506; x_wconf 85' lang='lat' dir='ltr'>ficut</span> <span class='ocrx_word' id='word_1_42' title='bbox 1534 471 1680 522; x_wconf 77' lang='lat' dir='ltr'>Agyri-</span> 
     </span>
     <span class='ocr_line' id='line_1_6' title="bbox 268 533 1682 589; baseline 0.002 -17"><span class='ocrx_word' id='word_1_43' title='bbox 268 535 382 573; x_wconf 84' lang='lat' dir='ltr'><strong>nense</strong></span> <span class='ocrx_word' id='word_1_44' title='bbox 415 535 674 580; x_wconf 87' lang='lat' dir='ltr'>frumentum,</span> <span class='ocrx_word' id='word_1_45' title='bbox 710 537 953 588; x_wconf 85' lang='lat' dir='ltr'>pervenerit?</span> <span class='ocrx_word' id='word_1_46' title='bbox 986 538 1105 574; x_wconf 89' lang='lat' dir='ltr'>Anno</span> <span class='ocrx_word' id='word_1_47' title='bbox 1139 549 1227 574; x_wconf 87' lang='lat' dir='ltr'>vero</span> <span class='ocrx_word' id='word_1_48' title='bbox 1262 536 1376 573; x_wconf 88' lang='lat' dir='ltr'>tertio</span> <span class='ocrx_word' id='word_1_49' title='bbox 1411 535 1451 573; x_wconf 87' lang='lat' dir='ltr'>in</span> <span class='ocrx_word' id='word_1_50' title='bbox 1483 533 1559 573; x_wconf 92' lang='lat' dir='ltr'>hoc</span> <span class='ocrx_word' id='word_1_51' title='bbox 1591 550 1682 589; x_wconf 84' lang='lat' dir='ltr'>agro</span> 
     </span>
    </p>
   </div>
   <div class='ocr_carea' id='block_1_3' title="bbox 268 601 859 655">
    <p class='ocr_par' dir='ltr' id='par_1_3' title="bbox 268 601 859 655">
     <span class='ocr_line' id='line_1_7' title="bbox 268 601 859 655; baseline 0.003 -17"><span class='ocrx_word' id='word_1_52' title='bbox 268 601 544 640; x_wconf 90' lang='lat' dir='ltr'>consuetudine</span> <span class='ocrx_word' id='word_1_53' title='bbox 564 602 650 640; x_wconf 88' lang='lat' dir='ltr'>usus</span> <span class='ocrx_word' id='word_1_54' title='bbox 671 603 723 640; x_wconf 91' lang='lat' dir='ltr'>est</span> <span class='ocrx_word' id='word_1_55' title='bbox 744 603 859 655; x_wconf 89' lang='lat' dir='ltr'>regia.</span> 
     </span>
    </p>
   </div>
   <div class='ocr_carea' id='block_1_4' title="bbox 265 668 1678 782">
    <p class='ocr_par' dir='ltr' id='par_1_4' title="bbox 265 668 1678 782">
     <span class='ocr_line' id='line_1_8' title="bbox 324 668 1678 721; baseline 0.001 -15"><span class='ocrx_word' id='word_1_56' title='bbox 324 669 520 707; x_wconf 81' lang='lat' dir='ltr'><strong>XXXIII.</strong></span> <span class='ocrx_word' id='word_1_57' title='bbox 553 669 681 707; x_wconf 89' lang='lat' dir='ltr'>Solere</span> <span class='ocrx_word' id='word_1_58' title='bbox 711 669 819 707; x_wconf 85' lang='lat' dir='ltr'>aiunt</span> <span class='ocrx_word' id='word_1_59' title='bbox 850 669 1025 707; x_wconf 86' lang='lat' dir='ltr'>barbaros</span> <span class='ocrx_word' id='word_1_60' title='bbox 1047 682 1153 721; x_wconf 85' lang='lat' dir='ltr'>reges</span> <span class='ocrx_word' id='word_1_61' title='bbox 1175 668 1388 712; x_wconf 86' lang='lat' dir='ltr'>Persarum,</span> <span class='ocrx_word' id='word_1_62' title='bbox 1416 682 1458 706; x_wconf 88' lang='lat' dir='ltr'>ac</span> <span class='ocrx_word' id='word_1_63' title='bbox 1480 669 1678 720; x_wconf 85' lang='lat' dir='ltr'>Syrorum,</span> 
     </span>
     <span class='ocr_line' id='line_1_9' title="bbox 265 728 1677 782; baseline 0.001 -15"><span class='ocrx_word' id='word_1_64' title='bbox 265 728 395 782; x_wconf 89' lang='lat' dir='ltr'>plures</span> <span class='ocrx_word' id='word_1_65' title='bbox 416 744 552 769; x_wconf 86' lang='lat' dir='ltr'>uxores</span> <span class='ocrx_word' id='word_1_66' title='bbox 586 730 753 776; x_wconf 85' lang='lat' dir='ltr'>habere;</span> <span class='ocrx_word' id='word_1_67' title='bbox 786 730 846 769; x_wconf 90' lang='lat' dir='ltr'>his</span> <span class='ocrx_word' id='word_1_68' title='bbox 868 740 997 769; x_wconf 90' lang='lat' dir='ltr'>autem</span> <span class='ocrx_word' id='word_1_69' title='bbox 1032 731 1218 769; x_wconf 84' lang='lat' dir='ltr'>uxoribus</span> <span class='ocrx_word' id='word_1_70' title='bbox 1249 730 1422 768; x_wconf 84' lang='lat' dir='ltr'>civitates</span> <span class='ocrx_word' id='word_1_71' title='bbox 1457 731 1677 776; x_wconf 81' lang='lat' dir='ltr'>attribuere,</span> 
     </span>
    </p>
   </div>
   <div class='ocr_carea' id='block_1_5' title="bbox 250 796 1678 2579">
    <p class='ocr_par' dir='ltr' id='par_1_5' title="bbox 253 796 1678 2166">
     <span class='ocr_line' id='line_1_10' title="bbox 265 796 1678 851; baseline 0.001 -16"><span class='ocrx_word' id='word_1_72' title='bbox 265 796 342 836; x_wconf 95' lang='lat' dir='ltr'>hoc</span> <span class='ocrx_word' id='word_1_73' title='bbox 363 799 509 844; x_wconf 87' lang='lat' dir='ltr'>modo;</span> <span class='ocrx_word' id='word_1_74' title='bbox 543 800 641 837; x_wconf 79' lang='lat' dir='ltr'>Haec</span> <span class='ocrx_word' id='word_1_75' title='bbox 673 800 807 838; x_wconf 84' lang='lat' dir='ltr'>civitas</span> <span class='ocrx_word' id='word_1_76' title='bbox 839 800 997 838; x_wconf 89' lang='lat' dir='ltr'>mulieri</span> <span class='ocrx_word' id='word_1_77' title='bbox 1028 799 1305 837; x_wconf 87' lang='lat' dir='ltr'>redimiculum</span> <span class='ocrx_word' id='word_1_78' title='bbox 1327 798 1506 851; x_wconf 83' lang='lat' dir='ltr'>praebeat,</span> <span class='ocrx_word' id='word_1_79' title='bbox 1534 798 1616 837; x_wconf 84' lang='lat' dir='ltr'>haec</span> <span class='ocrx_word' id='word_1_80' title='bbox 1638 800 1678 837; x_wconf 91' lang='lat' dir='ltr'>in</span> 
     </span>
     <span class='ocr_line' id='line_1_11' title="bbox 265 865 1677 920; baseline 0.001 -18"><span class='ocrx_word' id='word_1_81' title='bbox 265 865 428 910; x_wconf 92' lang='lat' dir='ltr'>collum,</span> <span class='ocrx_word' id='word_1_82' title='bbox 450 865 533 904; x_wconf 82' lang='lat' dir='ltr'>haec</span> <span class='ocrx_word' id='word_1_83' title='bbox 555 866 592 903; x_wconf 92' lang='lat' dir='ltr'>in</span> <span class='ocrx_word' id='word_1_84' title='bbox 624 867 763 905; x_wconf 81' lang='lat' dir='ltr'>crines,</span> <span class='ocrx_word' id='word_1_85' title='bbox 808 867 865 905; x_wconf 87' lang='lat' dir='ltr'>Ita</span> <span class='ocrx_word' id='word_1_86' title='bbox 885 867 1051 920; x_wconf 83' lang='lat' dir='ltr'>populos</span> <span class='ocrx_word' id='word_1_87' title='bbox 1072 865 1216 904; x_wconf 90' lang='lat' dir='ltr'>habent</span> <span class='ocrx_word' id='word_1_88' title='bbox 1237 865 1429 903; x_wconf 78' lang='lat' dir='ltr'>universos</span> <span class='ocrx_word' id='word_1_89' title='bbox 1453 879 1530 903; x_wconf 92' lang='lat' dir='ltr'>non</span> <span class='ocrx_word' id='word_1_90' title='bbox 1552 866 1677 904; x_wconf 90' lang='lat' dir='ltr'>solum</span> 
     </span>
     <span class='ocr_line' id='line_1_12' title="bbox 264 932 1674 979; baseline 0.001 -11"><span class='ocrx_word' id='word_1_91' title='bbox 264 932 436 970; x_wconf 84' lang='lat' dir='ltr'>conscios</span> <span class='ocrx_word' id='word_1_92' title='bbox 457 932 631 970; x_wconf 84' lang='lat' dir='ltr'>libidinis</span> <span class='ocrx_word' id='word_1_93' title='bbox 651 933 737 979; x_wconf 85' lang='lat' dir='ltr'>suae,</span> <span class='ocrx_word' id='word_1_94' title='bbox 766 947 900 971; x_wconf 89' lang='lat' dir='ltr'>verum</span> <span class='ocrx_word' id='word_1_95' title='bbox 921 934 1038 971; x_wconf 88' lang='lat' dir='ltr'>etiam</span> <span class='ocrx_word' id='word_1_96' title='bbox 1069 932 1325 970; x_wconf 80' lang='lat' dir='ltr'>administros.</span> <span class='ocrx_word' id='word_1_97' title='bbox 1360 932 1533 969; x_wconf 82' lang='lat' dir='ltr'>Eandem</span> <span class='ocrx_word' id='word_1_98' title='bbox 1554 932 1674 976; x_wconf 83' lang='lat' dir='ltr'>istius,</span> 
     </span>
     <span class='ocr_line' id='line_1_13' title="bbox 264 998 1675 1052; baseline 0 -16"><span class='ocrx_word' id='word_1_99' title='bbox 264 998 390 1050; x_wconf 84' lang='lat' dir='ltr'>quise</span> <span class='ocrx_word' id='word_1_100' title='bbox 419 1012 550 1052; x_wconf 85' lang='lat' dir='ltr'>regem</span> <span class='ocrx_word' id='word_1_101' title='bbox 584 1000 805 1038; x_wconf 85' lang='lat' dir='ltr'>Siculorum</span> <span class='ocrx_word' id='word_1_102' title='bbox 834 999 906 1037; x_wconf 84' lang='lat' dir='ltr'>effe</span> <span class='ocrx_word' id='word_1_103' title='bbox 936 1000 1114 1044; x_wconf 86' lang='lat' dir='ltr'>ducebat,</span> <span class='ocrx_word' id='word_1_104' title='bbox 1147 999 1360 1044; x_wconf 81' lang='lat' dir='ltr'>licentiam,</span> <span class='ocrx_word' id='word_1_105' title='bbox 1392 999 1675 1052; x_wconf 85' lang='lat' dir='ltr'>libidinemque</span> 
     </span>
     <span class='ocr_line' id='line_1_14' title="bbox 263 1063 1674 1119; baseline 0.001 -16"><span class='ocrx_word' id='word_1_106' title='bbox 263 1063 373 1103; x_wconf 84' lang='lat' dir='ltr'>fuiffe</span> <span class='ocrx_word' id='word_1_107' title='bbox 400 1065 634 1119; x_wconf 83' lang='lat' dir='ltr'>cognoscite.</span> <span class='ocrx_word' id='word_1_108' title='bbox 671 1066 911 1105; x_wconf 80' lang='lat' dir='ltr'>AEschrionis</span> <span class='ocrx_word' id='word_1_109' title='bbox 944 1066 1165 1118; x_wconf 87' lang='lat' dir='ltr'>Syracusani</span> <span class='ocrx_word' id='word_1_110' title='bbox 1186 1080 1283 1104; x_wconf 88' lang='lat' dir='ltr'>uxor</span> <span class='ocrx_word' id='word_1_111' title='bbox 1302 1066 1354 1103; x_wconf 89' lang='lat' dir='ltr'>est</span> <span class='ocrx_word' id='word_1_112' title='bbox 1387 1066 1531 1118; x_wconf 87' lang='lat' dir='ltr'>Pippa;</span> <span class='ocrx_word' id='word_1_113' title='bbox 1564 1067 1674 1118; x_wconf 85' lang='lat' dir='ltr'>cujus</span> 
     </span>
     <span class='ocr_line' id='line_1_15' title="bbox 262 1131 1674 1184; baseline 0.002 -16"><span class='ocrx_word' id='word_1_114' title='bbox 262 1143 420 1176; x_wconf 90' lang='lat' dir='ltr'>nomen,</span> <span class='ocrx_word' id='word_1_115' title='bbox 454 1131 561 1169; x_wconf 85' lang='lat' dir='ltr'>istius</span> <span class='ocrx_word' id='word_1_116' title='bbox 594 1132 782 1184; x_wconf 67' lang='lat' dir='ltr'>nequitia,</span> <span class='ocrx_word' id='word_1_117' title='bbox 820 1132 902 1170; x_wconf 66' lang='lat' dir='ltr'>tota</span> <span class='ocrx_word' id='word_1_118' title='bbox 933 1131 1064 1170; x_wconf 68' lang='lat' dir='ltr'>Sicilia</span> <span class='ocrx_word' id='word_1_119' title='bbox 1097 1131 1368 1184; x_wconf 85' lang='lat' dir='ltr'>pervulgatum</span> <span class='ocrx_word' id='word_1_120' title='bbox 1404 1131 1481 1169; x_wconf 92' lang='lat' dir='ltr'>est:</span> <span class='ocrx_word' id='word_1_121' title='bbox 1526 1132 1572 1169; x_wconf 91' lang='lat' dir='ltr'>de</span> <span class='ocrx_word' id='word_1_122' title='bbox 1599 1146 1674 1184; x_wconf 87' lang='lat' dir='ltr'>qua</span> 
     </span>
     <span class='ocr_line' id='line_1_16' title="bbox 262 1197 1673 1251; baseline 0.002 -16"><span class='ocrx_word' id='word_1_123' title='bbox 262 1198 424 1235; x_wconf 88' lang='lat' dir='ltr'>muliere</span> <span class='ocrx_word' id='word_1_124' title='bbox 453 1197 578 1236; x_wconf 90' lang='lat' dir='ltr'>versus</span> <span class='ocrx_word' id='word_1_125' title='bbox 599 1198 760 1251; x_wconf 86' lang='lat' dir='ltr'>plurimi</span> <span class='ocrx_word' id='word_1_126' title='bbox 795 1199 905 1251; x_wconf 88' lang='lat' dir='ltr'>supra</span> <span class='ocrx_word' id='word_1_127' title='bbox 937 1198 1120 1243; x_wconf 88' lang='lat' dir='ltr'>tribunal,</span> <span class='ocrx_word' id='word_1_128' title='bbox 1153 1207 1191 1235; x_wconf 91' lang='lat' dir='ltr'>et</span> <span class='ocrx_word' id='word_1_129' title='bbox 1217 1197 1326 1250; x_wconf 84' lang='lat' dir='ltr'>supra</span> <span class='ocrx_word' id='word_1_130' title='bbox 1349 1198 1523 1235; x_wconf 79' lang='lat' dir='ltr'>Praetoris</span> <span class='ocrx_word' id='word_1_131' title='bbox 1558 1209 1673 1251; x_wconf 80' lang='lat' dir='ltr'>caput</span> 
     </span>
     <span class='ocr_line' id='line_1_17' title="bbox 261 1263 1672 1317; baseline 0.001 -16"><span class='ocrx_word' id='word_1_132' title='bbox 261 1263 536 1303; x_wconf 70' lang='lat' dir='ltr'>scribebantur.</span> <span class='ocrx_word' id='word_1_133' title='bbox 570 1265 653 1303; x_wconf 87' lang='lat' dir='ltr'>Hic</span> <span class='ocrx_word' id='word_1_134' title='bbox 673 1264 866 1310; x_wconf 87' lang='lat' dir='ltr'>AEschrio,</span> <span class='ocrx_word' id='word_1_135' title='bbox 900 1265 1032 1317; x_wconf 84' lang='lat' dir='ltr'>Pippae</span> <span class='ocrx_word' id='word_1_136' title='bbox 1064 1265 1122 1302; x_wconf 88' lang='lat' dir='ltr'>vir</span> <span class='ocrx_word' id='word_1_137' title='bbox 1154 1264 1419 1308; x_wconf 81' lang='lat' dir='ltr'>adumbratus,</span> <span class='ocrx_word' id='word_1_138' title='bbox 1448 1265 1487 1301; x_wconf 86' lang='lat' dir='ltr'>in</span> <span class='ocrx_word' id='word_1_139' title='bbox 1522 1266 1672 1303; x_wconf 88' lang='lat' dir='ltr'>Herbi-</span> 
     </span>
     <span class='ocr_line' id='line_1_18' title="bbox 261 1330 1672 1384; baseline 0.001 -15"><span class='ocrx_word' id='word_1_140' title='bbox 261 1331 428 1369; x_wconf 88' lang='lat' dir='ltr'>tenfibus</span> <span class='ocrx_word' id='word_1_141' title='bbox 450 1332 626 1369; x_wconf 88' lang='lat' dir='ltr'>decumis</span> <span class='ocrx_word' id='word_1_142' title='bbox 646 1345 766 1369; x_wconf 83' lang='lat' dir='ltr'>novus</span> <span class='ocrx_word' id='word_1_143' title='bbox 789 1332 1003 1370; x_wconf 85' lang='lat' dir='ltr'>instituitur</span> <span class='ocrx_word' id='word_1_144' title='bbox 1022 1331 1267 1384; x_wconf 84' lang='lat' dir='ltr'>publicanus.</span> <span class='ocrx_word' id='word_1_145' title='bbox 1290 1330 1557 1375; x_wconf 84' lang='lat' dir='ltr'>Herbitenses,</span> <span class='ocrx_word' id='word_1_146' title='bbox 1578 1345 1672 1370; x_wconf 91' lang='lat' dir='ltr'>cum</span> 
     </span>
     <span class='ocr_line' id='line_1_19' title="bbox 259 1395 1670 1451; baseline 0.001 -16"><span class='ocrx_word' id='word_1_147' title='bbox 259 1395 447 1444; x_wconf 71' lang='lat' dir='ltr'>videi-ent,</span> <span class='ocrx_word' id='word_1_148' title='bbox 479 1399 504 1437; x_wconf 90' lang='lat' dir='ltr'>fi</span> <span class='ocrx_word' id='word_1_149' title='bbox 537 1399 583 1436; x_wconf 88' lang='lat' dir='ltr'>ad</span> <span class='ocrx_word' id='word_1_150' title='bbox 616 1397 889 1436; x_wconf 82' lang='lat' dir='ltr'>AEschrionem</span> <span class='ocrx_word' id='word_1_151' title='bbox 919 1399 1091 1451; x_wconf 82' lang='lat' dir='ltr'>pretium</span> <span class='ocrx_word' id='word_1_152' title='bbox 1123 1397 1286 1442; x_wconf 82' lang='lat' dir='ltr'>rediffet,</span> <span class='ocrx_word' id='word_1_153' title='bbox 1318 1398 1353 1435; x_wconf 90' lang='lat' dir='ltr'>se</span> <span class='ocrx_word' id='word_1_154' title='bbox 1390 1398 1435 1435; x_wconf 86' lang='lat' dir='ltr'>ad</span> <span class='ocrx_word' id='word_1_155' title='bbox 1467 1398 1670 1437; x_wconf 84' lang='lat' dir='ltr'>arbitrium</span> 
     </span>
     <span class='ocr_line' id='line_1_20' title="bbox 258 1464 1670 1518; baseline 0.001 -16"><span class='ocrx_word' id='word_1_156' title='bbox 258 1464 574 1504; x_wconf 80' lang='lat' dir='ltr'>libidinofiffimae</span> <span class='ocrx_word' id='word_1_157' title='bbox 594 1465 768 1503; x_wconf 87' lang='lat' dir='ltr'>mulieris</span> <span class='ocrx_word' id='word_1_158' title='bbox 789 1465 996 1518; x_wconf 88' lang='lat' dir='ltr'>spoliatum</span> <span class='ocrx_word' id='word_1_159' title='bbox 1018 1466 1078 1510; x_wconf 91' lang='lat' dir='ltr'>iri,</span> <span class='ocrx_word' id='word_1_160' title='bbox 1099 1465 1197 1502; x_wconf 89' lang='lat' dir='ltr'>liciti</span> <span class='ocrx_word' id='word_1_161' title='bbox 1216 1464 1304 1502; x_wconf 90' lang='lat' dir='ltr'>sunt</span> <span class='ocrx_word' id='word_1_162' title='bbox 1324 1465 1442 1516; x_wconf 90' lang='lat' dir='ltr'>usque</span> <span class='ocrx_word' id='word_1_163' title='bbox 1465 1478 1524 1509; x_wconf 89' lang='lat' dir='ltr'>eo,</span> <span class='ocrx_word' id='word_1_164' title='bbox 1543 1466 1670 1517; x_wconf 80' lang='lat' dir='ltr'>quoad</span> 
     </span>
     <span class='ocr_line' id='line_1_21' title="bbox 258 1530 1670 1584; baseline 0.001 -15"><span class='ocrx_word' id='word_1_165' title='bbox 258 1530 294 1569; x_wconf 89' lang='lat' dir='ltr'>se</span> <span class='ocrx_word' id='word_1_166' title='bbox 320 1532 471 1570; x_wconf 83' lang='lat' dir='ltr'>efficere</span> <span class='ocrx_word' id='word_1_167' title='bbox 500 1532 602 1584; x_wconf 83' lang='lat' dir='ltr'>poffe</span> <span class='ocrx_word' id='word_1_168' title='bbox 636 1532 930 1570; x_wconf 82' lang='lat' dir='ltr'>arbitrabantur.</span> <span class='ocrx_word' id='word_1_169' title='bbox 992 1533 1112 1584; x_wconf 83' lang='lat' dir='ltr'>Supra</span> <span class='ocrx_word' id='word_1_170' title='bbox 1142 1531 1280 1583; x_wconf 88' lang='lat' dir='ltr'>adjecit</span> <span class='ocrx_word' id='word_1_171' title='bbox 1307 1530 1511 1569; x_wconf 82' lang='lat' dir='ltr'>AEschrio:</span> <span class='ocrx_word' id='word_1_172' title='bbox 1545 1545 1670 1584; x_wconf 88' lang='lat' dir='ltr'>neque</span> 
     </span>
     <span class='ocr_line' id='line_1_22' title="bbox 257 1597 1669 1642; baseline 0.001 -8"><span class='ocrx_word' id='word_1_173' title='bbox 257 1597 362 1635; x_wconf 88' lang='lat' dir='ltr'>enim</span> <span class='ocrx_word' id='word_1_174' title='bbox 394 1598 604 1641; x_wconf 84' lang='lat' dir='ltr'>metuebat,</span> <span class='ocrx_word' id='word_1_175' title='bbox 637 1611 698 1642; x_wconf 87' lang='lat' dir='ltr'>ne,</span> <span class='ocrx_word' id='word_1_176' title='bbox 731 1599 895 1636; x_wconf 81' lang='lat' dir='ltr'>Praetore</span> <span class='ocrx_word' id='word_1_177' title='bbox 931 1598 1062 1641; x_wconf 89' lang='lat' dir='ltr'>Verre,</span> <span class='ocrx_word' id='word_1_178' title='bbox 1105 1597 1318 1635; x_wconf 79' lang='lat' dir='ltr'>decumana</span> <span class='ocrx_word' id='word_1_179' title='bbox 1353 1597 1495 1634; x_wconf 87' lang='lat' dir='ltr'>mulier</span> <span class='ocrx_word' id='word_1_180' title='bbox 1525 1597 1669 1635; x_wconf 88' lang='lat' dir='ltr'>damno</span> 
     </span>
     <span class='ocr_line' id='line_1_23' title="bbox 257 1662 1668 1715; baseline -0.001 -15"><span class='ocrx_word' id='word_1_181' title='bbox 257 1662 358 1700; x_wconf 86' lang='lat' dir='ltr'>affici</span> <span class='ocrx_word' id='word_1_182' title='bbox 390 1662 522 1715; x_wconf 80' lang='lat' dir='ltr'>posset.</span> <span class='ocrx_word' id='word_1_183' title='bbox 582 1662 804 1700; x_wconf 86' lang='lat' dir='ltr'>Adducitur</span> <span class='ocrx_word' id='word_1_184' title='bbox 835 1662 1082 1700; x_wconf 72' lang='lat' dir='ltr'>medimnum</span> <span class='ocrx_word' id='word_1_185' title='bbox 1112 1676 1230 1700; x_wconf 83' lang='lat' dir='ltr'>xxxv</span> <span class='ocrx_word' id='word_1_186' title='bbox 1264 1662 1468 1706; x_wconf 74' lang='lat' dir='ltr'>millibus,</span> <span class='ocrx_word' id='word_1_187' title='bbox 1501 1662 1668 1700; x_wconf 88' lang='lat' dir='ltr'>dimidio</span> 
     </span>
     <span class='ocr_line' id='line_1_24' title="bbox 257 1727 1665 1782; baseline -0.001 -16"><span class='ocrx_word' id='word_1_188' title='bbox 257 1727 336 1766; x_wconf 88' lang='lat' dir='ltr'>fere</span> <span class='ocrx_word' id='word_1_189' title='bbox 355 1730 492 1782; x_wconf 79' lang='lat' dir='ltr'>pluris,</span> <span class='ocrx_word' id='word_1_190' title='bbox 524 1743 641 1781; x_wconf 87' lang='lat' dir='ltr'>quam</span> <span class='ocrx_word' id='word_1_191' title='bbox 662 1729 852 1782; x_wconf 83' lang='lat' dir='ltr'>superiore</span> <span class='ocrx_word' id='word_1_192' title='bbox 884 1741 998 1767; x_wconf 89' lang='lat' dir='ltr'>anno.</span> <span class='ocrx_word' id='word_1_193' title='bbox 1042 1730 1221 1766; x_wconf 79' lang='lat' dir='ltr'>Aratores</span> <span class='ocrx_word' id='word_1_194' title='bbox 1243 1727 1420 1766; x_wconf 85' lang='lat' dir='ltr'>funditus</span> <span class='ocrx_word' id='word_1_195' title='bbox 1441 1729 1665 1766; x_wconf 89' lang='lat' dir='ltr'>everteban-</span> 
     </span>
     <span class='ocr_line' id='line_1_25' title="bbox 257 1793 1664 1848; baseline -0.001 -15"><span class='ocrx_word' id='word_1_196' title='bbox 257 1804 346 1839; x_wconf 83' lang='lat' dir='ltr'>tur;</span> <span class='ocrx_word' id='word_1_197' title='bbox 378 1805 415 1833; x_wconf 87' lang='lat' dir='ltr'>et</span> <span class='ocrx_word' id='word_1_198' title='bbox 435 1809 480 1834; x_wconf 91' lang='lat' dir='ltr'>eo</span> <span class='ocrx_word' id='word_1_199' title='bbox 510 1796 648 1848; x_wconf 86' lang='lat' dir='ltr'>magis,</span> <span class='ocrx_word' id='word_1_200' title='bbox 681 1795 785 1847; x_wconf 92' lang='lat' dir='ltr'>quod</span> <span class='ocrx_word' id='word_1_201' title='bbox 810 1797 893 1847; x_wconf 88' lang='lat' dir='ltr'>jam</span> <span class='ocrx_word' id='word_1_202' title='bbox 924 1795 1181 1848; x_wconf 87' lang='lat' dir='ltr'>superioribus</span> <span class='ocrx_word' id='word_1_203' title='bbox 1210 1795 1317 1832; x_wconf 80' lang='lat' dir='ltr'>annis</span> <span class='ocrx_word' id='word_1_204' title='bbox 1338 1793 1510 1832; x_wconf 83' lang='lat' dir='ltr'>exhausti</span> <span class='ocrx_word' id='word_1_205' title='bbox 1544 1804 1664 1840; x_wconf 89' lang='lat' dir='ltr'>erant,</span> 
     </span>
     <span class='ocr_line' id='line_1_26' title="bbox 254 1861 1664 1916; baseline -0.001 -17"><span class='ocrx_word' id='word_1_206' title='bbox 254 1875 297 1899; x_wconf 86' lang='lat' dir='ltr'>ac</span> <span class='ocrx_word' id='word_1_207' title='bbox 328 1876 425 1914; x_wconf 90' lang='lat' dir='ltr'>pene</span> <span class='ocrx_word' id='word_1_208' title='bbox 459 1862 611 1916; x_wconf 89' lang='lat' dir='ltr'>perditi.</span> <span class='ocrx_word' id='word_1_209' title='bbox 646 1862 843 1901; x_wconf 84' lang='lat' dir='ltr'>Intellexit</span> <span class='ocrx_word' id='word_1_210' title='bbox 875 1862 942 1900; x_wconf 83' lang='lat' dir='ltr'>iste</span> <span class='ocrx_word' id='word_1_211' title='bbox 973 1863 1026 1900; x_wconf 84' lang='lat' dir='ltr'>ita</span> <span class='ocrx_word' id='word_1_212' title='bbox 1060 1875 1202 1914; x_wconf 89' lang='lat' dir='ltr'>magno</span> <span class='ocrx_word' id='word_1_213' title='bbox 1233 1861 1386 1905; x_wconf 71' lang='lat' dir='ltr'>veniss‘e,</span> <span class='ocrx_word' id='word_1_214' title='bbox 1424 1871 1466 1898; x_wconf 90' lang='lat' dir='ltr'>ut</span> <span class='ocrx_word' id='word_1_215' title='bbox 1498 1862 1664 1914; x_wconf 82' lang='lat' dir='ltr'>amplius</span> 
     </span>
     <span class='ocr_line' id='line_1_27' title="bbox 254 1928 1662 1982; baseline -0.001 -15"><span class='ocrx_word' id='word_1_216' title='bbox 254 1929 301 1966; x_wconf 80' lang='lat' dir='ltr'>ab</span> <span class='ocrx_word' id='word_1_217' title='bbox 324 1929 618 1967; x_wconf 78' lang='lat' dir='ltr'>Herbitensibus</span> <span class='ocrx_word' id='word_1_218' title='bbox 653 1929 820 1982; x_wconf 87' lang='lat' dir='ltr'>exprimi</span> <span class='ocrx_word' id='word_1_219' title='bbox 855 1943 933 1967; x_wconf 90' lang='lat' dir='ltr'>non</span> <span class='ocrx_word' id='word_1_220' title='bbox 955 1928 1087 1981; x_wconf 83' lang='lat' dir='ltr'>poffet.</span> <span class='ocrx_word' id='word_1_221' title='bbox 1121 1928 1259 1966; x_wconf 90' lang='lat' dir='ltr'>Demit</span> <span class='ocrx_word' id='word_1_222' title='bbox 1280 1928 1326 1965; x_wconf 92' lang='lat' dir='ltr'>de</span> <span class='ocrx_word' id='word_1_223' title='bbox 1347 1929 1471 1981; x_wconf 88' lang='lat' dir='ltr'>capite</span> <span class='ocrx_word' id='word_1_224' title='bbox 1493 1928 1662 1966; x_wconf 90' lang='lat' dir='ltr'>medim-</span> 
     </span>
     <span class='ocr_line' id='line_1_28' title="bbox 255 1994 1661 2048; baseline -0.001 -15"><span class='ocrx_word' id='word_1_225' title='bbox 255 1995 351 2033; x_wconf 68' lang='lat' dir='ltr'>num</span> <span class='ocrx_word' id='word_1_226' title='bbox 375 2008 446 2035; x_wconf 75' lang='lat' dir='ltr'>clo</span> <span class='ocrx_word' id='word_1_227' title='bbox 472 2010 544 2037; x_wconf 76' lang='lat' dir='ltr'>cro</span> <span class='ocrx_word' id='word_1_228' title='bbox 571 2009 642 2035; x_wconf 79' lang='lat' dir='ltr'>cm</span> <span class='ocrx_word' id='word_1_229' title='bbox 670 2009 756 2036; x_wconf 77' lang='lat' dir='ltr'>loc,</span> <span class='ocrx_word' id='word_1_230' title='bbox 789 1997 908 2047; x_wconf 90' lang='lat' dir='ltr'>Jubet</span> <span class='ocrx_word' id='word_1_231' title='bbox 939 1997 979 2033; x_wconf 88' lang='lat' dir='ltr'>in</span> <span class='ocrx_word' id='word_1_232' title='bbox 1006 1996 1151 2033; x_wconf 79' lang='lat' dir='ltr'>tabulas</span> <span class='ocrx_word' id='word_1_233' title='bbox 1174 2009 1243 2048; x_wconf 91' lang='lat' dir='ltr'>pro</span> <span class='ocrx_word' id='word_1_234' title='bbox 1264 1994 1510 2033; x_wconf 66' lang='lat' dir='ltr'>medimnum</span> <span class='ocrx_word' id='word_1_235' title='bbox 1534 2009 1661 2040; x_wconf 68' lang='lat' dir='ltr'>xxm,</span> 
     </span>
     <span class='ocr_line' id='line_1_29' title="bbox 255 2061 1661 2114; baseline 0 -15"><span class='ocrx_word' id='word_1_236' title='bbox 255 2061 385 2099; x_wconf 86' lang='lat' dir='ltr'>referri</span> <span class='ocrx_word' id='word_1_237' title='bbox 407 2076 532 2107; x_wconf 66' lang='lat' dir='ltr'>xxm,</span> <span class='ocrx_word' id='word_1_238' title='bbox 554 2073 592 2100; x_wconf 91' lang='lat' dir='ltr'>et</span> <span class='ocrx_word' id='word_1_239' title='bbox 614 2074 742 2100; x_wconf 82' lang='lat' dir='ltr'>ecce.</span> <span class='ocrx_word' id='word_1_240' title='bbox 776 2063 925 2100; x_wconf 89' lang='lat' dir='ltr'>Hordei</span> <span class='ocrx_word' id='word_1_241' title='bbox 954 2062 1133 2100; x_wconf 79' lang='lat' dir='ltr'>decumas</span> <span class='ocrx_word' id='word_1_242' title='bbox 1168 2062 1337 2114; x_wconf 74' lang='lat' dir='ltr'>ejusdem</span> <span class='ocrx_word' id='word_1_243' title='bbox 1365 2062 1445 2114; x_wconf 81' lang='lat' dir='ltr'>agri</span> <span class='ocrx_word' id='word_1_244' title='bbox 1467 2063 1661 2100; x_wconf 87' lang='lat' dir='ltr'>Docimus</span> 
     </span>
     <span class='ocr_line' id='line_1_30' title="bbox 253 2139 409 2166; baseline 0.006 -1"><span class='ocrx_word' id='word_1_245' title='bbox 253 2139 409 2166; x_wconf 84' lang='lat' dir='ltr'>emerat.</span> 
     </span>
    </p>

    <p class='ocr_par' dir='ltr' id='par_1_6' title="bbox 250 2183 1657 2579">
     <span class='ocr_line' id='line_1_31' title="bbox 307 2183 1657 2246; baseline -0.001 -13"><span class='ocrx_word' id='word_1_246' title='bbox 307 2196 500 2233; x_wconf 91' lang='lat' dir='ltr'><strong>XXXIV.</strong></span> <span class='ocrx_word' id='word_1_247' title='bbox 534 2195 613 2233; x_wconf 90' lang='lat' dir='ltr'>Hic</span> <span class='ocrx_word' id='word_1_248' title='bbox 635 2194 687 2231; x_wconf 87' lang='lat' dir='ltr'>cst</span> <span class='ocrx_word' id='word_1_249' title='bbox 707 2195 914 2239; x_wconf 90' lang='lat' dir='ltr'>Docimus,</span> <span class='ocrx_word' id='word_1_250' title='bbox 937 2183 1071 2246; x_wconf 68' lang='lat' dir='ltr'>qui.ad</span> <span class='ocrx_word' id='word_1_251' title='bbox 1090 2194 1207 2232; x_wconf 90' lang='lat' dir='ltr'>istum</span> <span class='ocrx_word' id='word_1_252' title='bbox 1239 2194 1446 2232; x_wconf 83' lang='lat' dir='ltr'>deduxerat</span> <span class='ocrx_word' id='word_1_253' title='bbox 1466 2195 1657 2239; x_wconf 82' lang='lat' dir='ltr'>Tertiam,</span> 
     </span>
     <span class='ocr_line' id='line_1_32' title="bbox 253 2260 1657 2310; baseline -0.002 -11"><span class='ocrx_word' id='word_1_254' title='bbox 253 2262 385 2299; x_wconf 75' lang='lat' dir='ltr'>Isidori</span> <span class='ocrx_word' id='word_1_255' title='bbox 417 2262 531 2299; x_wconf 89' lang='lat' dir='ltr'>mimi</span> <span class='ocrx_word' id='word_1_256' title='bbox 565 2261 699 2306; x_wconf 85' lang='lat' dir='ltr'>filiam,</span> <span class='ocrx_word' id='word_1_257' title='bbox 737 2261 774 2298; x_wconf 91' lang='lat' dir='ltr'>vi</span> <span class='ocrx_word' id='word_1_258' title='bbox 806 2261 1010 2298; x_wconf 73' lang='lat' dir='ltr'>abductam</span> <span class='ocrx_word' id='word_1_259' title='bbox 1045 2261 1092 2299; x_wconf 91' lang='lat' dir='ltr'>ab</span> <span class='ocrx_word' id='word_1_260' title='bbox 1125 2260 1283 2298; x_wconf 79' lang='lat' dir='ltr'>Rhodio</span> <span class='ocrx_word' id='word_1_261' title='bbox 1317 2261 1492 2298; x_wconf 89' lang='lat' dir='ltr'>tibicine.</span> <span class='ocrx_word' id='word_1_262' title='bbox 1526 2261 1657 2310; x_wconf 81' lang='lat' dir='ltr'>Hujus</span> 
     </span>
     <span class='ocr_line' id='line_1_33' title="bbox 252 2329 1657 2382; baseline -0.003 -16"><span class='ocrx_word' id='word_1_263' title='bbox 252 2330 396 2367; x_wconf 82' lang='lat' dir='ltr'>Tertiae</span> <span class='ocrx_word' id='word_1_264' title='bbox 416 2330 501 2381; x_wconf 81' lang='lat' dir='ltr'>plus</span> <span class='ocrx_word' id='word_1_265' title='bbox 523 2331 653 2373; x_wconf 84' lang='lat' dir='ltr'>etiam,</span> <span class='ocrx_word' id='word_1_266' title='bbox 673 2343 791 2381; x_wconf 84' lang='lat' dir='ltr'>quam</span> <span class='ocrx_word' id='word_1_267' title='bbox 810 2330 954 2382; x_wconf 84' lang='lat' dir='ltr'>Pippae,</span> <span class='ocrx_word' id='word_1_268' title='bbox 976 2329 1062 2381; x_wconf 86' lang='lat' dir='ltr'>plus</span> <span class='ocrx_word' id='word_1_269' title='bbox 1084 2342 1201 2381; x_wconf 83' lang='lat' dir='ltr'>quam</span> <span class='ocrx_word' id='word_1_270' title='bbox 1218 2339 1454 2370; x_wconf 84' lang='lat' dir='ltr'>caeterarum‚</span> <span class='ocrx_word' id='word_1_271' title='bbox 1477 2340 1518 2363; x_wconf 87' lang='lat' dir='ltr'>ac</span> <span class='ocrx_word' id='word_1_272' title='bbox 1540 2341 1657 2378; x_wconf 83' lang='lat' dir='ltr'>prope</span> 
     </span>
     <span class='ocr_line' id='line_1_34' title="bbox 251 2393 1654 2449; baseline -0.001 -17"><span class='ocrx_word' id='word_1_273' title='bbox 251 2396 393 2440; x_wconf 83' lang='lat' dir='ltr'>dicam,</span> <span class='ocrx_word' id='word_1_274' title='bbox 415 2406 563 2434; x_wconf 85' lang='lat' dir='ltr'>tantum</span> <span class='ocrx_word' id='word_1_275' title='bbox 587 2397 687 2449; x_wconf 86' lang='lat' dir='ltr'>apud</span> <span class='ocrx_word' id='word_1_276' title='bbox 708 2396 821 2434; x_wconf 88' lang='lat' dir='ltr'>istum</span> <span class='ocrx_word' id='word_1_277' title='bbox 842 2397 880 2433; x_wconf 88' lang='lat' dir='ltr'>in</span> <span class='ocrx_word' id='word_1_278' title='bbox 910 2396 1095 2434; x_wconf 75' lang='lat' dir='ltr'>Siciliensi</span> <span class='ocrx_word' id='word_1_279' title='bbox 1117 2405 1278 2448; x_wconf 79' lang='lat' dir='ltr'>praetura</span> <span class='ocrx_word' id='word_1_280' title='bbox 1298 2393 1499 2431; x_wconf 58' lang='lat' dir='ltr'>auctoritas</span> <span class='ocrx_word' id='word_1_281' title='bbox 1520 2393 1654 2438; x_wconf 67' lang='lat' dir='ltr'>valuit,</span> 
     </span>
     <span class='ocr_line' id='line_1_35' title="bbox 250 2459 1653 2514; baseline -0.001 -15"><span class='ocrx_word' id='word_1_282' title='bbox 250 2472 441 2514; x_wconf 80' lang='lat' dir='ltr'>quantum</span> <span class='ocrx_word' id='word_1_283' title='bbox 460 2464 499 2500; x_wconf 90' lang='lat' dir='ltr'>in</span> <span class='ocrx_word' id='word_1_284' title='bbox 522 2463 662 2501; x_wconf 67' lang='lat' dir='ltr'>urbana</span> <span class='ocrx_word' id='word_1_285' title='bbox 684 2462 925 2501; x_wconf 53' lang='lat' dir='ltr'>Chelidonis</span> <span class='ocrx_word' id='word_1_286' title='bbox 960 2463 1132 2500; x_wconf 88' lang='lat' dir='ltr'>Veniunt</span> <span class='ocrx_word' id='word_1_287' title='bbox 1151 2461 1357 2499; x_wconf 85' lang='lat' dir='ltr'>Herbitam</span> <span class='ocrx_word' id='word_1_288' title='bbox 1379 2459 1456 2497; x_wconf 90' lang='lat' dir='ltr'>duo</span> <span class='ocrx_word' id='word_1_289' title='bbox 1480 2460 1653 2497; x_wconf 60' lang='lat' dir='ltr'>l&#39;rzrtoris</span> 
     </span>
     <span class='ocr_line' id='line_1_36' title="bbox 250 2526 1653 2579; baseline -0.001 -13"><span class='ocrx_word' id='word_1_290' title='bbox 250 2529 380 2566; x_wconf 73' lang='lat' dir='ltr'>aemuli</span> <span class='ocrx_word' id='word_1_291' title='bbox 415 2543 491 2567; x_wconf 91' lang='lat' dir='ltr'>non</span> <span class='ocrx_word' id='word_1_292' title='bbox 524 2530 686 2575; x_wconf 84' lang='lat' dir='ltr'>molesti,</span> <span class='ocrx_word' id='word_1_293' title='bbox 719 2529 1035 2568; x_wconf 63' lang='lat' dir='ltr'>muliercularum</span> <span class='ocrx_word' id='word_1_294' title='bbox 1069 2528 1350 2566; x_wconf 82' lang='lat' dir='ltr'>teterrimarum</span> <span class='ocrx_word' id='word_1_295' title='bbox 1381 2526 1653 2579; x_wconf 57' lang='lat' dir='ltr'>improllffimi</span> 
     </span>
    </p>
   </div>
  </div>
 </body>
</html>
