2201 2792
554 136 900 177 ACTIONIS
937 136 992 175 ΙΙ.
1051 135 1262 175 LIBER
1299 138 1352 177 11.
1586 153 1662 194 239

253 235 323 288 qui
356 233 546 288 oppidum
581 247 660 272 non
694 233 931 279 maximum,
975 235 1159 273 maximis
1196 249 1244 274 ex
1277 236 1441 288 pecunia
1471 237 1535 276 sua
1567 239 1663 277 locis

254 301 546 345 communibus,
583 301 924 353 monumentisque
954 301 1178 339 decoravit?
1220 303 1332 353 cujus
1363 302 1408 340 de
1444 305 1592 342 meritis
1623 306 1664 343 in

254 367 536 421 rempublicam
563 365 928 412 Thermitanorum,
964 368 1191 420 Siculosque
1223 369 1429 414 universos,
1461 368 1537 407 fuit
1564 384 1666 408 aenea

254 434 383 472 tabula
401 433 478 472 fixa
497 432 683 472 Thermis
704 433 746 471 in
766 433 885 479 curia,
907 434 949 472 in
969 448 1046 486 qua
1065 434 1222 488 publice
1241 444 1319 473 erat
1340 435 1387 473 de
1406 434 1523 488 hujus
1545 436 1663 474 bene-

253 500 352 539 ficiis
373 500 575 554 scriptum,
608 509 646 539 et
665 500 831 539 incisum
851 501 864 538 ?
897 515 981 553 quae
1002 502 1132 540 tabula
1151 510 1237 540 tum
1259 503 1425 555 imperio
1445 511 1514 540 tuo
1534 502 1664 541 revul-

253 567 304 613 sa,
334 581 440 606 nunc
459 581 480 606 a
500 581 563 606 me
582 576 712 606 tamen
733 577 923 621 reportata
942 568 1008 614 est,
1030 578 1073 607 ut
1093 582 1229 607 omnes
1244 567 1361 621 hujus
1380 569 1545 608 honores
1565 571 1667 608 inter

253 633 355 679 suos,
385 643 424 671 et
447 634 747 687 amplitudinem
779 633 928 687 possent
947 635 1189 687 cognoscere.
1222 635 1339 673 Estne
1364 635 1444 681 hic,
1476 637 1543 689 qui
1564 637 1667 689 apud

255 701 331 739 Cn.
356 702 606 753 Pompeium,
638 701 890 739 clariffimum
910 702 1052 747 virum,
1084 715 1177 740 cum
1209 702 1403 741 accusatus
1425 703 1527 748 effer,
1562 704 1668 756 quod

253 776 411 820 propter
431 768 480 805 C.
503 767 623 805 Marii
643 766 962 813 familiaritatem,
987 778 1024 807 et
1044 767 1272 822 hospitium,
1295 779 1428 807 contra
1448 770 1665 822 rempubli-

254 847 341 872 cam
361 833 504 872 senfiffe
524 847 616 872 eum
636 834 802 880 inimici,
819 844 856 872 et
877 835 1108 874 accusatores
1131 837 1211 888 ejus
1231 836 1416 881 dicerent,
1434 850 1525 874 cum
1544 837 1666 889 magis

254 900 444 939 invidioso
464 901 641 946 crimine,
657 915 774 954 quarn
797 914 885 939 vero
907 901 1162 947 arcefferetur,
1179 903 1231 940 ita
1245 916 1265 940 a
1287 904 1362 940 Cn.
1386 903 1576 956 Pompeio
1596 903 1666 940 ab·

255 966 402 1005 solutus
423 967 489 1012 est,
526 977 569 1005 ut
603 968 643 1006 in
678 982 722 1005 eo
757 968 838 1021 ipso
866 969 1019 1020 judicio
1041 969 1248 1022 Pompeius
1270 968 1377 1007 hunc
1398 968 1566 1022 hospitio
1600 970 1667 1007 suo

257 1033 528 1086 digniffirnum
548 1033 718 1072 statuerit
740 1035 752 1071 ?
785 1035 837 1071 ita
869 1048 981 1087 porro
1012 1035 1201 1080 laudatus,
1235 1035 1485 1088 defensusque
1510 1037 1557 1074 ab
1578 1050 1667 1074 om-

259 1101 374 1138 nibus
407 1100 559 1145 Siculis,
591 1110 635 1138 ut
668 1101 773 1139 idem
807 1102 1016 1154 Pompeius
1049 1116 1127 1141 non
1161 1103 1208 1140 ab
1240 1102 1400 1141 homine
1434 1103 1574 1148 solum,
1606 1102 1668 1141 sed

259 1167 377 1204 etiam
398 1180 419 1205 a
438 1167 636 1220 provincia
657 1176 736 1205 tota
756 1167 791 1205 se
807 1167 923 1220 hujus
945 1168 1185 1207 absolutione
1208 1169 1304 1207 inire
1325 1170 1487 1221 gratiam
1507 1170 1668 1208 arbitra-

257 1242 362 1271 retur
379 1233 392 1269 ?
422 1233 619 1272 Postremo
639 1233 741 1271 estne
761 1232 842 1278 hic,
875 1235 944 1287 qui
964 1243 1002 1272 et
1022 1236 1200 1273 animum
1220 1236 1260 1273 in
1292 1236 1575 1289 rempublicam
1596 1235 1667 1274 ha-

258 1300 346 1338 buit
379 1299 581 1352 ejusmodi,
613 1310 651 1338 et
672 1309 825 1338 tantum
857 1301 1081 1339 auctoritate
1101 1303 1203 1354 apud
1223 1301 1306 1340 suos
1328 1302 1428 1340 cives
1449 1303 1592 1354 potuit,
1626 1310 1670 1340 ut

258 1366 457 1420 perficeret
488 1367 528 1404 in
551 1367 679 1404 Sicilia
699 1367 813 1412 solus,
846 1376 883 1405 te
913 1369 1092 1413 Praetore‚
1130 1369 1235 1421 quod
1270 1382 1348 1407 non
1369 1369 1487 1407 modo
1517 1368 1669 1407 Siculus

258 1445 390 1478 nemo,
413 1432 475 1470 sed
494 1446 542 1471 ne
563 1431 694 1470 Sicilia
713 1432 873 1485 quidem
895 1443 986 1478 tota,
1004 1434 1184 1486 potuiffet
1201 1453 1213 1479 ς
1247 1444 1290 1472 ut
1309 1448 1355 1473 ex
1371 1434 1516 1488 oppido
1537 1433 1670 1473 Ther-

258 1500 335 1538 mis
355 1500 511 1538 nullum
531 1499 697 1552 fignum,
724 1500 880 1539 nullum
911 1511 1199 1546 ornamentum,
1229 1500 1329 1539 nihil
1350 1515 1396 1540 ex
1417 1502 1533 1546 sacro,
1571 1501 1670 1539 nihil

259 1566 307 1604 de
326 1567 486 1620 publico
506 1566 726 1619 attingeres,
762 1580 855 1606 cum
875 1567 1085 1620 praesertim
1105 1568 1221 1607 effent
1253 1568 1378 1606 multa
1410 1569 1602 1621 praeclara,
1633 1578 1671 1606 et

259 1641 305 1670 tu
323 1633 456 1670 omnia
475 1632 710 1685 concupiffes
727 1634 740 1669 ?

316 1699 499 1751 Denique
531 1711 634 1736 nune
666 1698 764 1743 vide,
796 1698 891 1750 quid
919 1698 1019 1736 inter
1054 1708 1104 1744 te,
1137 1700 1247 1752 cujus
1283 1700 1441 1738 nomine
1475 1700 1576 1753 apud
1609 1700 1669 1738 Si-

259 1765 368 1804 culos
399 1766 478 1804 dies
512 1764 597 1803 festi
627 1766 834 1818 agitantur,
865 1775 902 1804 et
936 1766 1112 1818 praeclara
1143 1767 1210 1804 illa
1243 1767 1380 1804 Verrea
1411 1766 1667 1811 celebrantur,

261 1833 326 1871 cui
357 1832 485 1871 statuae
505 1833 642 1870 Romae
664 1832 761 1870 stant
794 1833 985 1878 inauratae,
1018 1847 1038 1870 a
1058 1834 1263 1871 communi
1290 1834 1442 1878 Siciliae‚
1480 1834 1670 1885 quemad-

261 1898 426 1937 modum
458 1898 686 1951 inscriptum
717 1898 908 1944 videmus,
940 1899 1062 1937 datae:
1110 1899 1209 1944 vide,
1246 1900 1421 1951 inquam,
1449 1900 1543 1951 quid
1571 1900 1672 1937 inter

263 1975 314 2010 te,
359 1974 398 2004 et
431 1964 536 2003 hunc
573 1964 762 2010 Siculum,
800 1966 869 2018 qui
903 1965 968 2003 abs
997 1975 1033 2003 te
1067 1966 1143 2010 est,
1189 1975 1350 2019 patrono
1379 1967 1531 2011 Siciliae,
1574 1979 1671 2004 con-

263 2031 481 2076 demnatus,
507 2031 665 2069 interfit.
698 2033 820 2070 Hunc
841 2033 1013 2070 civitates
1043 2045 1090 2070 ex
1111 2033 1240 2070 Sicilia
1259 2033 1475 2085 permultae,
1500 2033 1671 2070 testimo-

264 2098 330 2136 nio
351 2097 431 2142 suo,
462 2097 795 2150 legationibusque
816 2099 866 2135 ob
887 2112 970 2135 eam
993 2112 1074 2136 rem
1096 2099 1214 2136 miffis
1236 2099 1392 2152 publice
1421 2100 1601 2143 laudant3
1636 2108 1673 2136 te

265 2164 447 2202 omnium
484 2164 704 2202 Siculorum
737 2173 945 2216 patronum
992 2178 1066 2202 una
1099 2165 1337 2203 NIamertina
1371 2166 1529 2211 civitas,
1576 2165 1672 2203 socia

264 2228 475 2274 furtorum,
507 2242 550 2266 ac
585 2229 821 2282 flagitiorum
859 2239 1031 2274 tuorum,
1063 2230 1220 2283 publice
1255 2231 1409 2274 laudat5
1443 2231 1493 2267 ita
1526 2240 1669 2272 tamen,

266 2308 366 2333 novo
398 2308 518 2340 more,
552 2303 594 2333 ut
623 2295 737 2347 legati
770 2295 921 2340 laedant,
967 2295 1107 2348 legatio
1139 2296 1295 2334 laudet:
1340 2305 1482 2333 caeterae
1512 2295 1670 2345 quidem

266 2361 436 2399 civitates
457 2362 613 2415 publice
633 2362 766 2407 literis,
798 2362 1070 2415 legationibus,
1103 2363 1330 2400 testimoniis
1352 2360 1541 2403 accusant,
1573 2372 1670 2411 quc-

268 2436 417 2471 runtur,
448 2438 639 2481 arguunt:
673 2429 697 2467 fi
721 2438 762 2467 tu
783 2429 976 2467 absolutus
998 2429 1056 2474 sis,
1089 2428 1264 2467 funditus
1292 2425 1431 2463 eversas
1454 2425 1488 2462 se
1509 2423 1579 2462 effe
1609 2437 1670 2462 ar-

270 2492 472 2532 bitrantur.
