2201 2792
631 167 978 207 ACTIONIS
1009 166 1063 205 ΙΙ.
1125 168 1335 206 LIBER
1367 170 1416 207 V.
1647 185 1720 222 421

329 272 492 311 crimine
513 270 737 324 suspicionis
767 268 840 308 effe
870 268 1086 313 affirmabo,
1118 277 1161 306 ut
1186 269 1270 321 jam
1304 268 1392 321 ipsis
1419 269 1619 320 judicibus
1650 270 1728 308 fine

330 353 414 377 mea
433 338 765 392 argumentatione
791 337 1051 389 conjefflmram
1079 334 1203 373 facer-e
1237 335 1478 388 permittam,
1516 336 1622 387 quod
1652 335 1728 375 hoc

326 418 448 457 genus
486 404 694 458 praedandi,
725 417 844 456 quam
881 402 1125 455 improbum,
1166 415 1284 454 quam
1323 401 1546 454 indignum,
1583 415 1723 453 quain-

328 486 406 525 que
440 472 486 510 ad
521 471 833 525 magnitudinem
867 470 1030 523 quaestus
1062 468 1315 514 immensum,
1345 469 1625 521 infinitumque
1659 468 1730 507 effe

329 539 514 577 videatur.

384 606 492 644 Nam
524 619 608 657 quae
629 603 695 642 iste
717 604 756 642 in
779 603 993 656 Apollonio
1023 601 1133 647 fecit,
1165 614 1207 638 ea
1226 602 1402 654 primum
1436 602 1600 639 breviter
1633 615 1728 654 cog-

328 671 486 716 noscite,
509 680 606 723 quot
625 679 662 708 et
683 678 826 723 quanta
846 669 943 714 fint3
974 667 1112 706 deiude
1141 666 1224 706 haec
1243 667 1463 720 expendite,
1485 677 1599 720 atque
1631 668 1729 706 aesti-

327 747 431 776 mate
450 738 627 791 pecunia.
660 736 890 790 Reperietis,
912 736 1059 773 idcirco
1078 734 1160 773 haec
1180 735 1220 772 in
1243 748 1322 772 uno
1341 733 1502 772 homine
1522 735 1733 787 pecunioso

328 813 386 842 tot
406 805 626 849 constituta,
658 813 700 841 ut
732 804 875 841 caeteris
896 801 1124 841 formidines
1156 801 1344 840 similium
1368 801 1726 846 incommodorum,

326 882 441 925 atque
461 872 637 926 exempla
655 872 920 925 periculorum
942 879 1258 924 proponerentur.
1292 870 1471 908 Primum
1493 869 1728 908 insimulatio

325 940 379 978 est
397 941 608 993 repentina,
631 939 819 992 capitalis,
841 948 956 991 atque
977 938 1153 976 invidiosi
1171 937 1359 975 criminis.
1397 936 1573 980 statuite,
1592 938 1727 989 quanti

325 1005 401 1044 hoc
438 1007 596 1059 putetis,
632 1015 671 1044 et
705 1019 824 1058 quam
860 1005 1005 1043 multos
1041 1003 1252 1042 redemifl'e.
1291 1003 1443 1041 Deinde
1474 1003 1623 1040 crimen
1651 1003 1728 1040 fine

326 1073 569 1117 accusatore,
615 1071 800 1110 sententia
833 1071 910 1108 fine
940 1070 1127 1114 confilio,
1159 1069 1356 1107 damnatio
1391 1069 1467 1106 fine
1497 1067 1721 1106 defensione.

327 1139 528 1177 fEstimate
547 1137 688 1177 harum
710 1152 838 1176 rerum
859 1137 1040 1175 omnium
1062 1136 1182 1190 pretia
1203 1150 1211 1174 z
1244 1144 1281 1172 et
1300 1135 1481 1187 cogitate,
1505 1134 1544 1172 in
1565 1133 1624 1172 his
1647 1135 1724 1172 ini-

325 1206 539 1257 quitatibus
561 1219 685 1243 unum
711 1203 851 1243 haefiffe
871 1204 1159 1257 Apollonium;
1191 1212 1347 1240 caeteros
1378 1199 1550 1254 profecto
1580 1201 1727 1239 multos

325 1284 372 1309 ex
392 1270 453 1309 his
475 1271 739 1309 incommodis
760 1271 924 1323 pecunia
944 1269 978 1307 se
999 1268 1182 1307 liberaffe.
1217 1267 1415 1306 Postremo
1436 1267 1614 1311 tenebrae‚
1637 1268 1724 1304 vin-

323 1338 424 1383 cula,
447 1352 588 1383 carcer,
620 1337 814 1375 inclusum
831 1336 1083 1389 supplicium,
1105 1345 1220 1387 atque
1240 1348 1261 1372 a
1280 1333 1484 1385 conspeetu
1507 1344 1723 1385 parentum,

323 1407 368 1441 ac
387 1405 568 1449 liberum,
592 1404 758 1456 denique
778 1417 799 1441 a
818 1403 942 1440 libero
963 1402 1111 1454 spiritu,
1129 1411 1166 1439 et
1187 1401 1391 1438 communi
1413 1399 1498 1436 luce
1518 1399 1722 1437 seclusum.

323 1473 421 1511 Haec
439 1485 542 1516 vero,
575 1486 660 1523 quae
687 1470 745 1508 vel
768 1470 844 1507 vita
874 1469 1012 1506 redimi
1033 1470 1131 1506 reete
1151 1467 1317 1521 poffnnt,
1349 1466 1530 1505 aestimare
1562 1467 1726 1518 pecunia.

323 1553 400 1577 non
422 1552 538 1591 queo,
572 1539 670 1576 Haec
690 1537 823 1574 omnia
852 1535 932 1573 sero
963 1535 1126 1572 redemit
1148 1534 1396 1586 Apollonius,
1428 1535 1509 1584 jani
1544 1547 1722 1577 moerore,

323 1618 366 1642 ac
388 1605 547 1642 miseriis
569 1604 740 1656 perditus
759 1617 767 1640 z
801 1601 862 1640 sed
893 1611 1022 1639 tamen
1043 1610 1197 1638 caeteros
1219 1600 1366 1643 docuit,
1399 1609 1485 1636 ante
1507 1598 1611 1636 istius
1634 1612 1722 1636 ava-

324 1671 432 1715 ritia’,
455 1684 497 1708 ac
519 1670 649 1707 sceleri
681 1682 893 1706 occurrere.
926 1666 1012 1705 Nisi
1044 1680 1132 1704 vero
1153 1665 1394 1708 existimatis,
1426 1664 1629 1702 hominem
1652 1678 1721 1716 pe-

322 1737 625 1775 Cunioslffimunl
648 1736 724 1774 fine
742 1736 871 1787 aliqua
890 1734 999 1772 causa
1019 1733 1183 1785 quaestus
1214 1733 1398 1784 injectum
1427 1732 1472 1768 ad
1494 1740 1571 1768 tam
1593 1732 1720 1768 incre-

322 1805 442 1845 dibile
464 1805 627 1847 crimen,
649 1813 715 1840 aut
735 1802 812 1840 fine
831 1801 962 1839 eadem
984 1800 1091 1837 causa
1118 1809 1271 1851 repente
1297 1812 1316 1835 e
1344 1811 1492 1835 carcere
1525 1798 1719 1842 emiffum,

321 1881 387 1909 aut
409 1870 483 1909 hoc
503 1869 694 1924 praedandi
716 1881 836 1920 genus
855 1868 902 1905 ab
926 1867 996 1904 isto
1016 1867 1055 1903 in
1082 1866 1150 1903 illo
1173 1879 1249 1903 nno
1271 1863 1507 1907 adhibitum,
1531 1878 1572 1900 :ic
1595 1873 1720 1901 tenta-

322 1946 423 1982 tum,
451 1946 487 1974 et
509 1950 584 1974 non
607 1949 672 1989 per
693 1935 807 1972 illum
828 1933 1013 1972 omnibus
1046 1931 1259 1985 pecuniosis
1295 1931 1432 1967 Siculis
1456 1939 1605 1967 metum
1628 1944 1720 1983 pro-

321 2004 503 2056 positum,
525 2013 562 2041 et
583 2003 783 2054 injectum.

378 2071 429 2107 X.
453 2070 583 2121 Cupio
604 2067 719 2112 mihi,
742 2067 912 2118 Judices,
946 2065 993 2103 ab
1013 2065 1082 2103 illo
1103 2065 1254 2116 subjici,
1286 2064 1471 2116 quoniam
1494 2063 1540 2101 de
1561 2063 1721 2101 militari

321 2136 402 2188 ejus
423 2136 545 2188 gloria
577 2135 678 2178 dico,
714 2134 739 2171 fi
762 2133 856 2185 quid
891 2132 989 2170 forte
1011 2141 1204 2184 praetereo.
1238 2132 1344 2169 Nam
1377 2129 1478 2168 mihi
1512 2130 1643 2167 videor
1672 2130 1719 2166 de

320 2203 504 2242 omnibus
520 2203 602 2254 jam
624 2200 736 2238 rebus
758 2201 838 2252 ejus
859 2199 971 2251 gestis
1001 2197 1147 2243 dixiffe,
1178 2212 1264 2250 quae
1284 2197 1445 2249 quidem
1475 2196 1520 2234 ad
1540 2195 1631 2234 belli
1651 2194 1717 2232 fu-

319 2270 529 2322 gitivorum
551 2268 784 2320 pertinerent
802 2265 1054 2318 suspicionem
1072 2280 1080 2303 :
1112 2274 1214 2302 certe
1227 2263 1324 2302 nihil
1343 2263 1463 2301 sciens
1480 2261 1716 2314 p1·aetei·mifi.

320 2336 485 2373 Habetis
506 2333 680 2372 hominis
714 2332 882 2376 consilia,
914 2330 1172 2384 diligentiam,
1200 2330 1456 2382 vigilantiam,
1488 2326 1715 2371 custodiam,

322 2399 658 2451 defensionemque
675 2398 895 2451 provinciae.
919 2399 1079 2435 Summa
1093 2396 1187 2434 illuc
1203 2395 1381 2447 pertinet,
1397 2402 1439 2430 ut
1455 2391 1593 2435 sciatis,
1615 2404 1716 2442 quo-

320 2467 424 2503 niam
462 2467 570 2517 plura
601 2477 740 2517 genera
760 2464 847 2502 sunt
867 2465 1161 2516 imperatorum,
1193 2474 1239 2498 ex
1274 2474 1353 2511 quo
1382 2471 1518 2510 genere
1552 2456 1618 2494 iste
1654 2457 1711 2495 sit.

322 2532 383 2570 Ne
403 2531 548 2569 diutius
569 2531 611 2569 in
632 2539 736 2569 tanta
755 2530 914 2585 penui-ia
933 2530 1103 2567 virorum
1125 2526 1286 2565 fortium
1308 2525 1421 2562 talem
1444 2524 1715 2576 imperatorem
