2201 2792
679 130 1024 170 ACTIONIS
1061 132 1114 169 II.
1174 131 1384 171 LIBER
1421 133 1472 172 V.
1694 148 1775 189 457

379 236 422 266 ut
443 228 544 274 dico,
566 228 698 267 omnia
710 229 794 281 jam
815 228 907 266 socii
927 227 1036 266 vestri
1055 228 1283 281 relinquunt
1303 237 1340 267 et
1361 230 1579 282 negligunt,
1601 230 1771 282 Judices,

379 295 443 334 Ne
461 296 619 348 publice
639 309 660 333 a
688 295 837 349 populo
857 295 1038 334 Romano
1058 295 1323 348 spoliarentur,
1354 295 1492 334 officiis
1519 310 1561 334 ac
1587 296 1662 334 fide
1681 311 1771 349 pro-

378 361 569 401 viderunt.
594 363 812 401 Paucorum
832 362 1035 416 cupiditati
1057 371 1157 408 tum,
1182 375 1274 401 cum
1294 361 1468 400 obsistere
1488 376 1567 401 non
1582 371 1772 416 poterant,

377 435 509 466 tamen
529 427 698 466 sufficere
719 429 849 481 aliquo
881 428 999 467 modo
1019 437 1194 481 poterant
1212 443 1221 466 z
1254 440 1358 466 nunc
1378 441 1468 466 vero
1492 429 1576 480 jam
1597 428 1775 481 adempta

378 494 432 532 est
459 509 538 534 non
570 495 687 533 modo
719 495 923 540 resistendi,
956 508 1092 533 verum
1122 495 1239 533 etiam
1273 495 1564 548 suppeditandi,
1596 494 1773 535 facultas.

378 561 513 614 Itaque
539 575 596 600 res
616 561 696 599 suas
717 561 921 614 negligunt
933 580 945 606 3
976 561 1175 613 pecuniam,
1207 575 1285 613 quo
1307 562 1466 600 nomine
1480 562 1678 614 judicium
1698 560 1774 600 hoc

378 627 604 679 appellatur,
628 641 707 665 non
727 635 931 679 repetunt3
954 627 1181 678 relinquunt
1200 635 1238 664 et
1258 627 1475 679 negligunt.
1499 628 1591 666 Hoc
1605 628 1689 680 jam
1709 641 1774 666 or·

376 702 470 730 natu
489 693 536 731 ad
567 706 633 731 vos
663 691 911 746 confugiunt.
942 693 1131 746 Aspicite,
1163 692 1330 746 aspicite,
1353 693 1526 744 Judices,
1558 693 1776 747 squalorem

376 759 574 812 sordesque
594 760 800 799 sociorum.

439 822 591 860 XLIX.
624 820 804 860 Sthenius
837 820 904 860 hic
939 819 1217 860 Thermitanus
1251 835 1343 860 cum
1374 820 1450 860 hoc
1483 822 1625 875 capillo
1659 831 1775 875 atque

377 887 491 932 veste,
513 888 631 940 domo
651 887 714 926 sua
734 897 814 927 tota
832 888 1010 941 expilata,
1033 889 1274 926 mentionem
1299 898 1457 926 tuorum
1476 887 1672 927 furtorum
1695 902 1774 927 non

377 951 495 998 facit;
518 953 591 992 sese
610 953 738 1007 ipsum
759 955 824 992 abs
845 963 882 993 te
902 954 1051 1007 repetit,
1073 953 1174 993 nihil
1196 954 1378 1007 amplius.
1401 956 1554 993 Totum
1574 955 1694 1000 enim,
1710 965 1776 993 tua

378 1018 543 1057 libidine
562 1029 600 1057 et
620 1020 771 1065 scelere,
802 1033 849 1058 ex
883 1019 946 1057 sua
976 1020 1108 1073 patria,
1144 1021 1185 1057 in
1217 1033 1293 1072 qua
1322 1020 1459 1058 multis
1491 1021 1700 1059 virtutibus
1736 1030 1776 1059 et

380 1085 576 1124 beneficiis
603 1086 733 1125 floruit
752 1087 945 1140 princeps,
967 1086 1160 1125 sustulisti.
1206 1087 1335 1124 Dexio
1366 1085 1444 1132 hic,
1481 1100 1600 1139 quem
1620 1087 1772 1132 videtis,

378 1166 457 1191 non
478 1166 562 1205 quae
581 1153 739 1205 publice
761 1154 947 1205 Tyndari,
978 1167 1056 1191 non
1077 1167 1162 1206 quae
1181 1153 1362 1206 privatim
1382 1153 1467 1198 fibi,
1496 1153 1679 1206 eripuisti,
1711 1154 1775 1193 sed

379 1219 541 1257 unicum
561 1220 674 1257 miser
704 1221 769 1258 abs
802 1230 838 1258 te
858 1220 986 1258 filiurn
1008 1220 1221 1272 optimum,
1255 1230 1370 1272 atque
1399 1220 1772 1266 innocentiffimum,

377 1285 537 1338 flagitat.
570 1286 666 1324 Non
697 1299 743 1324 ex
778 1286 912 1324 litibus
934 1286 1125 1324 aestimatis
1159 1287 1234 1323 tuis
1268 1287 1473 1338 pecuniam
1502 1287 1679 1332 domum,
1711 1287 1773 1326 sed

377 1365 425 1390 ex
460 1362 526 1390 tua
545 1352 761 1391 calamitate
781 1353 900 1390 cineri
921 1362 1036 1405 atque
1056 1352 1196 1390 ossibus
1217 1352 1288 1390 filii
1310 1353 1365 1390 sui
1386 1352 1565 1392 solatium
1597 1354 1681 1392 vult
1701 1354 1772 1392 ali-

378 1419 483 1470 quod
523 1428 725 1472 reportare.
757 1420 839 1458 Hic
861 1429 938 1457 tam
966 1419 1119 1471 grandis
1151 1429 1243 1457 natu
1271 1419 1467 1457 Eubulida
1500 1418 1577 1458 hoc
1605 1430 1772 1465 tantum,

377 1487 507 1524 exaesa
526 1495 646 1531 aetate,
680 1486 819 1523 laboris
840 1485 1063 1537 itinerisque
1083 1485 1259 1537 suscepit,
1291 1499 1369 1524 non
1390 1495 1434 1523 ut
1453 1486 1600 1538 aliquid
1620 1500 1667 1525 ex
1698 1486 1772 1525 suis

378 1552 489 1590 bonis
521 1561 787 1605 recuperaret;
819 1552 880 1590 sed
912 1561 968 1596 ut,
1004 1551 1146 1604 quibus
1167 1552 1290 1590 oculis
1311 1562 1486 1592 cruentas
1515 1554 1679 1592 cervices
1701 1553 1774 1592 filii

377 1617 433 1656 sui
454 1619 612 1664 viderat,
628 1618 764 1656 iisdem
786 1627 821 1655 te
841 1617 1146 1656 condemnatum
1165 1618 1322 1656 videret.

438 1685 475 1722 Si
497 1698 564 1737 per
594 1686 642 1723 L.
667 1684 878 1722 Metellum
908 1684 1063 1721 licitum
1096 1683 1198 1728 effet,
1221 1684 1393 1735 Judices,
1427 1694 1565 1724 matres
1597 1686 1770 1733 illorum,

377 1764 529 1796 uxores,
560 1750 775 1803 sororesque
806 1750 1022 1788 veniebant.
1056 1751 1233 1801 Qarum
1255 1763 1341 1794 una,
1371 1763 1463 1788 cum
1483 1764 1555 1804 ego
1575 1752 1620 1789 ad
1641 1754 1771 1792 Hera-

376 1817 492 1855 cliam
514 1819 629 1855 noetu
664 1817 898 1862 accederem,
935 1830 1026 1854 cum
1048 1817 1230 1854 omnibus
1258 1817 1442 1854 matronis
1474 1818 1554 1868 ejus
1589 1819 1770 1866 civitatis,

376 1893 414 1921 et
434 1898 526 1921 cum
548 1883 682 1921 multis
704 1882 866 1927 facibus,
899 1881 999 1920 mihi
1030 1883 1184 1920 obviam
1207 1883 1325 1927 venit,
1357 1893 1394 1920 ct
1426 1883 1477 1920 ita
1504 1898 1565 1922 me
1587 1884 1691 1923 suain
1713 1886 1769 1924 sa-

377 1951 499 1988 lutem
519 1950 728 2003 appellans,
761 1959 797 1987 te
819 1950 928 1987 suum
950 1948 1168 1988 carnificem
1192 1950 1410 1994 nominans,
1436 1951 1506 1989 filii
1528 1965 1669 1989 nomen
1691 1954 1770 1992 im-

378 2016 544 2068 plorans,
578 2015 678 2053 mihi
698 2016 743 2053 ad
764 2016 876 2068 pedes
909 2016 1041 2053 misera
1074 2016 1205 2065 jacuit,
1240 2017 1342 2067 quasi
1363 2030 1436 2069 ego
1456 2018 1621 2056 excitare
1641 2019 1769 2058 filium

377 2083 457 2133 ejus
477 2082 524 2119 ab
544 2080 674 2119 inferis
695 2081 853 2133 poffem.
877 2082 1084 2119 Faciebant
1102 2081 1177 2118 hoc
1198 2082 1301 2119 idem
1323 2083 1362 2120 in
1383 2085 1527 2122 caeteris
1549 2084 1768 2123 civitatibus

377 2148 536 2200 grandes
553 2157 645 2185 natu
662 2156 814 2192 matres,
832 2158 869 2185 et
890 2149 984 2185 item
1005 2148 1153 2199 parvuli
1176 2148 1300 2193 liberi,
1323 2149 1548 2189 miserorum
1567 2165 1575 2188 :
1600 2165 1768 2202 quorum

378 2224 632 2266 utrorumque
651 2223 738 2253 aetas
758 2214 929 2252 laborem
949 2223 987 2251 et
1008 2214 1231 2252 iudustriam
1254 2228 1394 2261 meam,
1418 2216 1535 2256 fidem
1562 2226 1598 2255 et
1619 2217 1766 2255 miseri-

377 2280 549 2319 cordiam
569 2280 743 2325 vestram,
765 2280 992 2331 requirebat.

417 2347 552 2399 Itaque
572 2347 617 2385 ad
637 2360 713 2391 me,
735 2347 906 2398 Judices,
928 2356 1062 2399 praeter
1082 2356 1230 2385 ca>teras
1248 2345 1348 2385 hanc
1365 2348 1647 2399 querimoniam
1668 2348 1766 2385 Sici-

379 2412 429 2450 lia
449 2412 601 2450 detulit.
634 2414 834 2465 Lacrymis
866 2427 937 2467 ego
957 2412 1002 2451 ad
1023 2411 1112 2459 hoc,
1146 2427 1221 2453 non
1239 2413 1373 2466 gloria,
1408 2413 1585 2452 inductus
1605 2415 1734 2452 aeceffi
1756 2429 1763 2450 :

462 2480 527 2517 To
540 2492 590 2518 M.
614 2480 684 2517 IV.
1295 2480 1342 2517 M
1366 2494 1405 2518 in
1426 2493 1466 2517 m
