2201 2792
531 170 606 219 184
953 167 1043 206 IN
1118 167 1502 207 VERREM

524 269 591 307 iste
610 269 800 321 pune'mm
821 267 1008 319 temporis
1040 266 1195 304 nullum
1226 280 1392 304 vacuum
1412 275 1570 319 peccato
1593 265 1782 319 praeterire
1802 265 1923 319 paffus

525 336 584 380 fit,
607 335 751 378 omnia,
787 347 871 385 quae
891 333 937 371 ab
958 333 1028 370 isto
1048 332 1246 370 commiffa
1266 333 1366 378 sunt,
1397 346 1475 370 non
1495 332 1657 385 potuiffe
1681 332 1922 385 cognoscere.

526 402 771 453 Qapropter
801 400 854 436 ita
873 412 935 436 me
956 399 1002 436 de
1021 407 1192 450 praeturae
1212 399 1441 436 criminibus
1462 399 1645 444 auditote,
1676 407 1719 436 ut
1749 412 1796 436 ex
1817 407 1924 436 utro-

525 481 601 520 que
621 479 756 519 genere
776 474 812 503 et
827 465 924 516 juris
946 464 1114 508 dicendi,
1146 474 1183 502 et
1208 464 1394 502 sartorum
1421 466 1610 502 tectorum
1631 464 1924 516 exigendorum,

526 547 568 571 ea
588 532 800 586 postuletis,
837 544 921 582 quae
943 531 1112 568 maxime
1147 530 1262 582 digna
1282 530 1369 568 sunt
1402 544 1447 568 eo
1481 543 1558 575 reo,
1590 531 1653 568 cui
1687 544 1847 582 parvum
1883 542 1925 567 ac

526 600 721 638 mediocre
751 597 869 649 objici
901 595 999 633 nihil
1021 604 1205 648 oporteat.
1253 596 1359 633 Nam
1394 604 1437 633 ut
1457 596 1600 634 Praetor
1619 594 1740 633 faetus
1761 595 1826 640 est,
1858 595 1927 647 qui

526 665 718 719 auspicato
749 678 769 702 a
790 662 1005 702 Chelidone
1026 661 1249 706 surrexisset,
1281 662 1419 700 sortem
1437 664 1568 700 nactus
1589 661 1641 699 est
1663 662 1813 699 urbanae
1833 674 1925 714 pro-

525 732 675 776 vinciae,
707 729 828 782 magis
858 742 905 766 ex
934 728 1011 773 sua,
1048 737 1086 765 et
1106 726 1348 772 Chelidonis,
1385 741 1503 780 quam
1533 741 1580 766 ex
1600 727 1737 780 populi
1758 726 1927 765 Romani

525 799 736 837 voluntate.
783 795 865 851 Qi
885 793 1092 848 principio,
1123 794 1246 849 qualis
1266 794 1307 832 in
1336 794 1462 834 εάἰξὶο
1495 793 1762 836 constituendo
1794 791 1927 838 fuerit,

526 865 758 918 cognoscite.

580 932 691 969 XLI.
724 931 769 968 P.
792 929 944 967 Annius
966 928 1116 967 Asellus
1150 940 1325 968 mortuus
1357 929 1422 974 est,
1455 930 1502 968 C.
1527 929 1725 968 Sacerdote
1746 929 1924 966 Praetore.

526 997 563 1035 Is
584 1010 676 1034 cum
694 994 852 1033 haberet
872 995 1027 1032 unicam
1048 995 1183 1039 filiam,
1205 1009 1329 1046 neque
1348 994 1482 1033 census
1502 993 1604 1038 effet,
1625 993 1729 1046 quod
1750 1006 1840 1030 eum
1859 1006 1928 1030 na-

526 1072 610 1101 tura
629 1061 865 1104 hortabatur,
897 1061 959 1098 lex
980 1060 1085 1098 nulla
1104 1059 1347 1112 prohibebat,
1378 1059 1486 1104 fecit,
1518 1069 1561 1098 ut
1581 1059 1700 1097 filiam
1722 1058 1833 1097 bonis
1854 1058 1928 1097 suis

525 1128 707 1167 heredem
727 1127 954 1166 institueret.
1000 1127 1123 1166 Heres
1143 1136 1221 1165 erat
1242 1126 1320 1164 filia
1337 1141 1346 1165 :
1377 1126 1570 1164 faciebant
1589 1126 1721 1164 omnia
1739 1139 1833 1164 cum
1853 1139 1928 1178 pu·-

524 1195 631 1248 piHa,
663 1195 756 1247 legis
778 1194 950 1245 aequitas,
971 1193 1146 1231 voluntas
1168 1193 1298 1244 patris,
1333 1192 1455 1229 edicta
1476 1193 1702 1236 Praetorum‚
1721 1191 1928 1230 consuetu-

525 1261 576 1298 do
591 1260 689 1312 juris
710 1260 805 1310 ejus,
828 1258 932 1309 quod
952 1266 1030 1294 erat
1051 1266 1151 1301 tum,
1173 1270 1266 1294 cum
1286 1256 1436 1295 Asellus
1455 1256 1507 1294 est
1527 1265 1719 1295 mortuus,

583 1325 669 1368 Iste,
706 1325 847 1362 Praetor
881 1322 1095 1374 designatus
1129 1322 1281 1373 (utrum
1310 1322 1545 1367 admonitus,
1577 1336 1623 1360 an
1654 1330 1835 1368 tentatus,
1866 1336 1927 1367 an,

525 1405 602 1444 qua
631 1390 684 1428 est
717 1389 783 1427 iste
814 1389 1012 1441 sagacitate
1032 1388 1073 1426 in
1104 1387 1164 1426 his
1196 1389 1323 1433 rebus,
1355 1388 1431 1426 fine
1452 1388 1549 1426 duce
1570 1389 1665 1433 ullo,
1696 1389 1773 1427 fine
1802 1389 1932 1427 indice

527 1457 741 1510 pervenerit
773 1455 817 1493 ad
837 1453 937 1492 hanc
957 1453 1265 1507 improbitatem,
1296 1453 1421 1493 nescio
1436 1472 1448 1499 3
1481 1467 1547 1493 vos
1578 1452 1730 1493 tantum
1757 1454 1930 1493 hominis

526 1523 738 1567 audaciam,
761 1521 1047 1573 amentiamque
1067 1521 1304 1572 cognoscite)
1338 1521 1504 1574 appellat
1525 1519 1707 1559 heredem
1725 1522 1776 1559 L.
1799 1521 1930 1559 Anni-

526 1604 610 1634 um,
626 1589 693 1641 qui
714 1597 791 1625 erat
811 1587 1005 1625 institutus
1026 1586 1236 1626 secundum
1258 1587 1393 1632 filiam,
1414 1587 1510 1638 (non
1531 1588 1636 1625 enim
1656 1586 1758 1625 mihi
1777 1587 1932 1640 persua-

525 1657 652 1700 detur,
674 1655 789 1692 istum
809 1654 855 1691 ab
876 1653 944 1691 illo
964 1653 1069 1706 prius
1090 1653 1343 1705 appellatum)
1367 1653 1463 1690 dicit
1482 1653 1518 1690 se
1542 1653 1642 1706 poffe
1661 1654 1696 1691 ei
1716 1653 1932 1693 condonare

527 1721 651 1759 edieto
671 1719 931 1757 haereditatem
952 1733 960 1756 :
993 1718 1104 1756 docet
1124 1712 1343 1762 hominem,
1365 1717 1460 1770 quid
1480 1718 1598 1770 poffet
1618 1718 1713 1757 fieri.
1749 1719 1813 1757 Illi
1831 1720 1932 1758 bona

527 1800 613 1833 res„
630 1785 724 1823 huic
746 1784 965 1829 vendibilis,
1002 1784 1216 1823 videbatur.
1264 1784 1349 1829 Iste,
1378 1784 1524 1822 tametfi
1544 1785 1722 1837 singulari
1742 1785 1794 1824 est
1814 1786 1931 1823 auda-

527 1854 600 1897 cia,
623 1861 752 1890 tamen
772 1851 818 1888 ad
838 1850 994 1902 pupillae
1026 1860 1190 1888 matrem
1221 1850 1501 1889 summittebat.
1533 1851 1707 1889 Malebat
1726 1851 1932 1902 pecuniam

526 1919 711 1970 accipere,
745 1929 792 1953 ne
813 1916 907 1966 quid
930 1915 1018 1952 novi
1038 1915 1216 1959 ediceret,
1252 1929 1369 1967 quam
1403 1924 1446 1952 ut
1466 1913 1541 1952 hoc
1562 1915 1732 1954 edictum
1752 1925 1831 1955 tam
1851 1916 1931 1955 im-

528 1984 711 2036 probum,
734 1991 771 2018 et
791 1980 1050 2018 inhumanum
1072 1981 1343 2033 interponeret-

585 2049 768 2091 Tutores,
791 2046 993 2099 pecuniam
1018 2047 1173 2084 Praetori
1194 2047 1219 2084 fi
1241 2047 1397 2100 pupillae
1419 2048 1576 2086 nomine
1596 2048 1794 2094 dedissent,
1815 2062 1930 2103 gran-

529 2115 617 2153 dem
638 2113 857 2166 praesertim,
880 2113 1214 2164 quemadmodum
1235 2114 1273 2150 in
1305 2114 1493 2151 rationem
1514 2115 1753 2160 inducerent,
1790 2128 1931 2168 quem-

530 2180 742 2218 admodum
778 2178 853 2215 sine
886 2179 1057 2230 periculo
1092 2179 1157 2217 suo
1177 2179 1263 2217 dare
1282 2179 1440 2232 possent,
1473 2194 1551 2218 non
1579 2181 1786 2225 videbant5
1818 2180 1932 2218 fimul

529 2256 568 2285 et
588 2246 703 2284 istum
724 2244 804 2283 fore
835 2253 914 2281 tam
935 2245 1161 2296 improbum
1193 2260 1268 2283 non
1300 2246 1591 2285 arbitrabantur.
1631 2248 1733 2298 Saepc
1763 2245 1932 2298 appella-

530 2313 575 2357 ti,
607 2318 922 2364 pernegaverunt.
956 2310 1026 2347 Iste
1058 2310 1104 2346 ad
1134 2310 1337 2348 arbitrium
1368 2312 1462 2362 ejuS‚
1494 2312 1558 2348 cui
1588 2311 1818 2348 condonarat
1850 2309 1931 2348 ha:-

532 2378 734 2415 reditatem
770 2384 939 2428 ereptam
975 2374 1103 2412 liberis
1119 2404 1129 2419 ,
1175 2389 1291 2427 quam
1323 2390 1480 2427 aequum
1515 2376 1685 2414 edictum
1721 2375 1931 2428 scripserit,

527 2442 671 2494 quaesQ
707 2441 938 2493 cognoscite.
991 2442 1022 2479 C
1029 2455 1088 2476 ΠΜ
1116 2441 1334 2493 intellsgam‚
1365 2442 1470 2493 legem
1497 2442 1686 2480 Voconiam
1720 2470 1729 2479 .
1755 2472 1762 2480 .
1789 2472 1796 2480 .
1831 2443 1932 2494 Qis

534 2521 706 2561 unquam
733 2508 914 2554 crederet,
938 2508 1097 2546 Verrem
1128 2507 1339 2546 mulierum
1360 2507 1613 2547 adversarium
1637 2507 1848 2549 futurum?
1885 2522 1932 2548 an
