2201 2792
523 218 655 258 PRO
700 216 837 256 SEX.
880 215 1143 256 ROSCIO
1187 217 1544 258 AMERINo,
1690 237 1738 277 53

328 333 422 359 meae
440 318 612 371 poterit;
645 316 795 356 tametfi
825 330 904 355 n-on
935 317 1054 355 modo
1074 316 1298 370 ignoscendi
1321 317 1430 364 ratio,
1464 332 1601 358 verum
1622 321 1740 360 etiam

325 384 580 438 cognoscendi
600 383 838 422 consuetudo
852 384 936 436 jam
956 383 1002 421 de
1023 384 1179 421 civitate
1199 383 1346 422 sublata
1364 384 1430 423 est.

379 450 546 489 Accedit
565 449 632 488 illa
652 462 809 502 quoque
836 449 960 494 causa,
984 449 1091 502 quod
1111 463 1132 487 a
1150 450 1296 488 caeteris
1317 449 1475 489 forfitan
1495 451 1548 489 ita
1569 453 1738 505 petitum

324 517 382 563 fit,
404 527 448 555 ut
469 518 653 562 dicerent,
687 526 731 555 ut
751 517 944 555 utrumvis
976 517 1075 555 salvo
1096 516 1228 555 officio
1247 517 1283 555 se
1302 516 1428 556 facere
1453 518 1556 571 poffe
1576 520 1739 558 arbitra*

324 593 468 623 rentur.
511 586 549 622 A
569 597 633 622 me
653 592 784 622 autem
805 584 833 621 ii
854 585 1152 629 contenderunt,
1185 585 1256 637 qui
1275 584 1377 638 apud
1407 599 1471 624 me
1492 594 1530 624 et
1550 587 1736 633 amicitia,

322 660 362 690 et
382 651 593 697 beneficiis,
615 660 653 689 et
673 651 861 704 dignitate
880 651 1099 704 plurimum
1121 651 1301 704 possunt:
1334 666 1503 704 quorum
1525 667 1596 706 ego
1612 668 1738 707 neque

325 718 633 757 benevolentiam
654 732 744 771 erga
762 732 826 756 me
846 719 1034 771 ignorare,
1058 731 1129 757 nec
1149 719 1418 758 aucstoritatem
1439 719 1639 774 aspernari,
1668 735 1740 759 nec

323 786 565 825 voluntatem
586 786 779 839 negligere
799 785 975 824 debeam.

377 854 431 892 ΙΙ.
464 854 541 892 His
562 853 609 892 de
628 853 747 892 caufis
768 867 841 907 ego
869 852 964 892 huic
984 853 1104 892 causae
1129 862 1315 907 patronus
1335 853 1464 900 extiti,
1487 868 1565 894 non
1593 855 1741 895 electus·

324 934 436 965 unus,
459 921 527 973 qui
548 921 722 959 maximo
742 920 915 973 ingenio,
932 920 993 958 sed
1014 920 1170 958 relidstus
1191 934 1238 959 ex
1259 921 1459 966 omnibus,
1482 922 1550 974 qui
1567 923 1739 961 minimo

322 987 495 1039 periculo
515 986 661 1039 possem
692 987 845 1032 dicere3
878 1001 1004 1039 neque
1036 987 1093 1024 uti
1114 987 1199 1026 satis
1222 987 1336 1026 firmo
1368 988 1538 1040 praefidio
1560 989 1739 1028 defensus

324 1053 410 1090 Sex.
434 1052 612 1096 Roscius,
634 1065 767 1090 verum
789 1052 847 1089 uti
867 1065 915 1089 ne
936 1052 1100 1089 omnino
1121 1052 1287 1091 desertus
1308 1053 1411 1091 efi'et.
1434 1054 1606 1093 Forsitan
1628 1070 1735 1108 quae=

322 1119 422 1163 ratis,
449 1119 517 1170 qui
538 1118 606 1155 iste
625 1127 745 1155 terror
766 1119 824 1162 fit,
857 1127 895 1155 et
916 1132 1000 1170 quae
1022 1127 1127 1156 tanta
1146 1116 1333 1164 formido,
1369 1133 1454 1171 quae
1475 1129 1547 1165 tot,
1579 1134 1621 1159 ac
1643 1122 1736 1160 tales

321 1185 421 1222 viros
455 1183 669 1236 impediat,
707 1197 786 1234 quo
820 1184 951 1221 minus
986 1197 1056 1235 pro
1091 1184 1216 1235 capite
1230 1213 1241 1228 ‚
1288 1194 1326 1221 et
1360 1184 1528 1224 fortunis
1563 1187 1734 1233 alterius,

321 1250 655 1304 quemadmodum
688 1250 981 1294 consueverunt,
1014 1249 1165 1288 causam
1198 1250 1319 1289 velint
1351 1251 1490 1290 dicere.
1525 1254 1645 1305 Qod
1666 1257 1733 1293 ad-

321 1318 400 1358 huc
431 1332 497 1357 vos
527 1318 702 1371 ignorare
734 1331 812 1356 non
846 1318 991 1356 mirum
1028 1317 1093 1363 est,
1124 1326 1324 1370 propterea
1354 1319 1460 1370 quod
1490 1320 1667 1360 consulto
1688 1324 1740 1361 ab

320 1385 617 1430 accusatoribus,
639 1385 719 1437 ejus
740 1384 808 1430 rei,
831 1398 916 1437 qua:
937 1384 1119 1423 conflavit
1139 1383 1443 1436 llocjudiciu1n‚
1467 1388 1616 1426 mentio
1636 1387 1735 1428 fasta

321 1467 398 1492 non
419 1453 485 1492 est.

376 1521 474 1573 Qae
506 1534 562 1558 res
594 1534 636 1558 ea
668 1520 748 1559 est?
780 1520 880 1559 bona
910 1521 1027 1574 patris
1059 1520 1219 1574 hujusce
1246 1522 1333 1560 Sex.
1357 1521 1504 1567 Roscii,
1534 1536 1618 1575 quae
1646 1523 1734 1563 sunt

319 1587 511 1640 sexagies;
544 1601 628 1640 quae
648 1587 695 1625 de
729 1588 811 1626 viro
831 1587 1049 1634 fortiffimo,
1086 1597 1125 1626 et
1144 1588 1364 1634 clariffimo,
1393 1589 1442 1628 L.
1467 1590 1582 1641 Sylla,
1613 1604 1733 1642 quem

319 1653 478 1692 honoris
499 1654 607 1693 causa
627 1655 802 1700 nomino,
825 1655 978 1694 duobus
999 1655 1176 1694 millibus
1197 1654 1410 1694 nummum
1431 1656 1467 1694 fe
1488 1657 1583 1695 dicit
1603 1658 1735 1696 emifl'e

320 1721 535 1759 adolescens
570 1720 630 1758 vel
665 1720 949 1774 potentiffimus
983 1720 1060 1759 hoc
1096 1731 1272 1774 tempore
1304 1722 1437 1759 nostrae
1468 1723 1650 1767 civitatis,
1681 1725 1731 1762 L.

321 1787 526 1825 Cornelius
560 1785 848 1839 Chrysogonus,
899 1789 935 1826 Is
957 1801 977 1825 a
994 1788 1119 1832 vobis,
1152 1787 1326 1839 JudiceS‚
1361 1786 1436 1826 hoc
1456 1787 1636 1840 postulat,
1672 1798 1730 1835 ut,

319 1853 506 1907 quoniam
537 1853 578 1891 in
612 1852 776 1891 alienam
809 1853 1015 1906 pecuniam
1048 1862 1127 1892 tam
1159 1854 1330 1906 plenam,
1363 1863 1476 1906 atque
1494 1854 1730 1907 praeclaram,

319 1920 429 1959 nullo
457 1921 545 1973 jure
579 1916 781 1966 invaserit3
815 1921 1080 1974 quoniamque
1111 1920 1145 1958 ei
1176 1921 1350 1974 pecuniae
1381 1921 1459 1959 vita
1491 1922 1577 1960 Sex.
1600 1923 1735 1961 Roscii·

318 1987 476 2033 obstare,
509 1997 624 2040 atque
651 1987 805 2026 officere
825 1988 1025 2033 videatur3
1058 1988 1215 2026 deleatis
1237 2001 1284 2026 ex
1305 1988 1436 2027 animo
1457 1988 1524 2026 suo
1544 1988 1732 2042 suspicio-2⁷

320 2068 410 2092 nem
431 2068 605 2099 omnem,
642 2063 871 2107 metumque
903 2054 1061 2093 tollatis.
1115 2055 1209 2099 Sese,
1232 2053 1307 2092 hoc
1328 2055 1533 2100 incolumi,
1570 2070 1648 2094 non
1670 2071 1731 2094 ar-

320 2121 482 2159 bitratur
500 2119 616 2172 hujus
637 2121 854 2158 innocentis
871 2121 1153 2174 patrimonium
1174 2130 1254 2159 tam
1274 2121 1453 2174 amplum
1472 2131 1509 2159 et
1529 2123 1731 2175 copiosum

318 2186 421 2240 poffe
440 2186 641 2231 obtinere;
675 2187 855 2224 damnato
876 2196 914 2224 et
934 2188 1068 2238 ejeClo,
1102 2187 1221 2240 sperat
1242 2187 1277 2225 se
1297 2187 1414 2240 poffe,
1443 2188 1549 2240 quod
1569 2189 1731 2242 adeptus·

318 2252 370 2291 est
391 2267 457 2306 per
474 2252 608 2298 scelus,
630 2252 670 2290 id
690 2266 758 2304 per
778 2252 974 2291 luxuriam
994 2252 1191 2291 effundere
1210 2262 1325 2306 atque
1345 2253 1584 2292 consumere.
1607 2255 1729 2292 Hunc

318 2319 387 2357 fibi
408 2333 454 2357 ex
474 2319 605 2358 animo
625 2318 865 2371 scrupulum,
889 2320 958 2371 qui
978 2319 1013 2357 se
1034 2319 1113 2357 dies
1135 2319 1340 2372 noctesque
1360 2320 1531 2358 stimulat
1551 2333 1592 2356 ac
1624 2333 1728 2371 pun-

319 2385 391 2436 git,
414 2394 457 2423 ut
477 2384 661 2430 evellatis,
695 2375 858 2438 postulat
874 2404 886 2430 ;
920 2394 962 2423 ut
983 2385 1029 2423 ad
1049 2384 1149 2423 hanc
1170 2384 1275 2423 suam
1298 2385 1479 2438 praedam,
1517 2394 1596 2421 tam
1617 2384 1726 2422 nefa-

320 2450 429 2495 riam,
450 2452 640 2504 adjutores
662 2465 727 2490 vos
749 2451 1023 2504 profiteamini.
1072 2452 1110 2490 Si
1131 2453 1239 2490 vobis
1261 2464 1367 2502 aequa
1392 2459 1430 2487 et
1461 2448 1618 2488 honesta
1637 2452 1727 2504 pos-

319 2514 460 2552 tulatio·
475 2517 638 2561 videtur,
661 2517 817 2567 Judices
832 2535 844 2561 3
867 2531 938 2569 ego
956 2516 1091 2555 contra
1109 2517 1264 2553 brevem
1280 2515 1578 2567 postulationem
1594 2516 1732 2563 afferoJ

320 2589 357 2618 et
380 2581 594 2633 (quomodo
614 2581 714 2621 mihi
734 2582 956 2636 persuadeo)
980 2583 1178 2636 aliquanto
1198 2581 1422 2635 aequiorem,
