2201 2792
489 184 574 234 -484
988 182 1388 221 ORATIO

491 284 676 324 videatur.
708 283 788 321 Vos
809 290 847 320 et
881 282 1013 334 saepius
1035 282 1194 320 eandem
1217 295 1297 319 rem
1328 280 1466 319 animis
1497 280 1652 333 agitare,
1683 287 1720 317 et
1740 279 1886 318 diutius

490 364 569 389 uno
599 351 646 388 de
678 349 768 388 teste
800 350 979 401 cogitare,
1002 348 1155 400 potestis
1175 363 1182 385 :
1215 357 1266 392 et,
1289 348 1313 385 si
1335 361 1452 398 quem
1472 361 1539 385 nos
1561 347 1791 399 interrogare
1811 359 1884 383 no-

490 416 635 453 luimus
650 445 661 460 ‚
699 428 784 467 quae
817 414 926 452 causa
960 414 1070 451 nobis
1110 413 1259 451 tacendi
1295 412 1436 457 fuerit,
1471 413 1685 450 existimare
1721 411 1881 450 debetis.

491 482 774 533 Qamobrem,
806 480 832 518 fi
858 478 948 524 hoc,
968 479 1138 530 Judices,
1161 478 1424 532 praescriptum
1452 478 1537 531 lege
1567 486 1631 515 aut
1651 477 1781 515 officio
1809 491 1883 530 pu-

490 548 592 591 tatis,
615 546 772 584 testibus
792 545 969 589 credere;
994 543 1093 581 nihil
1114 544 1180 588 est,
1202 557 1270 581 cur
1290 544 1386 582 alius
1407 544 1483 581 alio
1496 543 1630 595 judice
1646 542 1798 586 melior,
1820 550 1885 579 aut

490 613 707 665 sapientior,
736 610 989 649 existimetur.
1022 611 1161 648 Unum
1181 609 1233 647 est
1247 610 1354 647 enim
1370 619 1408 647 et
1428 609 1590 662 fimplex
1609 609 1760 646 aurium
1774 607 1884 660 judi-

489 679 597 717 cium
613 697 626 723 3
658 687 695 715 et
714 676 928 730 promiscue
951 686 988 715 et
1009 675 1271 714 communiter
1290 675 1415 713 stultis
1435 688 1478 713 ac
1497 674 1730 727 sapientibus
1749 673 1797 712 ab
1817 686 1886 711 na-

491 754 574 782 tura
594 746 742 782 datum.

545 810 653 862 Qid
674 809 726 846 est
739 807 870 859 igitur,
887 807 955 844 ubi
975 806 1125 845 elucere
1143 805 1255 859 poffit
1274 805 1478 859 prudentia
1496 806 1509 842 ?
1532 804 1600 843 ubi
1614 803 1884 843 discernistul-

489 885 550 914 tus
572 875 735 919 auditor,
768 883 806 912 et
826 873 1019 917 credulus,
1053 874 1100 911 ab
1121 872 1298 925 religioso
1317 880 1355 909 et
1374 870 1533 925 sapienti
1547 870 1709 923 judice?
1744 869 1884 908 Nimi-

489 956 576 980 rum
598 940 708 985 illud,
731 940 771 977 in
791 953 869 992 quo
889 952 945 984 ea,
978 953 1064 991 quae
1094 939 1278 976 dicuntur
1308 938 1355 976 ab
1387 938 1558 981 testibus,
1589 936 1819 988 conjecturae
1848 944 1887 973 et

488 1007 712 1060 cogitationi
734 1006 949 1050 traduntur,
968 1014 1110 1057 quanta
1129 1005 1365 1049 auctoritate,
1387 1014 1530 1056 quanta
1548 1003 1670 1041 animi
1690 1002 1884 1053 aequitate,

488 1083 633 1126 quanto
654 1072 813 1125 pudore,
837 1080 979 1123 quanta
999 1070 1088 1115 fide,
1122 1080 1263 1123 quanta
1283 1070 1481 1123 religione,
1503 1078 1648 1122 quanto
1671 1068 1795 1106 studio
1815 1081 1884 1105 ex-

488 1138 732 1177 istimationis
753 1138 877 1181 bonae,
901 1146 1044 1189 quanta
1062 1150 1165 1181 cura,
1186 1146 1332 1188 quanto
1347 1136 1499 1180 timore,
1521 1135 1711 1173 dicantur.

542 1205 635 1242 VII.
660 1205 722 1242 An
743 1216 833 1241 vero
852 1216 917 1240 vos
939 1203 977 1240 id
998 1203 1038 1239 in
1060 1201 1289 1240 testimoniis
1309 1200 1520 1239 homInum
1541 1201 1788 1239 barbarorum
1811 1198 1887 1236 du-

488 1270 674 1314 bitabitis,
697 1268 802 1320 quod
824 1267 999 1320 persaepe,
1021 1276 1059 1304 et
1080 1266 1203 1304 nostra
1230 1275 1267 1304 et
1289 1275 1443 1318 patrum
1465 1266 1664 1310 memoria,
1687 1263 1883 1316 sapientis-

487 1335 573 1374 fimi
588 1335 738 1388 judices
759 1334 804 1371 de
825 1333 1037 1371 clariffimis
1058 1332 1190 1370 nostrae
1211 1333 1376 1370 civitatis
1397 1332 1486 1370 viris
1518 1330 1775 1369 dubitandum
1805 1342 1884 1366 non

488 1410 720 1455 putaverunt
738 1401 750 1437 ?
783 1400 851 1452 qui
872 1400 949 1437 Cn.
972 1409 1009 1436 et
1030 1398 1372 1451 QCaepionibus,
1391 1399 1438 1436 L.
1461 1407 1500 1436 et
1520 1396 1785 1448 QMetellis,
1807 1395 1883 1432 tes-

487 1467 590 1506 tibus
618 1467 657 1504 in
690 1467 759 1517 Q
783 1465 1032 1517 Pompeium,
1067 1463 1272 1502 hominem
1304 1477 1466 1508 novum,
1499 1476 1576 1501 non
1607 1461 1880 1503 crediderunt:

486 1547 654 1586 quorum
674 1531 823 1575 virtuti,
854 1530 998 1583 generi,
1030 1530 1141 1568 rebus
1173 1529 1300 1582 gestis,
1332 1528 1449 1567 fidem
1481 1537 1519 1567 et
1548 1528 1814 1566 auetoritatem
1843 1527 1885 1565 in

488 1599 708 1638 testimonio
739 1597 960 1650 cupiditatis
995 1606 1109 1649 atque
1141 1596 1439 1634 inimicitiarum
1471 1595 1634 1648 suspicio
1671 1594 1881 1646 derogavit.

487 1667 665 1719 Ecquem
686 1663 890 1703 hominem
922 1662 1106 1707 vidimus,
1138 1675 1302 1717 ecquem
1323 1675 1408 1700 vere
1428 1673 1732 1700 commemorare
1752 1659 1882 1712 poffu-

486 1745 588 1776 mus,
620 1743 750 1783 parem
784 1728 957 1773 confilio,
984 1729 1181 1781 gravitate,
1218 1727 1442 1772 constantia,
1478 1726 1622 1765 caeteris
1656 1725 1882 1770 virtutibus,

485 1797 657 1846 honoris,
679 1794 840 1847 ingenii,
863 1808 989 1833 rerum
1010 1794 1199 1846 gestarum
1220 1794 1470 1838 ornamentis,
1492 1793 1556 1832 M.
1578 1792 1743 1831 AEmilio
1764 1792 1881 1829 Scau-

485 1877 528 1901 ro
545 1861 653 1900 fuiffe
671 1862 684 1899 ?
707 1870 836 1899 tamen
854 1859 985 1911 hujus,
1007 1860 1117 1911 cujus
1138 1860 1293 1912 injurati
1314 1869 1411 1897 nutu
1433 1872 1550 1912 prope
1570 1867 1756 1895 terrarum
1777 1856 1882 1894 orbis

486 1929 699 1981 regebatur,
726 1927 845 1979 jurati
877 1926 1111 1970 testimonio,
1143 1939 1268 1978 neque
1294 1926 1335 1963 in
1357 1926 1404 1963 C.
1429 1924 1662 1968 Fimbriam,
1697 1936 1822 1976 neque
1842 1923 1882 1960 in

486 1997 533 2033 C.
557 1994 815 2037 Memmium,
837 1992 1030 2030 creditum
1051 1992 1116 2030 est.
1140 1992 1363 2031 Noluerunt
1383 1992 1425 2036 ii,
1443 1992 1510 2045 qui
1525 1991 1764 2043 judicabant,
1782 1988 1883 2028 hanc

486 2070 612 2113 patere
628 2058 846 2097 inimicitiis
868 2059 984 2102 viam,
999 2071 1115 2110 quem
1137 2057 1297 2110 quisque
1317 2056 1464 2102 odifl‘et,
1487 2067 1530 2095 ut
1549 2070 1641 2095 eum
1662 2056 1883 2095 testimonio

484 2125 604 2179 poffet
626 2124 773 2163 tollere.
797 2124 976 2175 Qantus
998 2124 1038 2162 in
1060 2125 1107 2162 L.
1132 2122 1262 2162 Crasso
1289 2123 1413 2176 pudor
1438 2122 1568 2168 fuerit,
1601 2122 1707 2175 quod
1727 2121 1880 2174 ingeni-

486 2205 569 2235 um,
592 2198 734 2243 quanta
754 2189 969 2233 auctoritas,
991 2189 1077 2240 quis
1099 2190 1249 2241 ignorat
1268 2189 1280 2225 ?
1313 2198 1443 2227 tamen
1461 2188 1507 2233 is,
1530 2189 1640 2240 cujus
1667 2187 1784 2225 etiam
1805 2186 1882 2223 ser-

487 2271 553 2295 mo
575 2255 783 2294 testimonii
805 2254 1069 2292 auctoritatem
1090 2253 1270 2299 habebat,
1293 2254 1514 2292 testimonio
1534 2253 1627 2305 ipso,
1650 2266 1735 2304 quae
1754 2252 1794 2288 in
1815 2251 1879 2288 M.

487 2321 723 2360 Marcellum
744 2321 905 2358 inimico
925 2320 1054 2358 animo
1075 2320 1186 2364 dixit,
1208 2320 1366 2372 probare
1387 2333 1464 2357 non
1486 2319 1626 2370 potuit.

543 2388 648 2432 Fuit,
674 2386 763 2431 fuit,
796 2386 872 2424 illis
888 2386 1088 2438 judicibus
1109 2386 1287 2423 divinum
1307 2399 1350 2423 ac
1370 2384 1569 2437 singulare,
1592 2383 1763 2435 Judices,
1784 2396 1880 2421 con-

487 2454 628 2498 silium,
664 2454 732 2505 qui
753 2454 788 2492 se
813 2466 891 2491 non
918 2452 1042 2491 solum
1073 2452 1120 2491 de
1154 2465 1230 2498 reo,
1261 2451 1323 2490 sed
1350 2452 1468 2490 etiam
1500 2450 1546 2489 de
1577 2449 1803 2496 accusatore,
1835 2450 1883 2488 de
