2201 2792
677 152 1022 192 ACTIONIS
1064 154 1116 193 ΙΙ.
1177 155 1385 194 LIBER
1416 157 1465 195 V.
1687 164 1763 214 463

377 250 646 289 Romanorum
667 250 862 289 includere
882 250 990 289 ausus
1010 263 1048 288 es
1068 251 1081 288 ?
1113 250 1381 304 Nunquamne
1401 254 1474 291 tibi
1488 254 1641 305 judicii,
1664 270 1766 293 nun-

376 329 495 368 quam
522 317 735 361 concionis,
770 331 972 370 nunquam
993 316 1109 368 hujus
1142 327 1254 356 tantae
1273 317 1513 371 frequentiae,
1546 334 1630 371 quae
1661 335 1764 360 nunc

375 383 506 421 animo
527 392 564 421 te
581 383 821 435 iniquiffimo
841 383 1158 437 infestiffimoque
1177 385 1362 431 intuetur,
1380 386 1484 424 venit
1503 387 1542 424 in
1564 397 1735 426 mentem
1751 390 1763 424 ?

373 462 576 501 nunquam
597 450 670 487 tibi
688 451 824 503 populi
839 451 1011 488 Romani
1029 451 1190 488 absentis
1212 451 1390 504 dignitas,
1409 466 1607 504 nunquam
1626 453 1764 506 species

372 514 453 566 ipsa
480 514 748 567 hujuscemodi
769 517 1048 561 multitudinis,
1080 517 1121 554 in
1141 517 1263 555 oculis
1295 518 1503 570 animoque
1523 518 1660 556 versata
1681 519 1732 557 est
1751 521 1762 556 ?

372 593 575 634 nunquam
597 591 634 619 te
663 582 704 620 in
730 581 873 620 horum
894 583 1142 634 conspectum
1163 584 1392 629 rediturum,
1421 598 1620 636 nunquam
1641 586 1680 623 in
1701 585 1763 623 fo-

373 660 461 684 rum
481 648 619 699 populi
640 648 809 685 Romani
830 657 1050 692 venturum,
1072 662 1274 700 nunquam
1295 647 1364 687 sub
1386 650 1518 703 legum
1539 660 1576 688 et
1590 651 1763 702 judicio·

367 727 460 751 >rum
480 714 705 766 potestatem
725 715 915 760 casurum,
937 715 1007 754 effe
1027 716 1194 769 putasti?

424 780 535 818 LVI.
566 781 622 818 At
642 794 727 832 quae
747 789 825 818 erat
843 780 911 818 ista
930 781 1052 819 libido
1072 782 1306 820 crudelitatiS
1327 783 1542 821 exercendae
1560 784 1572 820 ?
1601 798 1685 836 quae
1706 792 1763 822 tot

370 844 556 883 scelerum
577 846 903 898 suscipiendorum
924 847 1033 885 causa
1052 848 1065 884 ?
1088 847 1224 893 Nulla,
1243 848 1414 899 Judices,
1436 858 1569 901 praeter
1588 850 1762 902 praedan-

371 911 411 948 di
442 925 581 950 novam
602 912 911 965 fingularemque
942 915 1143 952 rationem.
1176 914 1283 952 Nam
1316 924 1358 953 ut
1380 915 1452 960 illi,
1482 929 1577 967 quos
1599 930 1618 953 a
1637 916 1760 969 poetis

369 979 604 1031 accepimus,
640 979 740 1017 finus
761 980 946 1031 quosdam
966 980 1146 1019 obsedisse
1167 982 1396 1026 maritimos,
1429 991 1493 1020 aut
1513 983 1640 1034 aliqua
1667 997 1758 1034 pro-

368 1045 562 1083 montoria
581 1054 646 1084 aut
664 1054 853 1098 praerupta
871 1046 954 1084 saxa
973 1046 1145 1092 tenuiffe,
1165 1047 1360 1092 dicuntur,
1394 1057 1437 1086 ut
1457 1062 1534 1093 eos,
1557 1050 1624 1100 qui
1644 1049 1761 1087 effent

367 1113 515 1165 appulfi
536 1113 711 1165 navigiis,
742 1113 953 1151 interficere
973 1113 1146 1166 poffent3
1178 1115 1229 1152 fic
1249 1115 1316 1153 iste
1336 1116 1376 1153 in
1407 1116 1538 1154 omnia
1558 1116 1676 1154 maria
1694 1117 1758 1153 in-

367 1177 483 1217 festus
504 1193 551 1217 ex
571 1180 755 1218 omnibus
776 1180 914 1219 Siciliae
933 1181 1105 1233 partibus
1129 1182 1373 1220 imminebat.
1415 1184 1669 1235 Qaecunque
1690 1196 1757 1220 na-

367 1245 424 1282 vis
445 1258 493 1282 ex
513 1245 613 1289 Afia,
646 1259 731 1297 quae
751 1259 798 1283 ex
818 1247 935 1297 Syria,
959 1230 1042 1298 ciuae
1063 1248 1185 1298 Tyro,
1214 1261 1298 1299 quae
1318 1247 1562 1293 Alexandria,
1591 1258 1755 1292 venerat,

366 1309 494 1347 statim
513 1310 625 1348 certis
645 1311 841 1349 indicibus
872 1320 910 1349 et
930 1311 1149 1350 custodibus
1171 1312 1395 1350 tenebatur:
1428 1315 1593 1351 vestores
1625 1327 1757 1351 omnes

367 1375 408 1413 in
439 1376 616 1414 latumias
648 1377 979 1429 conjiciebamus:
1012 1391 1125 1415 onera
1156 1387 1270 1430 atque
1302 1392 1446 1416 merces
1479 1380 1519 1416 in
1540 1380 1756 1431 praetoriam

366 1442 529 1481 domum
547 1442 824 1481 deferebantur.
844 1444 1072 1482 Versabatur
1091 1445 1131 1482 in
1150 1445 1279 1482 Sicilia
1296 1445 1413 1497 longo
1429 1446 1627 1483 intervallo
1648 1446 1756 1489 alter,

366 1522 443 1546 non
466 1509 671 1559 Dionysius
693 1509 772 1553 ille,
794 1522 864 1546 nec
886 1508 1069 1553 Phalaris,
1095 1509 1204 1560 (tulit
1223 1510 1325 1547 enim
1349 1511 1414 1548 illa
1436 1512 1631 1562 quondam
1651 1511 1756 1548 insu-

363 1573 399 1610 la
418 1574 561 1612 multos
582 1583 618 1612 et
639 1573 809 1612 crudeles
832 1575 1027 1626 tyrannos)
1047 1574 1108 1612 sed
1129 1575 1323 1626 quoddam
1345 1590 1489 1613 novum
1511 1576 1724 1614 monstrum
1742 1595 1753 1620 ς

363 1653 411 1678 ex
432 1649 556 1678 vetere
575 1641 641 1678 illa
657 1641 911 1685 immanitate,
930 1654 1014 1692 quae
1034 1641 1073 1678 in
1095 1641 1227 1678 iisdem
1248 1641 1343 1679 locis
1360 1642 1497 1679 versata
1512 1642 1581 1680 esse
1597 1643 1751 1679 dicitur.

363 1706 456 1744 Non
472 1707 576 1744 enim
591 1705 830 1757 Charybdim
848 1715 926 1744 tam
943 1706 1135 1751 infestam,
1152 1720 1275 1758 neque
1286 1708 1466 1758 Scyllam,
1483 1709 1619 1752 nautis,
1637 1722 1753 1759 quam

362 1771 478 1811 istum
508 1773 550 1810 in
582 1773 717 1810 eodem
737 1771 836 1810 freto
856 1772 979 1818 fuiffe,
1012 1773 1200 1810 arbitror:
1231 1771 1306 1810 hoc
1327 1774 1442 1811 etiam
1470 1773 1535 1810 iste
1567 1773 1752 1817 infestior,

361 1839 467 1890 quod
498 1839 626 1876 multo
646 1839 681 1876 se
702 1839 876 1891 pluribus
899 1848 936 1877 et
967 1839 1178 1890 majoribus
1207 1839 1365 1877 canibus
1386 1839 1635 1877 succinxerat.
1671 1841 1752 1890 Cy-

361 1904 468 1957 clops
490 1904 596 1949 alter,
629 1905 757 1942 multo
778 1905 1039 1957 importunior
1058 1920 1066 1942 z
1098 1904 1163 1942 hic
1184 1905 1288 1942 enim
1310 1914 1430 1942 totam
1462 1905 1626 1942 insulam
1647 1905 1752 1942 obti-

361 1971 500 2016 nebat,
523 1970 589 2008 ille
609 1972 768 2008 AEtnam
787 1971 905 2009 solam
926 1980 963 2008 et
983 1985 1067 2008 eam
1089 1970 1227 2009 Siciliae
1247 1980 1395 2023 partem
1417 1970 1573 2008 tenuisse
1594 1971 1751 2009 dicitur.

415 2038 471 2073 At
492 2050 576 2087 quae
607 2037 820 2074 causatum
842 2037 1112 2088 subjiciebatur
1137 2037 1182 2074 ab
1212 2037 1306 2089 ipso,
1329 2037 1499 2087 Judices,
1530 2036 1644 2088 hujus
1673 2046 1753 2074 tam

360 2101 509 2139 nefaria:
530 2102 763 2140 crudelitatis
783 2102 795 2138 ?
817 2103 964 2147 eadem,
982 2117 1067 2155 quae
1088 2116 1191 2140 nunc
1212 2102 1252 2139 in
1274 2102 1487 2141 defensione
1508 2117 1750 2141 commemo-

359 2167 517 2205 rabitur.
553 2167 788 2218 Qicunque
808 2167 1030 2205 accesserant
1056 2168 1101 2205 ad
1123 2167 1294 2205 Siciliam
1315 2168 1430 2220 paulo
1452 2168 1654 2220 pleniores,
1687 2180 1749 2204 eos

360 2234 591 2271 Sertorianos
615 2233 759 2270 milites
790 2233 874 2278 effe,
907 2243 1020 2285 atque
1051 2247 1070 2271 a
1091 2234 1234 2272 Dianio
1255 2233 1400 2286 fugere,
1423 2234 1586 2272 dicebat.
1619 2233 1682 2270 Illi
1704 2233 1749 2270 ad

359 2298 641 2351 deprecandum
675 2299 893 2351 periculum
929 2299 1184 2352 proferebant,
1220 2300 1284 2337 alii
1319 2313 1528 2352 purpuram
1556 2299 1716 2349 Tyriam
1734 2316 1747 2342 3

359 2363 448 2402 thus
470 2365 532 2403 alii
554 2376 665 2418 atque
685 2366 834 2411 odores,
852 2367 1070 2418 vestemque
1090 2367 1248 2404 linteam
1266 2385 1278 2410 3
1309 2379 1481 2417 gemmas
1503 2365 1567 2402 alii
1587 2373 1623 2401 et
1644 2378 1746 2401 mar-

356 2430 491 2482 garitas
507 2449 519 2477 5
551 2431 636 2469 vina
668 2432 845 2470 nonnulli
865 2434 1011 2477 Graeca,
1042 2432 1263 2484 venalesque
1284 2431 1467 2469 Afiaticos
1484 2448 1495 2475 ς
1529 2440 1571 2468 ut
1601 2429 1749 2468 intelli-
