2201 2792
516 164 588 203 186
941 161 1030 200 IN
1102 162 1483 201 VERREM

510 260 680 311 Januarii
701 259 712 296 ?
744 273 791 297 an
823 260 862 297 in
886 273 976 297 eum
997 274 1143 298 annum
1164 261 1343 313 progredi
1364 275 1479 299 nemo
1499 262 1639 314 poterit
1669 261 1809 305 edicto,
1832 256 1914 312 quo

511 328 654 364 Praetor
672 326 766 363 alius
787 324 938 363 futurus
959 326 1040 370 est;
1071 327 1111 363 in
1132 326 1261 370 illum,
1292 340 1371 378 quo
1390 327 1484 364 alius
1507 328 1649 364 Praetor
1668 326 1758 370 fuit,
1782 339 1910 378 regre-

511 392 666 430 dietur?
715 393 775 429 Ac
809 391 835 429 fi
861 390 935 428 hoc
966 392 1079 442 juris,
1114 405 1194 429 non
1228 393 1342 430 unius
1377 392 1486 430 causet
1518 391 1689 430 hominis
1721 392 1911 435 edixifl'es,

508 459 657 496 cautius
677 456 961 509 composuifl'es.

564 525 715 562 XLIII.
749 523 904 567 Scribis,
936 523 1070 576 Siquis
1089 523 1245 562 heredem
1250 524 1363 576 ficit,
1381 525 1534 576 swern.
1568 525 1679 575 Qid
1698 525 1721 562 s1
1743 525 1829 576 plus
1851 524 1906 560 le«

507 591 619 643 garit,
641 603 759 642 quam
779 589 824 626 ad
854 587 1048 634 heredem,
1081 588 1281 627 heredesve
1311 591 1519 642 perveniat,
1552 590 1656 641 quod
1688 603 1755 641 per
1783 590 1915 641 legem-

508 655 723 692 Voconiam
743 655 793 699 ei,
823 654 891 705 qui
912 654 1044 691 census
1065 668 1143 691 non
1164 654 1220 699 fit,
1248 654 1363 699 licet3
1395 668 1464 692 cur
1483 653 1573 698 hoc,
1599 667 1692 691 cum
1713 654 1753 690 in
1773 653 1911 690 eodem·

506 733 644 773 genere
678 720 736 764 fit,
767 733 844 757 non
876 720 1014 757 caves?
1047 719 1137 771 quia
1156 733 1232 757 non
1263 720 1426 772 generis,
1458 719 1519 757 sed
1552 718 1725 756 hominis
1758 718 1909 755 causam

507 786 630 824 verbis
650 785 890 837 amplecteris
906 804 918 830 ;
950 794 994 822 ut
1013 784 1124 822 facile
1155 795 1345 838 appareat,
1360 794 1397 823 te
1413 786 1535 837 pretio
1555 784 1625 822 effe
1644 793 1913 822 commotum.-

506 854 639 904 Atque
656 851 731 889 hoc
752 851 777 888 fi
798 852 837 888 in
859 851 1050 903 posterum
1070 851 1259 896 edixiffes,
1281 852 1412 889 minus
1432 851 1520 888 effet
1540 849 1730 887 nefarium
1744 868 1759 894 ;
1779 859 1911 887 tamen

505 917 593 954 effet
612 918 867 969 improbum:
900 917 960 954 sed
981 926 1067 955 tum
1101 918 1306 969 vituperari
1332 917 1477 969 poffet;
1509 917 1550 953 in
1580 917 1744 953 dubium
1780 915 1916 952 venire

503 996 583 1020 non
604 982 722 1035 poffet
740 997 749 1020 ε
782 995 898 1019 nemo
927 983 1034 1019 enim
1055 983 1333 1019 committeret.
1380 982 1501 1018 Nunc
1521 981 1573 1017 est
1592 980 1781 1032 ejusmodi
1800 980 1907 1018 edic-

503 1058 604 1094 tum,
627 1058 670 1086 ut
690 1049 814 1100 quivis
836 1047 1041 1100 intelligat,
1063 1060 1141 1086 non
1161 1047 1307 1100 populo
1326 1046 1398 1085 effe
1418 1046 1619 1099 scriptum,
1636 1046 1700 1084 sed
1720 1046 1764 1085 P.
1783 1046 1916 1084 Annii.

504 1115 676 1154 secundis
696 1114 916 1153 heredibus.

558 1184 694 1235 Itaque
725 1196 818 1221 cum
847 1197 867 1220 a
894 1193 931 1220 te
959 1192 1075 1234 caput
1109 1183 1208 1220 illud
1238 1192 1316 1220 tam
1352 1182 1488 1220 multis
1514 1183 1639 1220 verbis
1670 1182 1908 1220 mercenario

502 1249 693 1300 prooemio
719 1248 807 1286 effet
836 1257 1041 1292 ornatum3
1073 1248 1204 1299 ecquis
1226 1248 1278 1285 est
1297 1248 1475 1286 inventus
1505 1248 1629 1300 postea
1651 1249 1805 1292 Praetor,
1837 1248 1911 1299 qui

502 1314 600 1351 illud
632 1313 735 1351 idem
767 1313 960 1351 ediceret?
993 1313 1087 1351 Non
1122 1313 1240 1350 modo
1274 1327 1390 1351 nemo
1421 1314 1559 1358 edixit,
1588 1314 1649 1351 sed
1684 1327 1731 1351 ne
1763 1314 1907 1351 metuit-

502 1380 660 1431 quidem
694 1379 912 1431 quisquam,
944 1392 991 1416 ne
1021 1379 1108 1431 quis
1142 1379 1320 1418 ediceret.
1371 1380 1477 1418 Nam
1512 1379 1594 1432 post
1625 1389 1662 1416 te
1697 1381 1904 1417 Praetorem

501 1446 618 1484 multi
650 1446 872 1483 testamenta
905 1445 1043 1482 eodem
1074 1445 1192 1483 modo
1226 1444 1426 1490 fecerunt3
1459 1446 1499 1483 in
1519 1444 1581 1483 his
1615 1458 1738 1497 nuper
1757 1445 1901 1484 Annia.

503 1512 570 1555 Ea,
603 1512 648 1549 de
681 1511 898 1549 multorum
933 1512 1243 1564 propinquorum
1274 1511 1471 1555 sententia,
1509 1511 1712 1563 pecuniosa
1745 1511 1902 1554 mulier,

499 1577 604 1629 quod
624 1576 732 1614 censa
762 1590 838 1615 non
869 1585 960 1621 erat,
992 1576 1216 1614 testamento
1246 1575 1340 1614 fecit
1369 1575 1549 1614 heredem
1580 1575 1716 1613 filiam.
1768 1576 1903 1627 Itaque

498 1643 573 1681 hoc
594 1656 780 1695 magnum
795 1642 992 1693 judicium
1012 1641 1220 1680 hominum
1241 1643 1287 1679 de
1307 1642 1412 1680 istius
1433 1641 1612 1693 lingulati
1637 1641 1902 1693 improbitate,

497 1708 602 1760 quod
623 1709 757 1745 Verres
789 1708 853 1745 sua
885 1707 1019 1759 sponte
1052 1706 1283 1751 institui‘ffet,
1325 1707 1364 1744 id
1395 1708 1594 1745 neminem
1628 1707 1816 1751 metuisse,
1855 1722 1904 1746 ne

498 1775 583 1826 quis
606 1774 843 1826 reperiretur,
865 1773 934 1824 qui
955 1772 1060 1810 istius
1081 1772 1303 1810 institutum
1324 1772 1430 1823 sequi
1450 1772 1577 1810 vellet.
1602 1773 1710 1810 Solus
1730 1773 1836 1810 enim
1859 1783 1901 1810 tu

498 1840 673 1876 inventus
693 1851 746 1881 es,
777 1839 840 1874 cui
874 1851 951 1875 non
986 1838 1071 1875 satis
1091 1837 1209 1875 fuerit
1242 1838 1430 1888 corrigere
1462 1837 1675 1875 voluntates
1706 1837 1899 1881 vivorum,

499 1905 565 1942 nifi
586 1906 701 1942 etiam
722 1903 949 1940 rescinderes
972 1911 1230 1940 mortuorum.
1276 1904 1343 1939 Tu
1374 1901 1452 1953 ipse
1482 1915 1530 1939 ex
1564 1902 1748 1939 Siciliensi
1775 1903 1901 1941 edicto

499 1970 572 2007 hoc
595 1969 784 2007 sustulisti.
817 1968 997 2012 Voluisti,
1028 1981 1075 2006 ex
1095 1968 1302 2020 improviso
1322 1968 1347 2006 si
1370 1982 1454 2019 quae
1475 1981 1530 2005 res
1566 1978 1661 2006 natae
1693 1968 1822 2013 essent,
1853 1983 1900 2008 ex

499 2037 643 2073 urbano
663 2035 787 2072 edicto
821 2034 1043 2072 decernere:
1076 2048 1193 2086 quam
1224 2034 1350 2086 postea
1384 2043 1426 2071 tu
1453 2035 1526 2072 tibi
1560 2034 1817 2073 defensionem
1839 2049 1901 2073 re-

499 2103 712 2153 linquebas,
735 2102 773 2137 in
795 2114 836 2137 ea
856 2101 1025 2138 maxime
1052 2100 1258 2145 offendisti,
1290 2113 1382 2138 cum
1404 2109 1510 2138 tuam
1531 2101 1794 2139 auctoritatem
1818 2110 1900 2140 tute

498 2168 575 2220 ipse
596 2167 720 2204 edicto
740 2166 963 2218 provinciali
985 2166 1223 2218 repudiabas.

544 2233 694 2271 XLIV.
716 2233 847 2283 Atque
868 2244 939 2283 ego
958 2245 1034 2269 non
1055 2232 1207 2276 dubito,
1225 2233 1335 2284 quin,
1353 2241 1395 2270 ut
1416 2231 1530 2277 mihi,
1551 2233 1615 2269 cui
1635 2232 1714 2269 filia
1729 2231 1898 2269 maxime

498 2299 603 2337 cordi
631 2298 696 2342 est,
720 2311 775 2335 res
796 2296 877 2335 haec
899 2297 1030 2334 acerba
1049 2297 1235 2342 videatur,
1265 2307 1380 2350 atque
1400 2299 1583 2349 indigna,
1616 2297 1665 2334 s1c
1687 2298 1897 2349 unicuique

500 2363 678 2407 vestrum,
712 2362 779 2414 qui
800 2361 914 2399 fimili
935 2360 1054 2405 sensu,
1087 2370 1201 2412 atque
1222 2363 1461 2414 indulgentia
1480 2362 1646 2399 filiarum
1671 2376 1895 2400 commove-

499 2428 611 2465 mini.
635 2428 743 2478 Qid
762 2428 867 2465 enim
888 2436 1021 2464 natura
1036 2427 1145 2464 nobis
1161 2428 1388 2478 jucundius,
1405 2428 1499 2478 quid
1516 2428 1636 2465 carius
1657 2428 1727 2465 effe
1748 2429 1894 2466 voluit?

499 2493 593 2546 quid
614 2493 666 2531 est
686 2493 853 2544 dignius,
884 2493 923 2530 in
945 2506 1023 2546 quo
1043 2493 1169 2532 omnis
1192 2493 1315 2531 nostra
1335 2493 1548 2546 diligentia,
1580 2493 1897 2547 indulgentiaque
