2201 2792
539 168 615 219 296
962 167 1063 206 IN
1134 166 1515 205 VERREM

535 265 768 318 cognitores.
802 264 1002 319 Incipiunt
1025 265 1226 319 postulare,
1255 265 1420 318 poscere,
1452 263 1601 302 minari.
1638 263 1733 303 Non
1767 252 1941 315 pote-rant

537 341 681 377 tamen,
717 345 808 370 cum
842 342 1040 385 cuperent,
1073 333 1295 385 Apronium
1333 332 1489 370 imitari.
1530 331 1649 369 Siculi
1681 329 1828 368 Siculos
1862 341 1942 366 non

538 408 617 438 tam
638 398 969 452 pertimescebant.
1003 397 1108 436 Cum
1128 398 1236 436 omni
1258 399 1401 436 ratione
1422 407 1551 436 tamen
1581 397 1639 435 illi
1658 395 1941 435 calumniaren-

538 475 614 509 tur,
646 465 881 517 promittunt
902 464 1152 502 Herbitenses
1179 464 1446 502 vadimonium
1468 463 1676 515 Syracusas.
1709 463 1769 500 Eo
1795 460 1941 514 postea-

539 544 656 583 quam
692 539 852 568 ventum
892 530 969 575 est,
1002 539 1194 583 coguntur
1229 529 1464 575 AEschrioni,
1496 530 1536 567 id
1567 529 1632 574 est,
1667 529 1823 581 Pippae,
1855 528 1942 565 dare

539 605 705 640 tantum,
721 605 910 648 quantum
924 606 1001 634 erat
1022 597 1067 634 de
1088 596 1212 648 capite
1225 596 1445 649 demptum,
1460 596 1580 634 tritici
1599 592 1847 634 medimnum
1869 605 1941 632 elz>

543 675 615 702 cro
642 675 713 702 cm
739 675 800 700 1x.
833 662 1079 701 Mulierculae
1110 662 1326 714 publicanae
1358 662 1485 701 noluit
1505 676 1551 700 ex
1576 662 1752 700 decumis
1773 659 1944 698 nimium

539 728 638 767 lucri
660 728 759 772 dare,
781 741 828 765 ne
845 726 943 766 forte
964 728 1010 766 ab
1031 729 1218 767 noeturno
1238 728 1304 766 suo
1325 727 1470 781 quaestu
1489 728 1666 767 animum
1686 727 1732 765 ad
1747 724 1946 778 vectigalia

541 794 763 832 redimenda
784 793 1013 832 transferret.

595 861 634 897 T
638 859 850 897 ransaGtum
883 860 1070 912 putabant
1102 860 1374 906 Herbitenses3
1407 874 1500 899 cum
1520 859 1602 905 iste,
1634 859 1742 908 Qid
1773 858 1820 896 de
1849 856 1943 895 hor-

541 926 625 970 deo,
662 926 804 978 inquit,
847 934 884 962 et
919 926 1116 971 Docimo,
1153 927 1324 965 amiculo
1359 927 1475 965 meo?
1507 925 1602 978 quid
1637 924 1844 977 cogitatis?
1890 925 1947 961 At

540 992 616 1032 hoc
647 993 781 1045 agebat
815 993 855 1030 in
890 993 1088 1037 cubiculo,
1121 993 1292 1044 Judices,
1324 1003 1437 1046 atque
1456 994 1497 1032 in
1523 992 1666 1031 lectulo
1698 991 1779 1031 suo.
1811 991 1946 1043 Nega-

542 1061 635 1098 bant
655 1060 713 1098 illi
734 1059 803 1097 fibi
835 1059 1050 1112 quidquam
1081 1059 1152 1098 effe
1183 1061 1424 1099 mandatum.
1457 1061 1552 1099 Non
1577 1060 1716 1098 audio:
1749 1066 1948 1097 numerate

543 1128 634 1166 H—S
658 1141 728 1165 xv.
761 1126 871 1179 Qid
900 1126 1070 1165 facerent
1103 1127 1261 1165 miseri?
1292 1137 1357 1166 aut
1391 1128 1487 1180 quid
1521 1126 1762 1166 recusarent?
1793 1125 1948 1179 praeser-

542 1194 617 1231 tim
637 1207 729 1231 cum
761 1194 800 1230 in
821 1193 963 1230 lectulo
984 1193 1206 1231 decumanae
1226 1194 1401 1231 mulieris
1433 1193 1589 1245 vestigia
1614 1193 1787 1232 viderent
1814 1204 1946 1230 recen-

542 1261 609 1304 tia,
641 1260 782 1311 quibus
815 1259 929 1296 illum
960 1259 1195 1297 inflammari
1222 1260 1269 1297 ad
1301 1259 1617 1312 perseverandum
1648 1258 1945 1310 intelligebant?

544 1326 603 1363 Ita
633 1325 765 1362 civitas
798 1337 872 1361 una
906 1324 1124 1369 sociorum,
1161 1334 1275 1377 atque
1308 1326 1523 1364 amicorum
1556 1325 1704 1363 duabus
1740 1323 1946 1362 teterrimis

544 1391 798 1434 mulierculis,
831 1391 949 1428 Verre
981 1392 1158 1435 Praetore‚
1200 1391 1393 1444 vectigalis
1419 1391 1510 1430 fuit.
1575 1393 1707 1444 Atque
1737 1403 1810 1442 ego
1844 1403 1949 1428 nunc

544 1472 635 1496 eum
671 1457 859 1496 frumenti
893 1472 1121 1503 numerum,
1166 1468 1205 1496 et
1230 1472 1289 1497 eas
1321 1459 1478 1512 publice
1512 1459 1690 1512 pecunias
1725 1457 1948 1496 decumanis

543 1525 592 1562 ab
614 1524 910 1562 Herbitensibus
932 1524 1034 1562 datas
1066 1524 1138 1563 efl'e
1159 1525 1273 1563 dico:
1305 1539 1384 1577 quo
1404 1526 1463 1563 illi
1494 1525 1704 1570 frumento,
1735 1534 1772 1562 et
1806 1524 1949 1576 quibus

545 1591 718 1643 pecuniis
742 1600 868 1628 tamen
902 1604 921 1627 a
957 1590 1263 1629 decumanorum
1295 1591 1446 1643 injuriis
1479 1593 1582 1630 cives
1616 1591 1699 1629 suos
1731 1604 1810 1629 non
1841 1590 1949 1629 rede-

545 1666 715 1695 merunt.
777 1657 939 1695 Perditis
960 1658 1079 1701 enim,
1112 1667 1149 1696 et
1169 1658 1327 1711 direptis
1348 1668 1541 1697 aratorum
1560 1658 1687 1703 bonis,
1722 1656 1804 1696 haec
1831 1657 1949 1695 decu-

546 1723 670 1760 manis
692 1736 836 1760 merces
859 1722 1031 1768 dabatur,
1065 1732 1106 1761 ut
1140 1724 1346 1775 aliquando
1374 1738 1422 1763 ex
1448 1738 1584 1762 eorum
1618 1724 1731 1776 agris,
1762 1732 1876 1775 atque
1903 1735 1952 1761 ex

548 1790 709 1828 urbibus
728 1790 889 1827 abirent.
925 1790 1059 1841 Itaque
1080 1803 1172 1829 cum
1205 1790 1384 1829 Philinus
1405 1791 1659 1835 Herbitenfis,
1690 1790 1811 1828 homo
1832 1789 1950 1827 diser-

547 1865 624 1900 tus,
656 1866 692 1893 et
725 1855 916 1908 prudenS,
948 1865 985 1893 et
1009 1856 1117 1894 domi
1149 1857 1304 1902 nobilis,
1350 1857 1395 1894 de
1426 1857 1641 1894 calamitate
1672 1865 1878 1900 aratorum,
1914 1865 1953 1894 et

548 1922 595 1958 de
626 1920 730 1973 fuga,
761 1930 797 1958 et
832 1920 878 1957 de
912 1921 1151 1972 reliquorum
1183 1922 1373 1973 paucitate
1404 1923 1559 1975 publice
1590 1922 1746 1966 diceret,
1778 1922 1952 1960 animad-

550 1987 725 2031 vertistis,
761 1987 932 2037 judices,
964 1987 1159 2038 gemitum
1195 1988 1329 2040 populi
1365 1989 1553 2033 Romani,
1593 1990 1702 2040 cujus
1741 1987 1955 2040 frequentia

550 2052 642 2092 huic
663 2052 780 2091 causae
802 2066 1000 2105 nunquam
1023 2052 1170 2092 defuit:
1191 2068 1266 2106 qua
1286 2055 1331 2093 de
1352 2056 1541 2108 paucitate
1561 2064 1752 2094 aratorum
1772 2054 1847 2093 alio
1867 2055 1954 2094 loco

551 2119 692 2156 diuam.

608 2183 778 2222 XXXV.
813 2184 932 2221 Nunc
954 2184 1064 2228 illud,
1097 2185 1201 2237 quod
1222 2200 1319 2238 pene
1342 2188 1518 2238 prm-terii,
1551 2200 1626 2225 non
1654 2187 1815 2225 omnino
1835 2185 1953 2223 relin-

553 2249 752 2302 quendum
775 2248 937 2286 videtur.
971 2249 1090 2294 Nam,
1122 2264 1188 2301 per
1220 2252 1323 2289 Deos
1345 2253 1580 2290 immortales
1601 2251 1607 2288 ἔ
1641 2251 1745 2303 quod
1765 2251 1811 2288 de
1833 2251 1956 2303 capite

553 2315 634 2368 ipso
668 2314 855 2367 dempsit,
888 2328 965 2365 quo
1000 2314 1154 2351 tandem
1183 2317 1300 2353 modo
1332 2317 1440 2354 vobis
1472 2330 1548 2354 non
1580 2316 1699 2353 modo
1726 2314 1952 2361 ferendum,

553 2394 688 2418 verum
710 2380 826 2417 etiam
848 2379 1096 2424 audiendum,
1130 2380 1309 2418 videtur?
1342 2382 1453 2418 Unus
1485 2380 1610 2418 adhuc
1644 2380 1719 2418 fuit
1752 2381 1834 2434 post
1869 2382 1955 2419 Ro-

554 2460 661 2483 mam
682 2445 893 2491 conditam,
933 2446 1019 2497 (Dii
1050 2446 1287 2484 immortales
1319 2445 1457 2492 faxint,
1496 2461 1542 2484 ne
1563 2448 1607 2484 sit
1627 2447 1762 2499 alter!)
1795 2447 1859 2485 cui
1880 2448 1955 2485 res-

554 2511 711 2566 publica
731 2521 850 2550 totam
872 2511 907 2550 se
929 2511 1091 2551 traderet
1112 2514 1350 2567 temporibus
1378 2515 1505 2552 coacta
1533 2522 1570 2552 et
1589 2513 1700 2552 malis
1721 2513 1954 2559 domesticis,
