2201 2792
496 120 573 172 498
993 120 1399 159 ORATIO

495 219 594 257 inter
614 219 793 257 mulieres
815 218 927 272 periti
951 219 1064 270 juris,
1099 228 1137 257 et
1156 219 1287 257 callidi
1302 237 1314 264 3
1345 218 1446 257 hanc
1478 217 1677 272 personam
1696 216 1891 271 imponite

496 286 673 324 AEbutio.
734 286 770 323 Is
799 286 905 323 enim
927 285 1131 323 Caesenniae
1155 284 1232 323 fuit
1252 285 1437 323 AEbutius
1457 299 1465 324 :
1497 298 1546 323 ne
1575 283 1676 323 forte
1695 283 1889 337 quaeratis‚

495 367 592 390 num
611 353 851 405 propinquus
868 353 880 389 ?
904 351 1004 390 nihil
1025 352 1201 390 alienius.
1223 352 1389 390 Amicus
1409 361 1475 390 aut
1494 365 1515 390 a
1534 361 1653 405 patre,
1667 362 1732 390 aut
1752 365 1773 389 a
1791 351 1889 396 viro,

495 419 656 457 traditus
676 419 688 456 ?
724 418 824 456 nihil
844 419 990 456 minus.
1023 418 1122 469 Qis
1142 418 1262 470 igitur
1279 419 1292 455 ?
1323 417 1403 463 ille,
1425 432 1544 470 quem
1565 418 1675 472 supra
1693 416 1887 456 deforma-

495 486 560 530 vi3
593 485 830 523 voluntarius
851 485 1000 522 amicus
1022 484 1212 530 mulieris,
1245 498 1323 522 non
1349 484 1622 522 neceffitudine
1652 484 1794 536 aliqua,
1825 483 1888 521 sed

494 551 584 589 ficto
605 551 746 595 officio,
770 550 1020 603 simulataque
1040 550 1252 596 sedulitate,
1274 551 1504 603 conjunctus
1519 569 1532 596 3
1554 551 1677 603 magis
1698 558 1888 603 opportu-

493 630 541 654 na
561 630 673 669 opera
694 630 990 668 nonnunquam,
1014 629 1133 668 quam
1153 616 1360 668 aliquando
1380 615 1500 654 fideli.

551 685 655 721 Cum
684 682 786 727 effet,
818 692 861 720 ut
891 682 1016 720 dicere
1050 681 1300 727 institueram,
1336 682 1543 721 constituta
1577 681 1704 720 auCHO
1733 682 1887 725 Romae,

494 748 701 786 suadebant
720 748 837 785 amici
857 748 1091 799 cognatique
1112 747 1331 792 Caesenniae,
1351 747 1392 784 id
1410 748 1515 800 quod
1531 748 1601 800 ipsi
1619 760 1775 800 quoque
1795 761 1888 785 mu-

494 814 577 851 lieri
598 814 638 851 in
669 822 842 850 mentem
876 813 1051 850 veniebat
1065 830 1078 857 3
1111 813 1298 864 quoniam
1318 813 1480 865 potestas
1501 812 1589 850 effet
1608 813 1764 851 emendi
1793 812 1887 850 fun-

492 880 588 918 dum
608 880 725 917 illum
745 878 1037 924 Fulcinianum,
1056 879 1127 931 qui
1140 878 1264 918 fundo
1284 880 1363 932 ejus
1384 880 1544 932 antiquo
1563 879 1766 918 continens
1783 878 1889 923 effet,

493 947 642 985 nullam
663 946 733 984 effe
754 946 940 984 rationem
962 946 1137 984 amittere
1158 946 1349 998 ejusmodi
1379 946 1616 984 occasionem
1632 964 1644 991 3
1676 959 1770 984 cum
1789 959 1888 999 prae-

492 1013 621 1051 sertim
642 1013 805 1065 pecunia
825 1026 871 1050 ex
892 1013 1097 1065 partitione
1117 1013 1317 1050 deberetur
1335 1027 1344 1051 :
1367 1012 1557 1064 nusquam
1577 1026 1663 1050 eam
1679 1012 1781 1065 poffe
1802 1025 1889 1049 me-

491 1080 567 1117 lius
588 1079 781 1118 collocari.
814 1081 950 1131 Itaque
970 1079 1112 1117 mulier
1131 1079 1254 1117 facere
1274 1079 1474 1117 constituit
1491 1094 1501 1117 ε
1538 1079 1709 1124 mandat,
1730 1087 1774 1117 ut
1793 1077 1889 1116 fun-

493 1147 589 1184 dum
609 1146 679 1184 fibi
699 1155 813 1183 emat.
848 1146 925 1183 Cui
956 1146 1145 1184 tandem?
1176 1147 1240 1184 cui
1260 1146 1437 1199 putatis?
1467 1159 1514 1184 an
1544 1160 1623 1185 non
1653 1145 1695 1184 in
1714 1154 1889 1184 mentem

492 1213 598 1250 venit
619 1212 802 1250 omnibus
834 1210 1006 1250 hominis
1038 1212 1143 1250 illius
1164 1212 1208 1250 ad
1229 1211 1304 1250 hoc
1325 1226 1483 1258 munus,
1508 1221 1546 1251 et
1576 1212 1622 1250 ad
1642 1212 1775 1251 omnia
1794 1225 1888 1250 mu·-

491 1278 594 1316 lieris
615 1278 781 1331 negotia,
795 1277 929 1330 parati,
947 1277 1023 1315 fine
1043 1291 1122 1329 quo
1143 1277 1242 1316 nihil
1258 1278 1343 1316 satis
1364 1287 1489 1324 caute,
1507 1278 1607 1316 nihil
1627 1278 1713 1317 satis
1734 1277 1887 1323 callide,

492 1345 554 1397 agi
573 1343 719 1396 poffet?
743 1344 863 1381 Recte
883 1343 1095 1382 attenditis.

546 1411 620 1449 VI.
662 1409 827 1448 AEbutio
860 1410 1064 1462 negotium
1099 1409 1222 1448 datur.
1268 1409 1387 1448 Adest
1419 1409 1467 1448 ad
1500 1409 1671 1449 tabulam
1693 1424 1703 1448 ε
1748 1409 1890 1448 licetur

492 1478 692 1518 AEbutius.
725 1479 978 1516 Deterrentur
998 1486 1190 1530 emptores
1211 1477 1342 1522 multi,
1364 1479 1506 1530 partim
1525 1478 1647 1530 gratia
1666 1478 1889 1523 Caesenniae,

491 1545 633 1598 partim
652 1544 769 1582 etiam
799 1543 938 1596 preti0.
969 1544 1130 1582 Fundus
1158 1544 1349 1582 addicitur
1368 1544 1561 1583 AEbutio:
1593 1544 1799 1598 pecuniam
1825 1557 1887 1582 ar-

491 1611 664 1665 gentario
693 1610 889 1664 promittit
908 1610 1107 1649 AEbutius.
1140 1611 1234 1662 Qo
1254 1611 1475 1650 testimonio
1505 1624 1610 1649 nunc
1635 1610 1694 1649 vir
1712 1610 1888 1663 optimus

492 1678 629 1722 utitur,
651 1677 721 1715 fibi
739 1684 919 1729 emptum
939 1675 1010 1714 effe
1027 1691 1036 1715 :
1069 1677 1171 1729 quafi
1192 1691 1281 1717 vero
1300 1686 1365 1716 aut
1390 1691 1459 1716 nos
1489 1677 1524 1715 ei
1544 1689 1732 1730 negemus
1751 1675 1888 1714 addic-

493 1754 592 1789 tum,
629 1752 694 1781 aut
724 1751 810 1781 tum
841 1741 1045 1795 quisquam
1074 1742 1207 1789 fuerit,
1234 1744 1303 1796 qui
1336 1743 1536 1789 dubitarit,
1568 1744 1665 1796 quin
1696 1751 1889 1781 emeretur

494 1810 711 1855 Caesenniae,
744 1823 837 1847 cum
858 1809 898 1846 id
917 1809 1093 1862 plerique
1123 1810 1261 1849 scirent
1272 1829 1286 1856 3
1317 1823 1452 1849 omnes
1486 1809 1565 1848 fere
1598 1808 1784 1847 audiffent
1799 1826 1812 1853 3
1844 1806 1888 1846 hi

493 1877 711 1928 conjectura
729 1875 869 1927 affequi
888 1874 1047 1927 possent,
1079 1889 1171 1914 cum
1191 1877 1356 1929 pecunia
1379 1876 1583 1914 Caesenniae
1610 1889 1658 1913 ex
1687 1874 1754 1912 illa
1772 1872 1888 1912 here-

493 1943 610 1980 ditate
631 1941 832 1979 deberetur
848 1958 860 1985 3
892 1954 976 1978 eam
993 1954 1107 1993 porro
1136 1942 1176 1979 in
1198 1942 1348 1995 praediis
1369 1942 1550 1980 collocari
1577 1941 1747 1979 maxime
1767 1952 1887 1993 expe-

493 2009 590 2046 diret
607 2027 618 2052 3
650 2007 765 2045 essent
785 2015 913 2045 autem
933 2007 1086 2060 praedia,
1119 2022 1204 2061 quae
1224 2008 1380 2046 mulieri
1407 2009 1577 2047 maxime
1607 2008 1857 2046 convenirent
1871 2025 1886 2052 3

492 2088 534 2112 ea
566 2073 738 2111 venirent
755 2091 766 2118 3
798 2073 976 2111 liceretur
1006 2073 1052 2119 is,
1075 2087 1193 2127 quem
1221 2074 1426 2113 Caesenniae
1459 2074 1546 2112 dare
1578 2087 1734 2128 operam
1768 2086 1887 2112 nemo

493 2141 708 2185 miraretur,
731 2139 800 2177 fibi
819 2153 944 2178 emere
965 2154 1081 2179 nemo
1097 2140 1217 2194 posset
1237 2140 1430 2194 suspicari.

549 2208 637 2245 Hac
658 2206 854 2259 emptione
874 2204 985 2251 fasta,
1017 2207 1179 2259 pecunia
1199 2207 1358 2246 solvitur
1385 2221 1406 2245 a
1427 2207 1635 2246 Caesennia.
1682 2207 1804 2258 Cujus
1831 2206 1886 2243 rei

494 2283 605 2326 putat
624 2274 690 2312 iste
710 2274 894 2311 rationem
917 2273 1022 2311 reddi
1043 2287 1120 2312 non
1141 2273 1257 2327 posse,
1289 2275 1395 2327 quod
1414 2275 1493 2328 ipse
1513 2274 1660 2312 tabulas
1680 2272 1855 2311 averterit
1873 2286 1884 2310 t

496 2341 529 2377 se
558 2349 687 2378 autem
708 2339 847 2378 habere
867 2340 1070 2392 argentarii
1090 2340 1252 2385 tabulas,
1274 2341 1315 2378 in
1335 2340 1476 2392 quibus
1497 2340 1566 2378 fibi
1587 2338 1747 2392 expensa
1764 2351 1885 2391 pecu-

498 2407 556 2445 nia
582 2407 655 2446 lata
676 2407 734 2453 fit,
768 2416 1001 2460 acceptaque
1033 2406 1171 2446 relata:
1203 2407 1308 2460 quast
1340 2407 1381 2445 id
1414 2406 1521 2446 aliter
1542 2405 1626 2466 fieri
1655 2405 1883 2459 oportuerit.
