2201 2792
570 145 646 200 306
998 147 1087 187 IN
1160 147 1540 187 VERREM

566 244 710 297 legatos
742 245 868 284 noluit
897 246 1052 284 mittere
1067 265 1078 292 ς
1111 247 1179 300 ipfi
1200 257 1360 286 aratores
1390 247 1651 301 Centuripini,
1682 247 1751 300 qui
1784 257 1967 285 numerus

566 311 619 348 est
639 312 678 349 in
700 312 830 350 Sicilia
859 313 1070 357 maximus,
1091 313 1299 352 hominum
1330 313 1696 359 honestiffimorum,
1727 322 1766 351 et
1791 311 1968 364 locuple-

567 378 826 423 tiffimorum,
871 387 946 416 tres
980 379 1138 431 legatos,
1183 381 1283 418 cives
1317 380 1417 426 suos,
1462 381 1714 433 delegerunt;
1761 389 1804 418 ut
1835 391 1968 417 eorum

567 444 789 483 testimonio
809 458 886 482 non
908 445 1021 482 unius
1041 445 1134 497 agri,
1170 445 1232 483 sed
1262 459 1381 499 prope
1411 448 1529 485 totius
1552 447 1703 492 Siciliae,
1734 445 1968 484 calamitates

568 510 860 562 cognosceretis.
892 511 1015 548 Arant
1034 511 1139 548 enim
1161 511 1241 550 tota
1267 511 1396 549 Sicilia
1422 511 1501 550 fere
1525 512 1795 564 Centuripini:
1827 519 1866 548 et
1893 508 1970 548 hoc

567 577 609 614 in
641 586 678 614 te
707 577 910 630 graviores,
943 577 1196 630 certioresque
1228 577 1335 616 testes
1368 579 1468 624 sunt,
1503 578 1608 632 quod
1634 588 1776 616 caeterae
1795 577 1969 616 civitates

569 643 644 682 suis
678 644 803 682 solum
837 645 1096 683 incommodis
1129 654 1454 690 commoventur;
1498 645 1759 698 Centuripini,
1795 642 1900 696 quod
1930 642 1971 681 in

568 711 749 749 omnium
770 710 847 748 fere
867 710 1009 749 finibus
1029 710 1174 749 habent
1193 710 1446 764 poffeffiones,
1460 713 1575 750 etiam
1589 721 1812 750 caeterarum
1832 709 1969 748 civita-

570 786 656 814 tum
677 777 829 821 damna,
851 790 893 814 ac
914 777 1144 816 detrimenta
1164 777 1368 816 senserunt.

624 843 775 881 XLVI.
807 843 969 888 Verum,
992 844 1049 881 uti
1068 843 1164 888 dixi,
1193 844 1288 882 ratio
1308 854 1408 882 certa
1427 845 1479 882 est
1500 844 1758 887 AEtnensium‚
1781 851 1818 879 et
1838 841 1970 894 publi-

569 910 639 953 cis,
660 919 698 946 et
717 909 874 961 privatis
895 910 1014 947 literis
1036 910 1266 962 consignata.
1299 911 1400 948 Meae
1427 911 1635 962 diligentiae
1655 909 1817 962 pensum
1847 908 1970 960 magis

569 975 610 1013 in
631 975 826 1013 Leontino
846 989 936 1027 agro
955 975 1006 1013 est
1025 975 1276 1027 exigendum,
1299 986 1453 1028 propter
1472 975 1571 1013 hanc
1592 975 1756 1020 causam,
1778 973 1882 1026 quod
1903 973 1972 1026 ipfi

568 1041 753 1080 Leontini
774 1041 930 1093 publice
951 1054 1027 1078 non
1048 1041 1131 1078 sane
1153 1054 1215 1078 me
1236 1041 1409 1079 multum
1430 1042 1679 1093 adjuverunt:
1712 1053 1838 1092 neque
1867 1039 1973 1078 enim

568 1120 646 1151 eos,
678 1107 748 1145 isto
780 1107 957 1151 Praetore,
988 1105 1048 1144 hae
1082 1107 1384 1145 decumanorum
1419 1109 1566 1159 injuriae
1599 1108 1802 1151 laescrunt3
1845 1106 1973 1159 potius

569 1173 700 1217 etiam,
722 1172 894 1223 Judices,
927 1173 1164 1225 adjuverunt.
1198 1174 1352 1211 Mirum
1383 1173 1532 1211 fortaffe
1563 1173 1638 1211 hoc
1658 1174 1781 1217 vobis,
1814 1182 1878 1209 aut
1907 1173 1972 1209 in-

569 1239 753 1277 credibile
785 1239 970 1283 videatur,
1005 1239 1046 1276 in
1071 1239 1184 1276 tantis
1219 1249 1407 1278 aratorum
1441 1240 1717 1283 incommodis,
1744 1238 1971 1283 Leontinos,

568 1305 637 1358 qui
672 1305 863 1358 principes
893 1305 947 1342 rei
980 1303 1240 1343 frumentariae
1277 1304 1458 1350 fuerunt,
1489 1316 1660 1358 expertes
1696 1304 1971 1343 incommodo-

569 1384 672 1416 rum,
702 1380 817 1422 atque
837 1370 1064 1422 injuriarum
1086 1370 1210 1410 fuiffe.
1249 1372 1340 1410 Hoc
1361 1372 1478 1410 causae
1498 1372 1564 1416 est,
1595 1372 1767 1422 Judices,
1798 1370 1904 1422 quod
1932 1370 1973 1408 in

570 1450 660 1490 agro
680 1437 888 1481 Leontino,
909 1446 1043 1489 praeter
1064 1450 1179 1475 unam
1197 1438 1429 1476 Mnasistrati
1448 1437 1653 1482 familiam,
1671 1438 1824 1490 glebam
1842 1438 1971 1474 Leon-

568 1505 743 1542 tinorum
763 1503 923 1555 poffidet
954 1516 1097 1541 nemo:
1129 1504 1258 1556 itaque
1289 1504 1535 1549 Mnafistrati,
1566 1504 1738 1542 hominis
1758 1503 1972 1541 honestiffi-

570 1571 641 1615 mi,
672 1579 787 1622 atque
817 1569 957 1622 optimi
991 1570 1062 1607 viri
1099 1570 1332 1616 testimonio,
1370 1571 1542 1623 Judices,
1579 1571 1755 1609 audietis.
1806 1572 1973 1608 Caeteros

571 1637 796 1680 Leontinos,
819 1637 960 1688 quibus
982 1649 1059 1674 non
1080 1637 1198 1674 modo
1214 1638 1410 1690 Apronius
1430 1638 1470 1675 in
1491 1638 1604 1690 agris,
1626 1637 1687 1676 sed
1708 1651 1755 1675 ne
1772 1635 1973 1689 tempestas

571 1703 732 1754 quidem
754 1702 831 1740 ulla
851 1715 987 1740 nocere
1007 1703 1151 1754 potuit,
1173 1705 1370 1755 expectare
1400 1704 1547 1743 nolite:
1580 1704 1725 1741 etenim
1758 1717 1835 1742 non
1857 1702 1974 1740 modo

570 1769 815 1807 incommodi
834 1768 934 1807 nihil
955 1778 1154 1821 ceperunt,
1186 1769 1247 1807 sed
1266 1770 1381 1808 etiam
1411 1771 1452 1808 in
1473 1770 1705 1823 Apronianis
1735 1769 1812 1808 illis
1832 1769 1973 1821 rapinis

571 1825 777 1887 inquaestu
798 1833 898 1878 sunt,
921 1835 1231 1886 compendioque
1251 1835 1396 1874 versati.

627 1901 901 1952 Qapropter,
938 1900 1123 1950 quoniam
1157 1913 1220 1937 me
1255 1901 1446 1946 Leontina
1479 1901 1627 1945 civitas,
1664 1909 1778 1952 atque
1808 1899 1974 1952 legatio,

572 1976 728 2018 propter
761 1978 860 2009 eam,
896 1978 1012 2016 quam
1047 1966 1143 2010 dixi,
1187 1965 1359 2011 causam,
1390 1965 1563 2012 defecit;
1596 1966 1779 2005 mihimet
1809 1966 1976 2004 ineunda

571 2031 681 2075 ratio,
724 2039 762 2067 et
793 2032 852 2068 via
886 2031 1104 2083 reperienda
1137 2031 1217 2077 est,
1263 2045 1339 2084 qua
1375 2032 1422 2070 ad
1453 2033 1619 2085 Apronii
1653 2033 1866 2085 quaestum,
1902 2032 1975 2070 five

574 2097 681 2141 adeo,
723 2109 798 2148 qua
828 2097 873 2134 ad
908 2096 1013 2134 istius
1050 2098 1262 2149 ingentem,
1306 2099 1596 2152 immanemque
1634 2099 1800 2153 praedam
1838 2098 1974 2151 poffim

575 2163 782 2216 pervenire.
815 2162 911 2214 Agri
933 2164 1116 2201 Leontini
1151 2164 1323 2203 decumae
1353 2179 1453 2204 anno
1485 2166 1596 2204 tertio
1626 2167 1828 2204 venierunt
1855 2164 1975 2202 tritici

575 2227 821 2267 medimnum
851 2241 1005 2272 xxxv'i,
1036 2227 1111 2266 hoc
1142 2230 1208 2274 est,
1239 2231 1359 2269 tritici
1392 2231 1569 2270 modium
1602 2244 1750 2269 ccxv1.
1810 2230 1973 2281 Magno,

575 2295 747 2346 Judices,
779 2307 947 2346 magno:
979 2308 1103 2347 neque
1133 2296 1237 2333 enim
1271 2296 1346 2335 hoc
1378 2297 1526 2350 poffum
1561 2310 1710 2349 negare.
1743 2297 1877 2347 Itaque
1906 2309 1974 2332 ne-

576 2360 671 2399 ceffe
704 2360 756 2398 cst
790 2370 854 2398 aut
874 2360 1075 2406 damnum,
1107 2370 1171 2399 aut
1201 2372 1302 2400 certe
1336 2377 1413 2400 non
1451 2376 1638 2415 magnum
1670 2363 1822 2400 lucrum
1848 2360 1976 2399 feciss‘e

577 2427 836 2466 decumanum
855 2442 864 2467 :
896 2427 970 2467 hoc
990 2428 1095 2467 enim
1116 2428 1208 2468 solet
1230 2429 1297 2468 usu
1312 2429 1440 2470 venire
1459 2430 1520 2476 iis,
1551 2430 1619 2482 qui
1640 2442 1780 2483 magno
1800 2429 1975 2468 redeme-

577 2502 678 2532 runt.
