2201 2792
495 189 572 228 266
921 191 1010 229 IN
1087 190 1467 231 VERREM

493 285 734 331 Verrutiurn,
757 286 900 325 neceffe
920 288 972 326 est
985 307 995 332 ;
1019 298 1083 326 aut
1105 298 1141 326 te
1161 289 1231 328 effe
1252 290 1478 329 Verrutium
1499 289 1648 329 fateare.
1671 288 1897 329 Laudamur

492 362 655 391 oratores
677 363 835 399 veteres,
855 355 972 392 Craffi
994 356 1067 400 illi,
1100 365 1137 393 et
1159 357 1335 401 Antonii,
1358 357 1462 408 quod
1483 357 1646 395 crimina
1666 357 1811 396 diluere
1831 357 1892 395 di-

491 418 633 463 lucide,
649 419 753 470 quod
772 420 922 471 copiose
942 434 1095 458 reorum
1112 421 1236 459 causas
1254 421 1468 468 defendere,
1490 422 1663 462 solerent,
1687 422 1893 462 Nimirum

490 483 549 521 illi
570 479 647 522 non
668 485 824 537 ingenio
844 485 968 523 solum
999 485 1059 523 his
1080 487 1263 539 patronis,
1286 486 1347 525 sed
1377 487 1530 528 fortuna
1550 489 1681 533 etiam,
1707 488 1891 541 praestite-

491 560 594 589 runt.
628 551 760 589 Nemo
791 552 895 590 enim
918 562 1012 590 tunc
1045 553 1097 590 ita
1117 554 1311 605 peccabat,
1348 563 1390 592 ut
1410 553 1621 592 defenfioni
1654 555 1786 593 locum
1813 568 1891 592 non

490 617 749 669 relinqueret,
781 631 896 655 nemo
916 619 969 655 ita
1000 618 1163 663 vivebat,
1196 628 1239 656 ut
1271 619 1376 657 nulla
1401 620 1482 671 ejus
1503 620 1589 658 vitae
1620 633 1702 672 pars
1733 619 1891 661 summae

489 684 741 736 turpitudinis
762 684 850 722 esset
869 698 1029 737 expers,
1061 699 1178 723 nemo
1198 686 1248 723 ita
1270 686 1309 723 in
1335 686 1534 724 manifesto
1554 696 1713 739 peccatu
1734 686 1892 724 teneba-

489 759 565 795 tur,
590 760 646 797 ut,
667 765 759 789 cum
780 751 985 804 impudens
1006 750 1132 790 fuiffet
1153 752 1193 789 in
1213 751 1328 798 facto,
1351 761 1437 791 tum
1457 753 1722 807 impudentior
1741 752 1891 791 videre-

489 825 566 862 tur,
588 818 614 856 fi
635 827 801 871 negaret.

543 884 664 923 Nunc
693 898 781 922 vero
802 885 895 937 quid
925 884 1040 924 faciat
1067 886 1324 924 Hortensius?
1357 887 1586 925 Avaritiaene
1617 887 1781 925 crimina
1806 884 1891 924 fru-

487 950 652 1003 galitatis
689 950 866 988 laudibus
912 951 1135 1004 deprecetur
1153 953 1165 989 ?
1211 954 1265 990 At
1299 952 1499 990 hominem
1534 952 1889 1005 flagitiofiffimum,

487 1017 850 1062 libidinofiffimum,
883 1018 1235 1070 nequiffimumque
1255 1018 1440 1057 defendit.
1483 1021 1547 1057 An
1568 1019 1613 1056 ab
1633 1017 1804 1070 hacejus
1827 1018 1892 1056 in-

486 1083 617 1129 famia,
649 1085 844 1136 nequitia,
877 1084 1015 1122 vestros
1051 1085 1198 1123 animos
1230 1085 1270 1123 in
1302 1085 1415 1123 aliam
1451 1095 1614 1138 partem,
1649 1084 1891 1124 fortitudinis

485 1151 870 1196 commemoratione,
909 1151 1113 1189 traducat?
1145 1153 1200 1189 At
1230 1151 1351 1190 homo
1377 1153 1549 1197 inertior,
1582 1152 1768 1204 ignavior,
1803 1165 1889 1190 ma-

485 1220 543 1271 gis
560 1219 617 1256 vir
635 1219 736 1256 inter
756 1218 949 1262 mulieres,
972 1218 1124 1271 impura
1142 1219 1243 1256 inter
1262 1219 1362 1257 viros
1382 1219 1612 1257 muliercula
1630 1217 1794 1271 proferri
1811 1231 1892 1257 non

486 1284 621 1337 potest.
660 1285 715 1322 At
735 1297 860 1321 mores
891 1284 1104 1322 commodi.
1137 1284 1236 1335 Qis
1257 1284 1554 1322 contumacior?
1585 1285 1671 1336 quis
1703 1283 1888 1322 inhuma-

485 1350 571 1388 nior
590 1351 602 1386 ?
625 1350 711 1402 quis
732 1348 955 1402 superbior?
987 1351 1042 1388 At
1060 1349 1143 1388 haec
1163 1350 1239 1388 fine
1258 1350 1485 1402 cujusquam
1512 1351 1628 1389 malo.
1661 1350 1762 1401 Qis
1782 1363 1888 1388 acer-

488 1417 572 1454 bior
591 1416 604 1453 ?
645 1416 731 1468 quis
766 1415 1002 1454 insidiosior?
1039 1417 1126 1468 quis
1160 1416 1352 1454 crudelior
1386 1430 1558 1469 unquam
1593 1415 1669 1453 fuit
1687 1417 1700 1453 ?
1732 1417 1777 1454 In
1812 1415 1887 1455 hoc

486 1481 661 1526 homine,
683 1491 796 1537 atque
817 1482 857 1519 in
876 1481 1064 1534 ejusmodi
1095 1481 1202 1520 causa
1222 1482 1316 1534 quid
1335 1481 1502 1521 facerent
1521 1495 1655 1521 omnes
1688 1481 1818 1526 Craffi,
1850 1491 1889 1521 et

486 1549 650 1586 Antonii
669 1548 682 1585 ?
713 1549 903 1593 Tantum,
924 1549 1074 1601 opinor,
1098 1548 1295 1594 Hortenfi‚
1321 1549 1368 1587 ad
1387 1548 1487 1587 hanc
1506 1549 1657 1587 causam
1677 1562 1756 1587 non
1776 1562 1887 1587 acce—

486 1615 633 1659 derent,
668 1627 716 1652 ne
748 1614 789 1652 in
824 1614 977 1652 alterius
1012 1615 1255 1668 impudentia
1287 1614 1343 1653 sui
1376 1615 1532 1668 pudoris
1567 1614 1889 1654 existimationem

486 1681 720 1719 amitterent.
752 1680 886 1718 Liberi
906 1680 1012 1719 enim
1043 1680 1088 1718 ad
1119 1680 1259 1726 causas,
1293 1680 1483 1733 solutique
1502 1681 1704 1720 veniebant
1720 1698 1732 1725 3
1764 1694 1889 1733 neque

485 1747 799 1790 committebant,
834 1755 889 1792 ut,
922 1745 949 1784 fi
969 1746 1213 1800 impudentes
1234 1747 1275 1786 in
1295 1745 1535 1788 defendendo
1564 1746 1635 1787 effe
1665 1746 1886 1793 noluiffent‚

486 1813 626 1866 ingrati
645 1813 685 1851 in
706 1812 909 1852 deserendo
928 1812 1247 1853 existimarentur.
