2201 2792
537 239 613 279 ²30
960 221 1051 261 IN
1122 222 1503 262 VERREM

532 324 706 370 studiose,
740 332 782 363 ut
802 322 897 368 dixi,
931 330 1182 375 compararat,
1205 335 1283 360 non
1310 331 1389 360 tam
1416 322 1490 360 suae
1510 321 1772 361 delectationis
1802 321 1928 368 causa,

532 407 651 446 quam
670 392 717 430 ad
750 390 1007 433 invitationes,
1039 388 1297 440 adventusque
1328 389 1543 426 nostrorum
1569 387 1792 434 hominum,
1826 388 1929 427 arni-

532 474 668 499 corum
699 458 868 501 suorum,
901 464 1016 507 atque
1048 453 1260 507 hospitum.
1293 455 1391 506 Qae
1424 455 1669 507 posteaquam
1703 455 1770 493 iste
1798 454 1931 494 omnia

531 527 700 570 abstulit,
740 524 810 562 alia
848 522 1028 574 rogando,
1069 521 1141 558 alia
1174 520 1380 573 poscendo,
1425 521 1497 558 alia
1526 521 1710 560 sumendo
1726 539 1738 566 3
1783 521 1930 560 ferebat

535 593 728 636 Sthenius,
750 599 793 628 ut
812 597 972 642 poterat.
1014 587 1241 639 Augebatur
1272 596 1398 624 tamen
1419 588 1539 624 animi
1559 587 1690 625 dolore
1711 587 1926 632 necessario,

532 660 636 713 quod
656 658 818 696 domum
837 657 917 708 ejus
938 662 1157 692 exornatam
1173 662 1288 705 atque
1307 653 1543 697 instructam,
1558 652 1636 691 fere
1650 654 1732 705 jam
1754 653 1820 691 iste
1840 653 1929 691 red-

532 726 675 764 diderat
689 723 830 761 nudam
847 730 960 773 atque
974 721 1142 759 inanem.
1162 719 1441 756 Verumtamen
1462 719 1635 758 dolorem
1648 719 1759 757 suum
1780 719 1929 757 nemini

531 791 799 845 impertiebat:
832 787 1006 826 Praetoris
1028 786 1197 838 injurias,
1218 785 1333 823 tacite
1346 804 1358 830 ς
1390 784 1564 838 hospitis,
1586 785 1736 838 placide
1755 784 1928 824 ferendas

532 858 795 896 arbitrabatur.
828 855 974 892 Interea
1007 852 1216 905 cupiditate
1250 852 1317 889 iste
1346 851 1412 889 illa
1444 851 1508 889 sua
1538 861 1642 896 nota,
1677 861 1792 904 atque
1825 851 1928 904 apud

530 937 663 963 omnes
699 921 930 975 pervulgata,
966 933 1058 957 cum
1089 919 1192 971 figna
1220 919 1395 970 quaedam
1415 917 1675 971 pulcherrima
1693 927 1807 970 atque
1826 918 1928 956 anti-

530 989 707 1043 quiffima
726 986 911 1025 Thermis
933 986 972 1023 in
993 985 1154 1037 publico
1175 985 1292 1036 posita
1307 983 1468 1029 vidiffet,
1485 984 1699 1021 adamavit:
1728 997 1748 1020 a
1769 982 1928 1022 Sthenio

530 1065 656 1109 petere
676 1053 809 1106 coepit,
845 1062 887 1089 ut
908 1051 954 1088 ad
974 1063 1015 1087 ea
1035 1049 1204 1087 tollenda
1222 1063 1377 1102 operam
1404 1049 1508 1087 suam
1528 1048 1783 1102 profiteretur,
1813 1049 1927 1102 seque

529 1123 734 1174 adjuvaret.
782 1117 962 1156 Sthenius
997 1130 1084 1154 vero
1105 1130 1182 1154 non
1203 1116 1325 1154 solum
1347 1116 1511 1168 negavit,
1546 1115 1609 1153 sed
1628 1115 1744 1153 etiam
1764 1115 1929 1154 ostendit

528 1189 567 1226 id
588 1187 669 1224 fieri
700 1185 809 1223 nullo
830 1182 947 1221 modo
966 1181 1082 1234 poffe,
1115 1190 1158 1218 ut
1178 1181 1279 1232 figna
1304 1181 1574 1232 antiquiffima,
1606 1189 1859 1218 monumenta
1879 1182 1926 1219 P.

529 1253 718 1296 Africani,
739 1264 787 1288 ex
807 1248 951 1301 oppido
972 1246 1333 1291 Thermitanorum,
1361 1246 1551 1284 incolumi
1571 1245 1636 1282 illa
1656 1246 1823 1291 civitate,
1845 1246 1925 1285 im-

528 1320 711 1372 perioque
732 1315 866 1369 populi
888 1313 1056 1351 Romani
1077 1312 1314 1350 tollerentur.

584 1383 755 1422 XXXV.
788 1381 962 1424 Etenim,
999 1387 1041 1416 ut
1062 1378 1173 1417 fimul
1195 1380 1238 1417 P.
1258 1377 1433 1417 Africani
1454 1391 1609 1430 quoque
1642 1376 1926 1417 humanitatem

529 1461 566 1489 et
597 1450 817 1502 aequitatem
851 1445 1084 1499 cognoscatis
1103 1474 1113 1489 ,
1149 1445 1336 1497 oppidum
1371 1445 1576 1483 Himeram
1612 1443 1926 1496 Carthaginenses

529 1518 725 1571 quondam
746 1522 921 1567 ceperant
937 1531 948 1557 3
981 1512 1085 1564 quod
1105 1510 1227 1549 fuerat
1258 1511 1298 1550 in
1318 1511 1454 1564 primis
1477 1511 1614 1549 Siciliae
1636 1511 1784 1548 clarum
1804 1519 1841 1549 et
1861 1524 1926 1549 or-

529 1594 678 1623 natum.
720 1581 861 1633 Scipio,
896 1579 964 1630 qui
997 1577 1073 1616 hoc
1105 1578 1270 1629 dignum
1304 1577 1448 1630 populo
1468 1578 1648 1614 Romano
1668 1576 1925 1622 arbitraretur,

528 1650 631 1688 bello
651 1646 840 1690 confecto,
863 1645 981 1683 socios
1012 1644 1075 1681 sua
1094 1657 1160 1696 per
1181 1644 1346 1681 nostram
1367 1643 1565 1681 viftoriam
1586 1655 1832 1695 recuperare3
1864 1644 1925 1681 Si-

527 1716 624 1753 culis
645 1714 842 1756 omnibus,
861 1710 1093 1763 Carthagine
1113 1710 1234 1763 capta,
1253 1724 1337 1762 quae
1357 1710 1498 1762 potuit,
1517 1709 1744 1747 restituenda
1763 1709 1924 1748 curavit.

528 1781 693 1831 Himera
727 1778 863 1823 deleta,
895 1791 991 1830 quos
1025 1778 1126 1814 cives
1162 1776 1255 1814 belli
1285 1776 1478 1814 calamitas
1513 1775 1680 1827 reliquos
1713 1773 1867 1820 fecerat,
1896 1776 1926 1813 ii

528 1849 599 1886 sese
619 1845 803 1885 Thermis
831 1844 1076 1887 collocaram,
1110 1843 1150 1879 in
1170 1842 1337 1893 ejusdem
1363 1842 1441 1894 agri
1468 1840 1625 1885 finibus,
1657 1854 1781 1892 neque
1809 1840 1925 1892 longe

527 1916 574 1952 ab
594 1913 737 1966 oppido
758 1911 929 1962 antiquo.
970 1909 1026 1946 Hi
1048 1909 1082 1945 se
1102 1917 1254 1960 patrum
1275 1907 1470 1945 fortunam
1491 1921 1533 1945 ac
1553 1907 1782 1959 dignitatem
1812 1919 1924 1944 recu-

527 1993 656 2033 perare
687 1977 977 2019 arbitrabantur,
1020 1988 1111 2011 cum
1142 1974 1208 2011 illa
1243 1975 1434 2025 majorum
1467 1982 1688 2011 ornamenta
1720 1973 1759 2011 in
1789 1986 1924 2011 eorum

526 2045 670 2098 oppido
691 2042 990 2081 collocabantur.
1024 2041 1143 2078 Erant
1164 2040 1266 2092 signa
1285 2053 1331 2077 ex
1353 2053 1421 2077 aere
1441 2039 1664 2091 complura:
1687 2039 1726 2076 in
1747 2038 1808 2076 his
1829 2039 1926 2077 mira

528 2108 818 2163 pulchritudine
849 2107 926 2158 ipsa
957 2107 1132 2150 Himera,
1164 2106 1203 2142 in
1235 2105 1465 2143 muliebrem
1488 2105 1649 2157 figuram
1670 2103 1926 2157 habitumque

528 2176 704 2219 formata,
735 2188 781 2211 ex
811 2173 944 2224 oppidi
979 2172 1150 2216 nomine,
1178 2181 1215 2208 et
1242 2171 1428 2209 fluminis.
1461 2172 1553 2209 Erat
1584 2171 1700 2208 etiam
1722 2169 1924 2208 Stesichori

527 2252 648 2295 poetae
683 2241 799 2278 statua
829 2238 980 2282 senilis,
1012 2239 1181 2281 incurva,
1215 2251 1306 2275 cum
1336 2237 1460 2281 libro,
1492 2237 1659 2280 summo,
1694 2244 1737 2273 ut
1770 2243 1922 2288 putant,

528 2308 689 2346 artificio
709 2305 805 2344 fasta
823 2319 831 2342 :
863 2304 931 2356 qui
950 2302 1026 2341 fuit
1048 2303 1246 2347 Himerae3
1279 2303 1340 2340 sed
1361 2311 1398 2340 ct
1418 2303 1483 2346 est,
1502 2311 1539 2340 et
1558 2301 1634 2339 fuit
1651 2310 1729 2338 tota
1749 2301 1788 2338 in
1810 2302 1922 2339 Grae-

528 2375 584 2411 cia
607 2374 757 2412 summo
778 2378 931 2424 propter
952 2367 1153 2420 ingenium
1174 2366 1318 2405 honore
1338 2377 1374 2405 et
1396 2367 1566 2405 nomine.
1591 2367 1687 2404 Haec
1709 2365 1775 2403 iste
1793 2366 1838 2403 ad
1858 2367 1922 2403 in-

528 2440 667 2476 saniam
689 2436 946 2488 concupierat.
979 2434 1123 2477 Etiam,
1144 2433 1248 2485 quod
1268 2446 1362 2485 pene
1383 2433 1560 2484 praetcrii,
1579 2431 1724 2484 capella
1746 2432 1922 2483 quaedam

529 2506 594 2548 est,
625 2518 666 2540 ea
699 2503 858 2555 quidem
894 2501 1014 2544 mire,
1048 2509 1090 2537 ut
1119 2500 1234 2537 etiam
1264 2512 1357 2543 nOS,
1389 2499 1455 2550 qui
1486 2498 1596 2535 rudes
1626 2497 1762 2536 harum
1795 2511 1923 2534 rerum

528 2571 673 2615 sumus,
705 2568 918 2619 intelligere
939 2565 1136 2619 poffimus,
1169 2565 1259 2603 scite
1284 2564 1380 2604 facta
1400 2574 1437 2602 et
1457 2563 1622 2603 venuste.
1655 2564 1767 2609 Haec,
1794 2572 1832 2601 et
1851 2563 1924 2600 alia
