2201 2792
465 188 542 228 510
960 168 1362 207 ORATIO

463 274 490 311 fi
517 272 630 310 verba
660 271 761 309 inter
791 282 859 307 nos
891 267 1184 321 aucupabimur.
1218 267 1401 319 Denique
1435 265 1646 318 imperium
1676 264 1858 302 domesti-

463 353 556 377 cum
576 338 730 376 nullum
763 336 848 380 erit,
885 335 911 372 fi
941 334 1097 372 servulis
1128 332 1204 371 hoc
1236 333 1371 371 nostris
1401 332 1709 376 concesserimus,
1741 340 1784 368 ut
1815 330 1861 368 ad

463 405 577 443 verba
598 404 708 442 nobis
733 401 942 445 obediant3
976 413 1053 437 non
1084 399 1130 436 ad
1150 399 1204 443 id,
1237 399 1343 451 quod
1363 412 1410 436 ex
1441 398 1564 436 verbis
1585 397 1753 449 intelligi
1773 396 1862 450 pos-

465 473 523 516 fit,
560 471 845 522 obtemperent.
878 466 1082 519 Exemplis
1109 479 1213 503 nunc
1247 466 1304 504 uti
1324 465 1504 503 videlicet
1523 463 1625 503 mihi
1645 463 1790 502 neceffe
1810 463 1864 501 est

465 537 604 576 harum
625 550 754 575 rerum
775 534 983 573 omnium?
1015 546 1095 571 non
1125 533 1295 570 occurrit
1326 532 1537 583 unicuique
1562 530 1726 569 vestrum
1758 529 1863 567 aliud

465 605 531 643 alii
551 605 591 642 in
612 603 723 642 omni
741 615 881 655 genere
900 600 1140 653 exemplum,
1163 599 1269 652 quod
1290 599 1511 637 testimonio
1531 598 1589 643 fit,
1612 611 1691 635 non
1711 611 1758 635 ex
1778 609 1863 635 ver-

466 672 525 710 bis
546 680 682 724 aptum
703 669 867 722 pendere
892 668 971 719 jus,
1005 666 1067 704 sed
1093 666 1207 704 verba
1237 665 1372 703 servire
1400 664 1610 703 hominum
1634 663 1801 702 consiliis
1828 672 1866 701 et

465 736 753 775 auetoritatibus
769 735 781 772 ?

525 804 672 840 Ornate
703 810 741 838 et
772 799 924 852 copiose
950 800 1000 837 L.
1024 797 1190 841 Craffus,
1221 795 1344 835 homo
1371 796 1487 847 longe
1518 795 1864 847 eloquendffimus,

467 869 583 923 paulo
610 878 696 906 ante
728 880 846 919 quam
877 878 946 904 nos
979 866 1019 903 in
1050 863 1183 903 forum
1201 864 1394 907 venimus,
1420 862 1572 914 judicio
1597 862 1868 900 centumvirali

468 936 568 973 hanc
589 934 817 973 sententiam
848 930 1034 976 defendit,
1065 939 1103 968 et
1133 929 1260 976 facile,
1291 943 1384 968 cum
1415 938 1549 967 contra
1578 942 1670 967 eum
1697 929 1866 981 pruden-

468 1002 632 1040 tiffimus
665 999 786 1038 homo
807 998 1047 1050 QMucius
1068 997 1225 1041 diceret,
1257 995 1435 1050 probavit
1454 995 1653 1040 omnibus,
1680 995 1757 1034 Μ’.
1782 997 1867 1035 Cu-

468 1070 584 1112 rium,
622 1067 692 1119 qui
720 1065 828 1104 heres
864 1064 1061 1102 institutus
1093 1063 1183 1102 effet
1215 1065 1283 1108 ita,
1311 1072 1452 1102 mortuo
1474 1062 1630 1117 postumo
1647 1062 1744 1114 filio,
1774 1076 1868 1101 cum

469 1135 572 1172 filius
594 1147 671 1172 non
692 1131 810 1171 modo
831 1144 908 1168 non
931 1139 1123 1174 mortuus,
1155 1129 1217 1167 sed
1239 1143 1285 1167 ne
1305 1138 1414 1167 natus
1443 1129 1603 1181 quidem
1623 1128 1724 1173 effet,
1755 1127 1869 1167 here-

469 1201 560 1239 dem
581 1199 651 1237 effe
672 1207 860 1251 oportere.
893 1197 1002 1247 Qid
1023 1197 1036 1233 ?
1069 1196 1192 1234 verbis
1213 1195 1300 1234 satis
1320 1194 1396 1233 hoc
1423 1204 1584 1234 cautum
1604 1204 1683 1234 erat
1701 1196 1714 1232 ?
1747 1195 1868 1234 mini-

469 1281 547 1307 me.
574 1267 674 1317 Qae
693 1279 750 1303 res
772 1265 892 1317 igitur
911 1263 1063 1302 valuit?
1096 1263 1287 1301 voluntas.
1321 1263 1420 1314 Qae
1441 1262 1482 1307 fi,
1511 1263 1638 1302 tacitis
1656 1262 1783 1308 nobis,
1804 1263 1869 1301 in-

468 1335 595 1388 telligi
617 1333 749 1387 posset,
783 1331 908 1370 verbis
940 1331 1104 1369 omnino
1135 1344 1215 1369 non
1246 1339 1468 1368 uteremur:
1501 1330 1592 1383 quia
1622 1344 1701 1369 non
1730 1329 1868 1383 potest,

470 1403 585 1440 verba
616 1408 762 1453 reperta
792 1398 894 1443 sunt,
925 1411 1004 1436 non
1035 1411 1120 1450 quae
1150 1397 1399 1450 impedirent,
1430 1396 1492 1435 sed
1522 1411 1608 1450 quae
1639 1397 1869 1443 indicarent,

470 1469 726 1508 voluntatem.

526 1535 640 1573 XIX.
673 1533 757 1571 Lex
778 1529 890 1569 usum
911 1538 949 1568 et
968 1529 1234 1568 auctoritatem
1254 1528 1368 1568 fundi
1394 1529 1509 1582 jubet
1538 1528 1609 1567 effe
1636 1528 1868 1568 biennium:

470 1611 508 1640 at
529 1600 679 1639 utimur
697 1597 833 1636 eodem
858 1597 946 1649 jure
970 1596 1012 1635 in
1033 1596 1206 1642 aedibus,
1224 1610 1309 1649 quae
1340 1596 1381 1634 in
1412 1596 1496 1649 lege
1515 1609 1595 1634 non
1614 1595 1872 1649 appellantur.

472 1669 511 1707 Si
531 1667 591 1705 via
610 1663 897 1708 fitimmunita,
925 1663 1053 1716 jubet,
1088 1677 1165 1716 qua
1184 1663 1290 1719 velit,
1323 1676 1431 1716 agere
1457 1663 1716 1715 jumentum:
1747 1661 1874 1715 potest

470 1734 548 1773 hoc
581 1746 629 1772 ex
648 1731 773 1771 verbis
794 1729 977 1783 intelligi,
1012 1730 1141 1776 licere,
1177 1730 1204 1768 fi
1235 1730 1296 1769 via
1326 1729 1371 1768 fit
1402 1730 1443 1767 in
1470 1730 1615 1768 Brutiis
1645 1729 1870 1774 immunita,

471 1814 594 1854 agere,
616 1799 642 1838 fi
663 1798 770 1843 velit,
785 1798 1015 1850 jumentum
1035 1810 1102 1850 per
1122 1797 1186 1835 M.
1211 1796 1342 1835 Scauri
1362 1795 1648 1835 Tusculanum.
1683 1796 1799 1834 Actio
1819 1795 1873 1833 est

472 1869 514 1906 in
534 1868 727 1905 auetorem
748 1863 974 1918 praesentem
993 1862 1054 1901 his
1075 1863 1216 1909 verbis,
1247 1861 1535 1916 Qandoquidem
1562 1872 1598 1901 te
1617 1862 1653 1900 in
1671 1862 1761 1913 jure
1787 1875 1872 1900 con-

458 1934 601 1988 spicio:
631 1931 704 1970 hac
725 1931 873 1968 accione
892 1930 1045 1982 Appius
1066 1929 1133 1967 ille
1154 1930 1289 1968 Caecus
1311 1929 1369 1967 uti
1389 1943 1466 1967 non
1487 1927 1620 1981 poffet,
1642 1927 1667 1965 fi
1690 1937 1769 1966 tam
1788 1941 1875 1966 vere

474 1999 654 2038 homines
674 1996 788 2035 verba
807 1995 1125 2041 consectarentur,
1159 2004 1202 2033 ut
1223 2009 1319 2040 rem,
1352 1996 1462 2047 cujus
1489 1995 1598 2032 causa
1627 1994 1741 2032 verba
1771 1994 1873 2040 sunt,

474 2080 553 2104 non
574 2063 866 2104 considerarent.
901 2062 1152 2101 Testamento
1182 2062 1209 2101 fi
1229 2062 1408 2100 recitatus
1440 2061 1549 2100 heres
1580 2061 1671 2100 effet
1701 2061 1874 2114 pupillus

476 2131 697 2176 Cornelius,
734 2130 841 2182 isque
865 2130 951 2181 jam
981 2142 1100 2168 annos
1133 2143 1190 2168 xx
1223 2127 1382 2168 haberet
1398 2147 1410 2174 3
1442 2129 1551 2167 vobis
1582 2128 1872 2181 interpretibus,

475 2200 667 2238 amitteret
685 2196 951 2235 hereditatem.

531 2265 708 2302 Veniunt
738 2263 779 2301 in
799 2271 972 2301 mentem
993 2260 1094 2300 mihi
1114 2262 1335 2315 permulta;
1367 2261 1478 2300 vobis
1497 2261 1621 2313 plura,
1654 2269 1760 2298 certo
1779 2259 1871 2298 scio.

476 2333 640 2376 Verum,
674 2344 721 2369 ne
754 2329 926 2367 nimium
957 2328 1081 2367 multa
1111 2329 1430 2381 compleotamur,
1462 2337 1575 2379 atque
1597 2327 1644 2365 ab
1673 2340 1732 2371 eo,
1769 2325 1875 2379 quod

478 2398 718 2452 propositum
739 2395 805 2442 est,
827 2395 981 2448 longius
1008 2395 1154 2433 aberret
1174 2396 1323 2440 orati03
1355 2393 1431 2432 hoc
1459 2393 1586 2446 ipsum
1607 2393 1874 2437 interdictum,

477 2465 524 2502 de
546 2478 623 2516 quo
645 2464 783 2516 agitur,
817 2463 1114 2501 confideremus.
1147 2461 1378 2514 Intelligetis
1400 2461 1506 2498 enim
1536 2460 1576 2498 in
1597 2473 1641 2499 eo
1662 2460 1756 2513 ipso,
1788 2459 1814 2497 s1
1834 2459 1875 2496 in

477 2531 602 2569 verbis
617 2531 681 2583 jus
703 2530 996 2577 constituamus,
1021 2543 1181 2569 omnem
1202 2529 1412 2568 utilitatem
1433 2541 1501 2568 nos
1521 2526 1638 2581 hujus
1666 2526 1873 2570 interdid‘ti,
