2201 2792
534 131 1074 174 ARGUMENTA
1137 131 1681 174 ORATIONUM.
1788 136 1832 175 16·

331 219 491 257 nondum
515 218 740 255 interdictum
762 219 867 254 effet:
895 218 1053 260 tertium,
1080 218 1177 264 quod
1204 217 1304 253 simul
1325 218 1368 252 de
1387 218 1547 265 pluribus
1568 219 1695 254 rebus:
1724 232 1829 267 quar-

331 281 422 312 tum,
449 269 545 316 quod
564 280 627 315 per
645 268 729 304 vim.
782 269 822 303 Id
840 269 937 315 quod
956 268 1133 303 Lentulus
1153 267 1273 303 consul
1301 268 1333 302 in
1358 268 1433 315 lege
1451 267 1549 309 vidit,
1576 281 1684 316 quam
1704 269 1747 304 de
1766 270 1828 305 Ci-

329 318 463 354 ceronis
480 318 592 353 reditu
612 318 715 352 tulit:
745 329 812 352 non
831 318 926 352 enim
947 318 1040 358 tulit,
1065 324 1102 351 ut
1119 318 1148 351 ei
1163 319 1274 351 venire
1297 317 1432 352 Romam
1458 316 1579 359 liceret,
1606 317 1662 352 sed
1682 325 1718 352 ut
1735 321 1827 353 veni-

329 375 391 403 ret.
432 368 568 416 Quarta
586 379 663 414 pars
682 367 799 402 Clodii
819 367 1058 407 maledierum,
1085 366 1253 408 exsulem,
1279 367 1347 401 &c
1376 367 1584 402 Ciceronem
1605 367 1826 413 appellantis,

329 417 456 453 refellit
469 417 606 452 duabus
619 415 739 458 causis,
757 417 813 451 vel
827 417 924 463 quod
941 428 983 451 ex
1002 425 1159 463 peccato,
1178 416 1234 450 vel
1248 415 1344 462 quod
1362 427 1405 450 ex
1424 416 1646 450 damnatione
1666 416 1827 452 subeatur

328 467 443 502 exulis
468 478 608 501 nomen.
651 465 808 500 Peccaffe
834 477 904 507 me,
932 465 1058 513 inquit,
1087 474 1215 511 negant
1233 476 1378 499 omnes:
1409 465 1542 511 optime
1562 465 1605 500 de
1623 466 1733 512 patria
1751 477 1825 501 me

328 516 449 558 ritum,
476 515 624 557 senatu8‚
651 514 816 562 equestris
842 514 986 555 ordinis,
1013 514 1214 555 scribarum,
1233 514 1355 569 plebis
1385 514 1542 556 urbanae,
1570 515 1605 548 id
1632 514 1691 556 est,
1719 526 1826 570 paga-

329 576 470 607 norum,
487 574 522 599 et
538 573 797 605 montanorum,
814 564 967 612 denique
983 564 1088 599 etiam
1110 563 1397 609 municipiorum,
1416 563 1646 605 coloniarum,
1665 573 1701 599 et
1719 565 1826 600 totius

328 614 439 650 Italiae
464 614 508 649 de
531 625 610 649 meo
633 613 746 648 reditu
770 614 909 650 decreta
930 613 1117 649 declarant,
1170 613 1209 648 In
1234 612 1377 648 ferenda
1403 625 1484 648 vero
1510 613 1598 668 lege,
1627 624 1710 658 quae
1737 614 1827 650 cele-

329 664 435 699 britas
462 675 622 711 unquam
649 661 757 710 major
783 663 906 710 populi
933 663 1101 705 Romani,
1135 672 1287 709 quantus
1313 663 1427 697 omnis
1454 664 1592 710 generis
1624 662 1827 706 hominum,

329 721 487 754 aetatum,
513 712 749 760 ordinumque
767 712 952 760 splendor?
1007 712 1118 760 Quod
1137 712 1178 746 ad
1197 711 1457 747 damnationem
1478 713 1614 754 attinet,
1641 712 1736 747 exiul
1753 724 1827 748 non

328 762 416 798 sum.
468 762 696 797 Indemnatus
714 763 807 797 enim
827 761 966 804 disceffi,
993 772 1099 796 nemo
1125 772 1182 795 me
1209 760 1278 796 ulla
1302 773 1458 808 unquam
1483 761 1560 817 lege
1584 761 1828 809 interrogavit,

329 823 436 847 nemo
451 810 649 867 postulavit,
677 822 781 846 nemo
800 811 895 846 diem
913 810 1013 847 dixit.
1065 810 1286 845 Libertatem
1314 822 1410 852 vero,
1438 820 1498 845 aut
1521 811 1703 846 civitatem
1723 811 1827 846 amit-

328 870 401 897 tere
428 860 514 896 civis
543 861 724 895 Romanus
749 872 855 896 nemo
884 860 1005 907 potest,
1042 859 1102 894 nisi
1130 860 1249 894 auelor
1280 859 1347 906 ipse
1378 858 1490 894 faetus
1518 859 1568 894 sit.
1623 860 1826 896 Infirmatur

328 909 446 946 Clodii
470 909 693 945 maledictum
720 921 761 944 ea
783 922 928 958 quoque
953 909 1104 964 ratione,
1124 909 1249 956 quod
1241 921 1275 943 in
1295 908 1363 964 ipsa
1382 908 1561 956 rogatione
1581 908 1665 945 nihil
1685 910 1827 952 tulerat,

328 971 401 1006 quo
414 960 528 994 minus
543 959 667 994 Cicero
680 959 761 994 effer
780 971 850 995 non
869 959 997 994 modo'
990 971 1024 993 in
1039 958 1186 1000 civium,
1200 959 1255 993 sed
1269 960 1374 993 etiam
1393 970 1425 992 ιη
1445 958 1640 994 senatorum
1656 971 1827 1001 numero,

328 1017 364 1044 et
377 1008 493 1055 quod'
486 1020 520 1042 in
535 1008 613 1054 lege
629 1007 687 1042 illa
702 1006 905 1054 suffragium
919 1008 1070 1042 tulerant
1084 1019 1153 1042 non
1170 1008 1320 1054 populus
1340 1008 1536 1050 Romanus,
1555 1007 1610 1044 sed
1629 1008 1826 1044 multitudo

328 1057 514 1092 hominum
531 1068 550 1091 e
569 1057 670 1091 lervis
688 1057 881 1099 conductis,
899 1066 935 1092 et
948 1056 1158 1098 facinorofis,
1177 1067 1211 1090 et
1229 1056 1416 1103 egentibus
1433 1066 1657 1104 congregata.
1687 1058 1824 1104 Qinta

328 1107 485 1154 primum
503 1105 616 1140 eidem
635 1105 761 1140 Clodio
779 1105 973 1160 respondet,
1000 1105 1169 1140 accusanti
1188 1105 1408 1161 Ciceronem,
1431 1107 1524 1152 quod
1544 1106 1588 1141 de
1605 1105 1637 1141 se
1657 1106 1725 1153 ipse
1743 1107 1824 1153 glo-

328 1155 447 1189 riofius
465 1154 692 1201 praedicaret:
722 1154 875 1189 deinde
868 1167 921 1196 iis,
947 1155 1009 1201 qui
1028 1153 1220 1201 objicerent
1238 1156 1269 1189 ei
1291 1155 1465 1189 discessum
1492 1168 1510 1189 e
1537 1155 1658 1201 patria.
1703 1156 1824 1199 Sexta,

327 1203 372 1239 de
395 1203 504 1237 domo
527 1203 760 1249 recuperanda
786 1213 958 1250 quantum
985 1203 1129 1244 laboret,
1158 1215 1334 1249 quamque
1358 1204 1517 1250 improbe
1537 1204 1683 1239 Clodius
1702 1202 1825 1241 fecerit

326 1254 362 1288 in
385 1264 425 1287 ea
448 1251 653 1293 dedicanda,
679 1262 714 1286 et
737 1254 822 1299 quid
846 1252 1013 1299 speclarit‚
1041 1251 1201 1288 ostendit
1254 1252 1440 1288 Dedicatio
1467 1253 1697 1300 improbatur,
1725 1254 1825 1301 quod

325 1313 397 1338 non
421 1300 558 1337 affuerit
581 1301 770 1348 collegium
795 1302 1020 1344 Pontificum,
1047 1301 1102 1337 sed
1128 1313 1219 1337 unus
1242 1311 1380 1337 tantum
1404 1303 1574 1348 pontifex,
1602 1302 1695 1349 isque
1718 1303 1826 1339 frater

327 1351 444 1386 uxoris
463 1350 592 1392 Clodii,
615 1351 833 1387 adolescens
827 1351 1021 1397 imperitus,
1044 1362 1157 1386 novus
1174 1350 1340 1394 sacerdos,
1364 1351 1484 1386 sororis
1504 1351 1678 1398 precibus,
1703 1353 1825 1388 matris

326 1400 430 1435 minis
455 1400 639 1443 adductus,
667 1410 784 1435 mente
809 1411 845 1436 et
872 1401 993 1448 lingua
1020 1401 1204 1436 titubante.
1256 1400 1296 1435 In
1324 1410 1480 1436 extrema
1503 1412 1601 1447 parte
1630 1413 1752 1448 preces
1778 1402 1826 1437 ad.

324 1449 467 1495 Jovem,
487 1449 677 1494 Junoneni,
701 1450 914 1492 Minervam,
922 1430 985 1485 ond
1002 1451 1132 1497 patrios
1149 1450 1309 1491 Penates,
1337 1459 1372 1484 et
1390 1449 1590 1493 familiares,
1617 1451 1659 1486 ad
1678 1451 1823 1487 Vestam

324 1499 572 1534 continentur:
601 1508 653 1540 ut,
679 1499 702 1534 fi
722 1499 889 1534 nefariam
909 1500 1088 1534 flammam
1107 1499 1151 1534 ab
1170 1510 1293 1534 eorum
1319 1499 1460 1546 templis
1480 1511 1518 1534 ac
1537 1500 1690 1536 delubris
1709 1500 1824 1548 depu-

324 1547 479 1590 lerit3s1
502 1547 602 1582 suum
627 1558 733 1595 caput
756 1560 820 1596 pro
844 1560 967 1584 eorum
991 1548 1200 1584 caerimoniis
1223 1557 1329 1595 atque
1352 1549 1493 1603 templis
1511 1549 1823 1596 perditissimorum

323 1596 455 1632 civium
473 1595 582 1632 furori
602 1596 766 1644 ferroque
789 1596 979 1644 objecerit,
1006 1598 1030 1633 fi
1047 1598 1131 1633 nihil
1149 1609 1307 1645 unquam
1326 1597 1452 1645 magiS,
1478 1610 1585 1646 quarn
1611 1599 1656 1634 de
1678 1599 1822 1646 reipub·

325 1646 403 1681 licae
421 1645 526 1681 salute
542 1646 683 1681 laborav
685 1647 770 1687 erit·,
797 1647 890 1682 hunc
909 1646 1064 1683 fructum
1077 1646 1179 1689 ferat,
1197 1656 1236 1682 ut
1250 1646 1311 1682 fibi
1327 1646 1461 1682 redire
1452 1659 1486 1682 m
1503 1647 1576 1683 suas
1595 1648 1687 1684 sedes
1705 1649 1822 1685 liceat.

325 1695 524 1741 Iisdemque
543 1696 717 1741 precibuS,
745 1696 928 1731 conversus
954 1696 996 1731 ad
1023 1696 1218 1743 pontificeS,
1247 1696 1370 1738 utitur,
1398 1706 1438 1732 ut
1456 1697 1500 1731 ab
1519 1696 1622 1744 ipsis
1606 1709 1683 1743 jam
1702 1698 1737 1732 in
1755 1710 1823 1745 pa·-

324 1744 426 1779 triam
453 1745 642 1787 restitutus,
670 1757 775 1788 nunc,
803 1746 942 1780 auctore
961 1745 1092 1788 senatu,
1119 1745 1283 1781 manibus
1306 1756 1429 1781 eorum
1453 1747 1487 1782 in
1507 1745 1573 1782 suis
1592 1746 1729 1783 sedibus
1747 1746 1823 1789 col-

322 1793 468 1830 locetur.

438 1893 600 1945 Argum.
789 1893 854 1932 De
882 1892 1129 1946 Harzspt'cum
1158 1892 1354 1946 Reſjfiorgsis.
1654 1906 1693 1947 p.
1721 1894 1818 1945 406.

374 1977 590 2013 Emunxi-0
614 1979 647 2013 in
672 1989 756 2025 agro
779 1979 980 2027 propinquo
1003 1990 1038 2016 et
1059 1979 1271 2022 suburbano,
1298 1979 1360 2027 qui
1383 1978 1592 2016 Latinienfis
1612 1980 1818 2024 vocabatur,

323 2026 466 2074 strepitu
494 2028 648 2074 quodam
678 2029 868 2071 recondito,
899 2040 934 2064 et
965 2029 1119 2064 horribili
1145 2041 1321 2064 armorum
1350 2028 1505 2070 fremitu,
1535 2029 1717 2077 perterrita
1742 2038 1817 2066 tam

325 2087 418 2111 novo
437 2085 604 2122 tantoque
622 2086 720 2111 motu
739 2077 891 2121 civitate,
910 2081 1057 2121 senatus,
1076 2088 1116 2113 ut
1133 2077 1289 2113 solebat
1282 2090 1315 2114 1n
1335 2078 1503 2114 similibus
1521 2078 1690 2126 prodigiis
1709 2088 1817 2126 atque

323 2125 478 2168 ostentis,
514 2125 719 2172 haruspices,
747 2126 892 2163 Etrusca
921 2137 1036 2163 vetere
1066 2127 1244 2174 disciplina
1275 2127 1469 2169 instructos,
1501 2138 1536 2162 et
1566 2127 1815 2174 interpretandi

322 2174 466 2221 peritos,
505 2173 732 2209 consulendos
766 2176 908 2211 censuit.
967 2176 1180 2224 Haruspices
1213 2176 1289 2212 haec
1323 2176 1587 2223 responderunt,
1621 2177 1818 2224 scriptaque

324 2223 671 2308 senlatsttiibdederunt:
704 2224 954 2260 Postulationes
978 2226 1112 2261 debitas
1133 2226 1199 2261 effe
1227 2225 1326 2270 Jovi,
1354 2227 1514 2269 Saturno,
1540 2227 1725 2274 Neptuno,
1750 2225 1818 2262 diis

323 2283 409 2309 caee
440 2285 449 2307 1
479 2284 518 2308 us

520 2336 628 2373 Ludos
645 2338 747 2372 minus
764 2336 929 2384 diligenter
945 2338 1063 2386 fafios,
1088 2338 1301 2386 pollutosque.-

521 2387 606 2422 Loca
623 2385 721 2433 sacra
740 2394 770 2421 et
788 2387 944 2434 religiosa,
965 2388 1109 2434 profana
1125 2388 1261 2423 haberi:

522 2435 679 2471 Oratores
696 2443 806 2472 contra
820 2438 878 2484 jus
895 2437 1010 2485 fasque
1027 2437 1229 2483 interfems:

1072 2502 1150 2537 Ba
