2201 2792
465 240 538 293 136
890 239 978 277 IN
1052 238 1433 277 VERREM

506 340 558 377 V.
582 338 704 378 Nulla
724 350 779 376 res
801 350 866 390 per
887 336 1114 381 triennium,
1136 336 1204 374 nisi
1225 336 1271 374 ad
1291 346 1432 375 nutum
1454 336 1574 382 istius,
1589 336 1762 389 judicata
1781 336 1859 375 est:

456 405 563 443 nulla
583 419 639 443 res
661 415 740 443 tam
761 404 881 456 patria
899 403 1141 456 cujusquam,
1171 411 1286 455 atque
1304 404 1401 441 avita
1421 402 1511 448 fuit,
1533 417 1618 456 quae
1636 416 1714 441 non
1733 403 1780 441 ab
1801 415 1862 447 eo,

457 472 621 525 imperio
641 471 762 515 istius,
792 470 1086 522 abjudicaretur.
1129 469 1436 508 Innumerabiles
1467 470 1640 523 pecuniae
1670 483 1717 508 ex
1737 477 1862 507 arato-

458 553 546 576 rum
573 539 700 583 bonis,
732 550 846 583 n0v0,
877 535 1100 588 nefarioque
1130 535 1306 574 instituto
1337 538 1501 575 coactae:
1534 536 1626 574 socii
1656 534 1864 574 fideliffimi

457 605 497 642 in
518 603 687 643 hostium
703 617 865 642 numero
885 602 1114 641 existimati:
1138 602 1238 641 cives
1256 603 1427 640 Romani
1444 602 1618 640 servilem
1639 602 1680 639 in
1696 601 1864 640 modum

457 669 630 714 cruciati,
653 680 690 707 et
709 669 834 707 necati
852 682 861 706 :
893 667 1071 706 homines
1093 667 1349 705 nocentiffimi
1374 676 1532 721 propter
1551 667 1731 720 pecunias
1751 666 1864 719 judi-

457 736 520 774 cio
549 735 728 774 liberati:
759 733 1011 772 honestissimi
1039 743 1153 786 atque
1187 734 1439 786 integerrimi,
1474 733 1644 772 absentes
1674 733 1728 771 rei
1755 732 1864 778 fasti,

456 801 600 840 indieta
619 801 727 839 causa
746 801 917 839 damnati
936 809 974 838 et
993 801 1101 853 ejecti
1120 815 1130 838 ε
1159 809 1292 853 portus
1313 800 1574 845 munitissimi,
1596 799 1778 838 maximae
1797 807 1865 837 tu-

456 868 684 920 tiffimaeque
703 868 830 912 urbes,
851 867 999 920 piratis,
1021 867 1340 920 praedonibusque
1359 866 1578 919 patefacftae:
1610 875 1735 904 nautae
1755 864 1864 903 mili-

455 935 588 987 tesque
608 934 844 979 Siculorum,
877 933 969 972 socii
994 934 1111 972 nostri
1139 943 1255 986 atque
1275 934 1406 979 amici,
1430 933 1533 971 fame
1552 933 1704 970 necati:
1735 930 1864 970 classes

456 1001 617 1053 optimae
650 1010 764 1052 atque
797 1000 1153 1052 opportuniffimae,
1184 1013 1276 1036 cum
1311 1012 1451 1050 magna
1481 997 1698 1050 ignominia
1726 995 1865 1050 populi

455 1066 629 1104 Romani
648 1065 784 1103 amifl'ae
811 1074 849 1102 et
878 1064 1049 1117 perditae.
1082 1064 1193 1102 Idem
1225 1064 1292 1101 iste
1313 1064 1457 1102 Praetor
1477 1072 1732 1103 monumenta
1761 1063 1865 1101 anti-

454 1132 635 1184 quiffima
663 1131 806 1184 partim
835 1144 973 1183 regum
999 1130 1404 1183 locupletiflimorum,
1436 1144 1521 1182 quae
1546 1130 1606 1168 illi
1637 1137 1867 1168 ornamento

454 1197 617 1237 urbibus
648 1196 720 1234 effe
750 1195 969 1239 voluerunt,
999 1196 1140 1247 partim
1175 1195 1293 1233 etiam
1325 1195 1542 1233 nostrorum
1570 1196 1864 1248 imperatorum,

455 1276 542 1315 quae
562 1262 722 1300 victores
753 1260 974 1298 civitatibus
1006 1260 1160 1305 Siculis,
1191 1269 1256 1298 aut
1276 1260 1474 1306 dederunt,
1505 1270 1571 1299 aut
1601 1260 1864 1306 reddiderunt,

456 1327 646 1381 spoliavit,
678 1326 913 1378 nudavitque
946 1326 1090 1365 omnia.
1137 1327 1281 1379 Neque
1310 1326 1386 1365 hoc
1414 1327 1538 1366 solum
1568 1327 1609 1365 in
1639 1327 1769 1365 statuis
1799 1339 1865 1365 or·-

457 1393 723 1446 namentisque
747 1393 916 1446 publicis
947 1392 1055 1438 fecit,
1086 1393 1150 1431 sed
1181 1394 1298 1432 etiam
1329 1394 1489 1432 delubra
1507 1395 1653 1437 omnia,
1682 1393 1865 1432 sanctiffi·

454 1463 531 1500 mis
565 1460 817 1514 religionibus
851 1460 1079 1504 consecrata,
1121 1459 1368 1512 depeculatus
1403 1459 1482 1505 est3
1528 1460 1663 1498 Deum
1698 1460 1868 1513 denique

456 1528 611 1566 nullum
635 1526 787 1571 Siculis,
819 1526 888 1578 qui
922 1526 956 1563 ei
984 1525 1100 1578 paulo
1133 1525 1256 1577 magis
1284 1524 1439 1570 affabre,
1470 1534 1586 1578 atque
1612 1526 1773 1578 antiquo
1803 1539 1865 1564 ar-

456 1593 579 1631 tificio
600 1592 720 1631 faetus
743 1593 949 1636 videretur,
981 1592 1152 1643 reliquit.
1200 1592 1246 1629 In
1267 1591 1404 1644 stupris
1425 1605 1514 1629 vero
1534 1600 1572 1629 et
1592 1591 1763 1644 flagitiis,
1794 1605 1866 1629 ne-

456 1659 567 1698 farias
594 1660 674 1711 ejus
695 1659 875 1696 libidines
897 1671 1203 1695 commemorare
1223 1658 1369 1710 pudore
1390 1657 1605 1696 deterreor:
1638 1657 1752 1696 fimul
1773 1657 1866 1696 illo-

455 1740 544 1765 rum
580 1726 838 1763 calamitatem
872 1713 1216 1762 commemorando
1242 1737 1379 1777 augere
1412 1724 1518 1769 nolo,
1548 1724 1692 1777 quibus
1723 1724 1866 1764 liberos

456 1792 714 1845 conjugesque
736 1792 816 1829 suas
848 1792 1013 1844 integras
1034 1791 1081 1829 ab
1102 1791 1209 1830 istius
1230 1791 1445 1844 petulantia
1475 1791 1694 1830 conservare
1713 1805 1792 1830 non
1812 1791 1864 1829 li-

457 1859 581 1897 citum
602 1858 666 1895 est.

512 1926 568 1961 At
587 1923 692 1961 enim
725 1921 807 1959 haec
839 1922 891 1959 ita
911 1921 1111 1960 commiffa
1130 1921 1218 1959 sunt
1248 1921 1295 1959 ab
1316 1921 1400 1966 isto,
1431 1929 1475 1959 ut
1502 1934 1580 1959 non
1610 1921 1766 1974 cognita
1792 1922 1865 1961 fint

457 1990 504 2027 ab
525 1988 722 2026 omnibus.
755 1988 974 2025 Hominem
995 1987 1065 2025 effe
1086 1987 1248 2025 arbitror
1268 1987 1481 2032 neminem,
1502 1988 1571 2039 qui
1592 2001 1736 2026 nomen
1757 1988 1865 2026 istius

457 2055 633 2098 audierit,
656 2054 749 2105 quin
772 2051 869 2091 facta
889 2067 1046 2105 quoque
1066 2054 1146 2105 ejus
1169 2052 1310 2091 nefaria
1331 2067 1635 2092 commemorare
1651 2053 1788 2107 poffit;
1820 2063 1865 2093 ut

457 2120 558 2160 mihi
580 2121 701 2172 magis
724 2120 942 2158 timendum
964 2120 1022 2165 sit,
1039 2134 1085 2158 ne
1105 2120 1228 2158 multa
1243 2120 1407 2158 crimina
1422 2122 1726 2174 praetermittere,
1745 2134 1864 2173 quam

457 2200 506 2226 ne
526 2199 602 2240 qua
621 2187 661 2223 in
679 2185 793 2224 istum
810 2185 967 2238 fingere,
988 2186 1194 2224 existimer.
1219 2186 1360 2238 Neque
1376 2187 1480 2224 enim
1494 2186 1596 2225 mihi
1611 2186 1762 2224 videtur
1780 2185 1864 2224 haec

457 2253 685 2297 multitudo,
709 2266 794 2304 quae
814 2252 859 2290 ad
880 2252 1114 2290 audiendum
1138 2254 1333 2298 convenit,
1366 2252 1594 2305 cognoscere
1619 2264 1666 2290 ex
1686 2264 1750 2290 me
1769 2265 1863 2291 cau-

459 2320 537 2358 sam
558 2317 730 2363 voluiffe,
752 2317 813 2356 sed
833 2331 888 2363 ea,
911 2332 996 2370 quae
1016 2318 1099 2362 scit,
1123 2332 1279 2356 mecum
1300 2317 1582 2371 recognoscere.

514 2387 585 2423 VI.
618 2386 716 2436 Qae
736 2398 828 2422 cum
849 2385 901 2422 ita
921 2385 1006 2429 sint,
1038 2384 1105 2422 iste
1136 2383 1256 2422 homo
1276 2397 1405 2422 amens
1427 2397 1468 2421 ac
1495 2383 1663 2436 perditus
1685 2383 1757 2420 alia
1778 2397 1863 2421 me-

460 2465 552 2490 cum
574 2452 718 2489 ratione
738 2460 897 2504 pugnat.
940 2452 1034 2490 Non
1055 2451 1095 2488 id
1115 2451 1207 2503 agit,
1236 2459 1279 2488 ut
1298 2451 1460 2502 aliCujus
1480 2450 1740 2503 eloquentiam
1762 2449 1863 2488 mihi

459 2526 654 2570 opponat3
688 2530 763 2555 non
791 2518 924 2570 gratia,
960 2531 1038 2555 non
1059 2517 1281 2554 auctoritate
1301 2516 1544 2569 cujusquam,
1581 2530 1658 2555 non
1690 2516 1864 2570 potentia

460 2583 624 2623 nititur:
657 2582 809 2622 fimulat
839 2582 899 2622 his
930 2583 966 2622 se
997 2583 1108 2623 rebus
1130 2582 1352 2629 confidere;
1384 2582 1445 2622 sed
1464 2583 1590 2630 video,
1622 2583 1717 2637 quid
1746 2591 1858 2636 agat:
