2201 2792
565 158 911 199 ACTIONIS
953 159 1006 197 II.
1066 159 1275 198 LIBER
1316 161 1387 200 IV.
1580 177 1652 216 391

321 258 454 298 Nemo
473 258 692 312 Agrigenti,
724 271 849 311 neque
868 267 976 296 aetate
996 267 1074 296 tam
1091 257 1236 303 affecta,
1268 272 1392 310 neque
1412 258 1557 296 viribus
1578 270 1659 299 tam

263 324 428 363 infirmis
450 324 538 370 fuit,
561 327 630 377 qui
649 338 728 363 non
744 325 811 362 illa
831 326 954 370 noae,
985 338 1030 362 eo
1050 325 1201 369 nuntio,
1235 326 1421 363 excitatus
1443 325 1657 371 surrexerit,

262 390 478 442 telumque,
509 391 616 443 quod
635 391 775 443 cuique
794 389 874 428 fors
904 389 1100 435 offerebat,
1136 390 1350 443 arripuerit.
1384 391 1520 442 Itaque
1551 391 1659 428 brevi

262 464 438 509 tempore
471 456 517 494 ad
548 455 684 494 fanum
711 470 757 494 ex
792 457 887 494 urbe
920 465 1002 494 tota
1035 457 1288 494 concurritur.
1350 457 1459 494 Hora
1492 457 1658 509 amplius

255 522 339 573 jam
370 522 411 560 in
444 522 694 560 demoliendo
720 522 826 575 figno
851 522 1039 575 permulti
1067 521 1246 560 homines
1282 522 1542 560 moliebantur
1566 537 1574 559 ε
1606 523 1659 560 il-

230 635 239 640 *
261 588 329 626 lud
350 588 492 627 interea
510 589 616 626 nulla
636 588 787 626 lababat
813 601 860 626 ex
893 598 1025 641 parte;
1058 601 1150 626 cum
1180 588 1246 626 alii
1277 589 1449 626 vectibus
1481 589 1660 640 subjeffis

261 664 492 693 conarentur
512 668 772 698 commovere,
803 654 868 692 alii
890 654 1103 707 deligatum
1123 655 1306 692 omnibus
1327 655 1513 692 membris
1532 669 1659 708 rapere

261 721 307 758 ad
341 721 377 758 se
412 719 586 759 funibus.
632 721 808 773 Repente
843 721 1092 773 Agrigentini
1124 731 1361 759 concurrunt
1385 736 1393 759 :
1438 720 1483 759 fit
1521 735 1660 774 magna

261 786 444 840 lapidatio
462 802 470 825 :
503 787 594 825 dant
615 786 687 825 sese
707 787 746 824 in
767 785 902 839 fugam
923 786 1028 825 istius
1050 787 1220 840 praeclari
1240 788 1479 840 imperatoris
1501 789 1659 826 noetur-

259 854 302 892 ni
322 853 481 892 milites.
541 855 635 892 Duo
667 863 797 892 tamen
829 853 950 906 sigilla
974 854 1198 906 perparvula
1233 854 1391 898 tollunt,
1421 868 1467 891 ne
1498 855 1659 892 omnino

261 920 390 958 inanes
412 920 459 958 ad
480 920 594 959 istum
617 920 837 973 praedonem
858 920 1090 972 religionum
1118 930 1407 958 reverterentur.
1440 921 1657 972 Nunquam

262 996 343 1024 tam
364 986 463 1024 male
482 986 534 1024 est
554 986 707 1030 Siculis,
739 987 836 1038 quin
867 986 1016 1037 aliquid
1047 985 1185 1031 facete,
1214 997 1251 1024 et
1271 987 1477 1024 commode
1499 987 1627 1024 dicant
1647 1002 1655 1024 ε

261 1053 368 1091 velut
393 1053 435 1090 in
455 1052 526 1090 hac
548 1066 599 1091 re.
632 1053 801 1090 Aiebant
821 1053 861 1090 in
893 1052 1040 1090 labores
1062 1053 1246 1091 Herculis
1282 1066 1360 1090 non
1392 1054 1522 1090 minus
1551 1052 1657 1090 hune

260 1119 584 1157 immaniffimum
607 1119 782 1164 Verrem,
816 1131 935 1170 quam
956 1119 1069 1157 illum
1091 1133 1228 1172 aprum
1256 1119 1573 1170 Erymanthium,
1597 1133 1656 1156 re-

262 1184 352 1224 ferri
373 1195 561 1239 oportere.

313 1252 464 1290 XLIV.
488 1253 604 1290 Hanc
625 1253 810 1290 virtutem
837 1252 1185 1304 Agrigentinorum
1218 1253 1360 1290 imitati
1383 1253 1468 1290 sunt
1489 1253 1656 1290 All'orini

260 1318 400 1372 postea,
423 1319 494 1356 viri
513 1317 646 1363 fortes,
674 1327 712 1356 et
733 1318 876 1362 fideles,
907 1318 969 1356 sed
988 1332 1232 1371 nequaquam
1251 1332 1297 1356 ex
1320 1328 1399 1357 tam
1420 1320 1562 1371 ampla,
1587 1333 1656 1356 ne-

260 1399 338 1438 que
369 1394 447 1424 tam
477 1399 525 1424 ex
556 1385 680 1424 nobili
711 1386 880 1423 civitate.
914 1384 1078 1436 Chrysas
1099 1386 1151 1423 est
1171 1387 1310 1430 amnis,
1333 1387 1400 1438 qui
1422 1400 1486 1438 per
1509 1386 1654 1424 Ass'ori-

258 1465 400 1490 norum
419 1465 527 1505 agros
548 1451 658 1490 fluit:
681 1452 712 1489 is
729 1452 830 1504 apud
851 1452 937 1490 illos
955 1450 1117 1490 habetur
1135 1453 1256 1496 Deus,
1279 1463 1315 1490 et
1331 1452 1513 1504 religione
1530 1454 1655 1490 inaxi-

259 1531 324 1556 ma
343 1518 498 1556 colitur.
523 1519 675 1556 Fanum
696 1518 777 1569 ejus
799 1517 850 1554 est
866 1517 907 1555 in
927 1531 1017 1569 agro
1039 1527 1192 1570 propter
1212 1518 1330 1570 ipsam
1353 1519 1469 1562 viam,
1492 1532 1566 1570 qua
1582 1518 1656 1556 As-

259 1583 344 1622 soro
359 1584 438 1622 itur
457 1584 637 1622 Ennam:
662 1583 702 1620 in
721 1596 766 1621 eo
787 1581 941 1634 Chrysae
961 1582 1012 1620 est
1032 1583 1293 1627 simulacrum,
1315 1584 1490 1636 praeelare
1511 1583 1656 1621 thecum

259 1661 280 1686 e
301 1661 504 1687 marmore.
529 1648 573 1686 Id
591 1648 658 1686 iste
678 1648 830 1701 poscere
842 1647 1038 1686 Assorinos
1055 1658 1211 1701 propter
1232 1649 1458 1700 fingularem
1480 1650 1559 1700 ejus
1577 1648 1657 1685 fani

259 1714 487 1767 religionem
508 1727 586 1752 non
606 1713 714 1752 ausus
735 1713 809 1752 est:
830 1713 1065 1766 Tlepolemo
1080 1713 1157 1758 dat,
1177 1714 1419 1766 Hieronique
1436 1714 1654 1766 negotium.

259 1780 324 1818 Illi
346 1782 475 1825 ῃοὲὶυ,
493 1779 591 1818 fasta
606 1793 740 1826 manu,
759 1781 973 1832 armatique
992 1780 1151 1818 veniunt
1170 1795 1178 1818 :
1198 1779 1298 1818 fores
1316 1781 1405 1818 adis
1421 1779 1653 1832 effringunt:

258 1846 405 1891 aeditui,
427 1845 682 1899 custodesque
694 1855 842 1884 mature
862 1845 1054 1884 sentiunt:
1086 1846 1253 1898 signum,
1288 1846 1392 1898 quod
1418 1855 1496 1883 erat
1517 1856 1655 1884 notum

257 1912 463 1957 vicinitati,
485 1912 651 1950 buccina
671 1912 782 1950 datur
801 1927 810 1950 ε
832 1911 1012 1950 homines
1033 1925 1081 1949 ex
1101 1912 1199 1964 agris
1220 1921 1455 1949 concurrunt
1474 1927 1482 1949 z
1505 1912 1658 1963 ejicitur

258 1976 490 2030 fugaturque
510 1977 766 2030 Tlepolemus
785 1992 793 2016 :
818 1990 940 2030 neque
959 1977 1174 2030 quidquam
1195 1990 1240 2014 ex
1261 1976 1350 2015 fano
1372 1976 1539 2028 Chrysae,
1558 1991 1656 2029 prce-

258 2053 315 2082 ter
334 2057 458 2082 unum
478 2044 750 2096 perparvulum
771 2045 923 2096 signum
943 2057 989 2082 ex
1010 2057 1092 2088 aere,
1113 2044 1364 2082 desideratum
1385 2044 1450 2082 est.

286 2110 426 2148 Matris
448 2123 596 2162 magnae
617 2109 752 2148 fanum
774 2110 877 2163 apud
893 2110 1096 2162 Enguinos
1117 2110 1169 2147 est
1189 2125 1196 2148 :
1224 2111 1307 2162 jam
1329 2111 1434 2148 enim
1456 2110 1556 2148 mihi
1578 2123 1655 2148 non

258 2176 377 2214 modo
398 2176 562 2214 breviter
582 2176 628 2214 de
649 2189 885 2228 unoquoque
916 2176 1143 2221 dicendum,
1177 2176 1239 2213 sed
1260 2177 1376 2214 etiam
1397 2176 1655 2229 praetereunda

258 2241 435 2279 videntur
455 2241 525 2279 effe
557 2242 760 2294 permulta,
784 2250 826 2279 ut
846 2241 891 2279 ad
912 2243 1056 2293 majora
1084 2241 1205 2286 istius,
1237 2252 1273 2280 ct
1294 2242 1496 2280 illustriora
1518 2243 1556 2278 in
1579 2240 1654 2278 hoc

258 2320 394 2359 genere
414 2307 530 2353 furta,
561 2317 598 2346 et
619 2308 753 2346 scelera
772 2308 984 2347 veniamus.
1018 2309 1063 2349 In
1082 2306 1158 2345 hoc
1179 2307 1268 2347 fano
1286 2309 1433 2353 loricas,
1455 2306 1653 2359 galeasque

260 2385 391 2418 aenea8‚
431 2372 577 2411 caelatas
598 2385 722 2427 >opere
750 2371 971 2417 Corinthio,
1007 2372 1234 2424 hydriasque
1261 2372 1432 2424 grandes,
1466 2372 1580 2409 simili
1613 2372 1652 2408 in

260 2451 408 2491 genere,
439 2448 552 2491 atque
586 2439 718 2477 eadem
754 2449 831 2478 arte
870 2437 1068 2492 perfecitas,
1102 2438 1204 2475 idem
1241 2438 1304 2475 ille
1342 2439 1382 2475 P.
1424 2437 1564 2489 Scipio,
1597 2436 1654 2473 vir
