2201 2792
543 198 891 239 ACTIONIS
933 197 988 238 II.
1047 198 1260 238 LIBER
1291 200 1344 238 11.
1572 203 1645 243 261

243 299 486 347 accusatorie,
515 314 634 354 quam
663 301 800 346 libere,
829 298 963 339 dixifl‘e
981 298 1206 352 arbitretur)
1239 298 1265 338 fi
1295 299 1380 337 istas
1402 298 1527 338 literas
1557 314 1650 348 non,

243 370 396 408 decreto
415 368 735 414 decumanorum,
764 367 937 420 magistri
957 366 1230 412 removiffent;
1263 374 1416 404 tantum
1436 366 1580 419 poffem
1612 369 1652 406 in

240 444 279 475 te
308 436 447 481 dicere,
477 445 669 489 quantum
703 436 746 474 in
777 435 900 473 literis
929 433 1170 473 inveniffem.
1221 434 1358 478 Nune,
1394 433 1548 472 decreto
1583 435 1653 473 isto

240 501 357 548 faeto,
375 502 571 555 literisque
589 502 762 548 remotis,
786 511 937 540 tantum
958 500 1061 541 mihi
1080 501 1173 539 licet
1193 500 1334 546 dicere,
1351 509 1543 553 quantum
1565 501 1652 553 pos-

241 567 326 606 sum
341 587 354 613 ς
386 577 540 607 tantum
567 569 696 621 judici
724 568 917 622 suspicari,
938 575 1131 620 quantum
1150 567 1258 604 velit.
1305 566 1424 611 Dico,
1457 576 1494 604 te
1524 567 1653 605 maxi-

242 647 358 674 mum
376 636 528 689 pondus
548 636 645 681 auri,
676 636 838 688 argenti,
869 635 1009 680 eboris,
1041 648 1235 687 purpurae,
1266 633 1479 686 plurimam
1510 634 1654 672 vestem

242 702 510 747 Melitensem,
541 702 753 755 plurimam
783 702 1004 755 stragulam,
1039 701 1206 739 multam
1231 701 1434 738 Deliacam
1464 701 1654 753 supellec-

241 768 382 814 tilem,
417 769 586 822 plurima
616 769 699 808 vasa
729 768 949 814 Corinthia,
981 782 1170 821 magnum
1207 781 1415 805 numerum
1449 767 1653 812 frumenti,

241 835 325 874 vim
345 835 473 874 mellis
494 836 723 881 maximam,
746 836 933 888 Syracusis
953 833 1161 889 exportaffe
1177 853 1189 880 3
1221 833 1282 872 his
1310 848 1378 887 pro
1400 834 1527 878 rebus,
1550 834 1656 886 quod

241 903 461 954 portorium
492 916 571 940 non
591 901 679 940 effet
698 904 847 948 datum,
870 903 997 940 literas
1031 902 1078 940 ad
1098 902 1217 940 socios
1240 899 1376 938 mififfe
1396 902 1444 939 L.
1469 900 1654 938 Canulei-

244 982 328 1014 um,
351 969 419 1021 qui
438 969 479 1006 in
500 978 614 1021 portu
634 983 765 1022 operas
786 970 904 1008 daret.

300 1035 444 1074 Satisne
476 1048 664 1087 magnum
691 1034 767 1073 hoc
787 1035 935 1073 crimen
970 1034 1154 1072 videtur?
1186 1034 1358 1078 nullum,
1387 1033 1538 1086 opinor,
1570 1047 1655 1071 ma-

239 1101 321 1154 jus.
353 1102 464 1153 Qid
490 1100 671 1139 defendet
692 1102 953 1140 Hortensius?
984 1101 1207 1154 postulabit,
1244 1110 1287 1138 ut
1318 1101 1443 1138 literas
1477 1099 1657 1138 Canuleii

244 1167 469 1222 proferam?
513 1168 661 1206 crimen
696 1167 948 1220 hujusmodi,
978 1168 1047 1205 nifi
1077 1167 1198 1204 literis
1231 1166 1507 1211 confirmetur,
1544 1167 1658 1204 inane

245 1233 317 1272 effe
346 1234 481 1273 dicet?
527 1234 731 1279 clamabo,
766 1234 893 1271 literas
924 1242 1090 1271 remotas
1123 1232 1194 1270 effe
1228 1233 1274 1270 de
1305 1232 1435 1270 medio
1452 1250 1464 1277 5
1503 1232 1658 1271 decreto

244 1301 436 1340 sociorum
469 1310 600 1354 erepta
626 1300 727 1339 mihi
760 1300 831 1339 esse
851 1300 958 1339 istius
978 1300 1135 1345 indicia,
1166 1313 1209 1338 ac
1243 1308 1501 1338 monumenta
1528 1298 1658 1337 furto-

246 1381 350 1406 rum.
396 1370 479 1406 Aut
497 1366 575 1406 hoc
594 1368 802 1406 contendat
821 1381 1023 1420 nunquam
1043 1367 1114 1405 effe
1133 1365 1281 1405 factum
1301 1382 1309 1405 ε
1333 1376 1399 1404 aut
1419 1366 1551 1404 omnia
1584 1365 1660 1403 tela

246 1424 415 1488 excipiat
447 1433 593 1472 neceffe
623 1434 687 1472 est.
731 1433 862 1487 Negas
893 1434 965 1472 effe
990 1433 1167 1472 factum?
1199 1433 1324 1486 placet
1355 1431 1456 1470 mihi
1486 1431 1554 1470 ista
1588 1432 1657 1470 de-

245 1500 365 1540 fenfio
389 1517 397 1540 :
430 1501 617 1540 descendo
639 1517 647 1540 ε
681 1515 788 1554 aequa
807 1502 913 1540 enim
935 1501 1121 1546 conditio,
1159 1515 1315 1553 aequum
1336 1510 1530 1538 certamen
1565 1514 1658 1553 pro-

246 1568 418 1622 ponitur.
452 1568 669 1607 Producam
704 1568 829 1613 testes,
865 1577 903 1606 et
929 1568 1141 1621 producam
1173 1568 1301 1619 plures
1329 1568 1467 1605 eodem
1502 1576 1658 1619 tempo-

248 1648 313 1674 re:
347 1636 533 1688 quoniam
554 1644 652 1680 tum,
686 1649 778 1673 cum
799 1637 929 1673 adtum
949 1635 1015 1679 est,
1049 1648 1124 1672 una
1159 1633 1344 1678 fuerunt;
1377 1647 1481 1671 nunc
1502 1647 1659 1685 quoque

248 1715 325 1740 una
344 1701 459 1740 sunt:
491 1714 583 1739 cum
603 1701 957 1754 interrogabuntur‚
988 1700 1213 1753 obligentur
1241 1714 1319 1738 non
1353 1699 1658 1751 solumjurisju-

249 1768 371 1813 randi,
407 1777 522 1821 atque
541 1768 833 1806 existimationis
860 1768 1047 1822 periculo,
1078 1767 1140 1805 sed
1169 1767 1287 1805 etiam
1320 1767 1525 1805 communi
1558 1766 1660 1804 inter

248 1834 285 1873 se
317 1835 564 1873 conscientia.
608 1834 646 1872 Si
676 1834 839 1887 planum
870 1835 934 1879 fit,
967 1833 1043 1872 hoc
1074 1834 1141 1878 ita,
1186 1833 1520 1886 quemadmodum
1555 1832 1657 1876 dico,

249 1901 321 1941 effe
351 1901 526 1948 factum5
559 1915 655 1940 num
689 1903 832 1955 poteris
854 1903 994 1946 dicere,
1027 1901 1224 1946 Hortenfi,
1262 1899 1362 1938 nihil
1384 1901 1422 1938 in
1444 1900 1522 1938 istis
1549 1898 1660 1937 fuiss'e

249 1968 382 2014 literis,
414 1969 520 2021 quod
540 1969 702 2006 Verrem
727 1969 910 2007 laederet?
942 1969 1038 2007 Non
1059 1968 1176 2006 modo
1208 1968 1248 2005 id
1269 1981 1345 2005 non
1368 1967 1485 2011 dices,
1517 1966 1580 2004 sed
1612 1979 1660 2004 ne

250 2035 350 2073 illud
380 2036 541 2088 quidem
562 2036 634 2074 tibi
665 2037 791 2074 dicere
812 2037 960 2081 licebit,
991 2045 1157 2080 tantum,
1193 2044 1385 2087 quantum
1412 2048 1482 2087 ego
1516 2034 1658 2078 dicam,

252 2116 330 2140 non
364 2101 488 2140 fuisse.
522 2103 627 2154 Ergo
657 2102 733 2140 hoc
768 2103 890 2140 vestro
923 2103 1100 2148 consilio,
1135 2111 1174 2139 et
1207 2103 1328 2154 gratia
1348 2101 1570 2154 perfecistis,
1603 2110 1659 2145 ut,

251 2168 585 2221 quemadmodum
620 2169 734 2220 paulo
768 2178 855 2206 ante
889 2169 996 2213 dixi,
1027 2178 1066 2206 et
1106 2167 1205 2206 mihi
1240 2169 1390 2206 summa
1421 2168 1582 2206 facultas
1614 2167 1658 2204 ad

251 2235 507 2273 accusandum
540 2234 714 2280 daretur,
756 2244 794 2272 et
825 2235 1026 2287 judicibus
1060 2235 1180 2273 libera
1217 2235 1377 2288 potestas
1415 2235 1460 2272 ad
1500 2233 1658 2271 creden-

253 2301 362 2340 dum.

307 2368 499 2406 LXXIII.
533 2368 652 2419 Qod
674 2382 765 2406 cum
787 2368 838 2406 ita
858 2368 916 2413 s1t,
958 2367 1057 2406 nihil
1079 2368 1223 2421 fingam
1246 2376 1387 2404 tamen.
1421 2365 1658 2408 Meminero,

254 2446 318 2471 me
337 2448 414 2472 non
442 2434 648 2487 sumpsiffe,
680 2448 799 2487 quem
829 2436 1060 2480 accusarem,
1097 2435 1157 2472 sed
1181 2432 1368 2484 recepisse,
1401 2446 1497 2484 quos
1524 2430 1658 2468 defen-

256 2499 411 2545 derem,
443 2514 509 2538 vos
531 2515 578 2538 ex
598 2515 660 2538 me
681 2502 830 2539 causam
862 2516 938 2540 non
971 2516 991 2539 a
1012 2515 1073 2538 me
1094 2500 1296 2552 prolatam,
1320 2498 1380 2535 sed
1400 2499 1445 2536 ad
1465 2513 1527 2536 me
1554 2498 1658 2535 dela-

257 2574 350 2611 tam,
386 2566 514 2604 audire
540 2576 741 2618 oportere,
775 2581 838 2606 me
871 2567 1009 2606 Siculis
1045 2566 1129 2604 satis
1167 2565 1236 2603 effe
1267 2564 1472 2610 facturum,
1504 2564 1544 2609 fi,
1576 2577 1659 2616 quae
