2201 2792
656 163 1001 202 ACTIONIS
1032 164 1085 202 11.
1146 165 1355 206 LIBER
1385 169 1435 206 V.
1665 184 1743 225 433

355 260 497 304 actum,
534 267 578 298 ut
610 259 869 313 intelligerent
900 262 1143 307 hlamerdni,
1186 263 1282 301 bene
1316 263 1352 302 se
1385 264 1487 317 apud
1521 266 1636 304 istum
1667 277 1746 306 tam

353 324 479 363 multa
496 327 629 378 pretia,
651 339 693 364 ac
708 341 869 366 munera
888 328 1100 375 collocasse,
1118 342 1210 368 cum
1230 330 1332 369 idern
1349 330 1412 369 alii
1427 332 1525 384 juris
1543 345 1592 370 ex
1613 333 1747 372 eadem

353 391 462 429 causa
481 406 559 431 non
579 393 799 432 obtinerent
817 395 830 431 ?

408 458 492 496 Hic
512 457 613 497 mihi
632 460 750 498 etiam
769 460 927 499 audebit
958 462 1202 501 mentionem
1232 462 1355 503 facere
1385 465 1633 504 Mamertinae
1661 466 1746 504 lau-

353 522 546 562 dationis?
577 525 619 563 in
653 539 728 578 qua
758 539 876 578 quam
910 527 1035 566 multa
1067 529 1139 567 sint
1159 529 1329 575 vulnera,
1361 532 1448 583 quis
1483 532 1535 570 est
1565 532 1747 577 vestrum,

353 589 527 639 Judices,
558 591 654 643 quin
688 591 912 644 intelligat?
944 594 1137 639 Primum,
1170 604 1213 632 ut
1247 595 1287 632 in
1313 597 1488 648 judiciis,
1519 599 1588 650 qui
1614 598 1748 637 decem

354 654 565 694 laudatores
586 656 674 694 dare
693 671 771 695 non
790 657 926 710 potest,
946 657 1140 698 honestius
1172 660 1224 699 est
1257 662 1292 699 ei
1312 662 1468 701 nullum
1499 664 1600 709 dare,
1631 678 1748 718 quam

354 720 470 760 illum
502 722 605 775 quafi
634 723 860 776 legitimum
893 739 1103 765 numerum
1137 727 1422 768 consuetudinis
1456 744 1534 769 non
1581 732 1747 784 explere.

355 788 438 827 Tot
457 789 498 827 in
519 789 649 828 Sicilia
669 790 840 830 civitates
861 791 962 837 sunt,
993 794 1135 846 quibus
1157 803 1199 832 tu
1218 809 1285 848 per
1306 797 1517 835 triennium
1538 797 1746 850 praefuisti:

355 864 520 907 arguunt
551 865 716 901 caeterae;
749 870 890 910 paucae‚
923 867 960 896 et
990 872 1126 912 parvae,
1160 870 1267 899 metu
1287 861 1467 914 repreffae,
1503 863 1636 908 filent;
1676 877 1751 902 una

354 919 498 959 laudat.
531 922 623 960 Hoc
643 923 739 974 quid
758 923 823 968 est,
845 924 914 962 nisi
938 925 1164 978 intelligere,
1194 926 1289 978 quid
1308 926 1447 966 habeat
1466 929 1643 967 utilitatis
1664 943 1750 968 vera

355 986 548 1033 laudatio;
581 987 643 1025 sed
663 997 791 1026 tamen
812 990 863 1028 ita
881 991 1087 1042 provinciae
1107 991 1308 1044 praesume,
1331 1002 1375 1032 ut
1394 992 1466 1032 hac
1490 995 1658 1034 utilitate
1676 1009 1746 1034 ne-

356 1053 508 1093 ceffario
527 1054 572 1092 fit
592 1055 802 1094 carendum
818 1056 830 1093 ?

411 1120 578 1166 Deinde,
610 1121 649 1159 id
684 1121 789 1174 quod
822 1121 898 1161 alio
928 1122 1015 1162 loco
1045 1132 1130 1162 ante
1162 1125 1256 1170 dixi,
1299 1139 1384 1178 quae
1415 1127 1467 1165 est
1496 1127 1563 1165 ista
1591 1128 1749 1167 tandem

355 1186 538 1231 laudatio,
569 1188 679 1239 cujus
714 1187 942 1227 laudationis
964 1189 1078 1242 legati
1100 1191 1308 1245 principes,
1345 1202 1382 1230 et
1408 1193 1564 1245 publice
1585 1194 1657 1232 tibi
1678 1208 1746 1233 na-

353 1267 443 1291 vem
463 1252 702 1298 aedificatam‚
733 1263 770 1291 et
790 1255 970 1307 privatim
991 1256 1027 1293 se
1047 1256 1146 1308 ipsos
1177 1257 1242 1294 abs
1265 1267 1301 1295 te
1322 1258 1514 1310 spoliatos,
1542 1260 1749 1313 expilatos-

356 1333 432 1372 que
452 1319 523 1358 effe
549 1319 760 1358 dixerunt?
793 1321 1003 1366 Postremo,
1042 1322 1136 1374 quid
1169 1323 1273 1361 aliud
1305 1324 1365 1362 isti
1395 1324 1556 1370 faciunt,
1589 1340 1679 1364 cum
1712 1337 1750 1365 te

329 1403 334 1406 ·
356 1386 425 1424 soli
445 1399 493 1424 ex
514 1386 644 1424 Sicilia
662 1386 830 1430 laudant,
863 1387 931 1425 nifi
965 1388 1184 1427 testimonio
1204 1390 1315 1428 nobis
1337 1390 1436 1436 sunt,
1466 1401 1502 1429 te
1522 1393 1654 1430 omnia
1680 1393 1751 1432 fibi

355 1453 427 1491 effe
446 1453 643 1506 largitum,
675 1467 760 1505 quae
780 1462 821 1490 tu
843 1454 888 1491 de
920 1455 1116 1506 republica
1136 1456 1261 1494 nostra
1286 1457 1519 1496 detraxeris?
1551 1460 1649 1510 Qae
1680 1474 1749 1498 co-

355 1519 458 1558 lonia
477 1519 530 1557 est
550 1520 590 1557 in
611 1518 721 1557 Italia
742 1528 819 1556 tam
852 1520 954 1558 bono
981 1522 1082 1572 jure,
1114 1522 1219 1573 quod
1253 1532 1333 1561 tam
1366 1523 1543 1562 immune
1576 1526 1748 1564 munici-

356 1585 482 1638 pium,
514 1584 618 1637 quod
637 1597 704 1637 per
723 1583 835 1622 hosce
859 1598 975 1623 annos
1007 1595 1087 1624 tam
1108 1588 1314 1626 commoda
1343 1591 1540 1628 vacatione
1572 1591 1615 1628 fit
1637 1592 1750 1630 usum

357 1653 537 1690 omnium
569 1664 711 1695 rerum,
743 1665 859 1703 quam
881 1652 1118 1690 Mamertina
1139 1654 1271 1692 civitas
1292 1669 1357 1707 per
1378 1657 1588 1695 triennium
1608 1659 1620 1694 ἓ
1654 1659 1747 1703 Soli,

356 1731 403 1756 ex
422 1717 565 1756 foedere
599 1717 704 1769 quod
737 1717 966 1761 debuerunt,
998 1732 1075 1756 non
1110 1719 1322 1759 dederunt:
1355 1721 1438 1766 soli,
1469 1722 1538 1760 isto
1570 1724 1746 1769 Praetore,

356 1785 536 1823 omnium
556 1797 685 1822 rerum
705 1784 900 1822 immunes
919 1784 1075 1823 fuerunt
1094 1801 1101 1824 :
1132 1786 1199 1824 soli
1221 1788 1260 1825 in
1282 1787 1387 1826 istius
1410 1789 1573 1841 imperio
1594 1803 1634 1828 ea
1652 1805 1749 1829 con-

357 1851 504 1889 ditione
524 1850 611 1888 vitae
629 1848 800 1895 fuerunt,
820 1860 862 1889 ut
876 1852 1024 1904 populo
1041 1853 1220 1891 Romano
1242 1852 1340 1892 nihil
1363 1854 1507 1900 darent,
1524 1856 1634 1894 Verri
1650 1856 1751 1895 nihil

356 1918 598 1971 denegarent.

413 1984 567 2022 XXIII.
590 1983 753 2029 Verum,
777 1995 819 2023 ut
841 1985 886 2023 ad
906 1985 1072 2031 claffein,
1095 2000 1173 2039 quo
1194 2000 1239 2026 ex
1257 1987 1344 2026 loco
1365 1987 1449 2027 sum
1471 1989 1667 2042 digressus,
1691 2004 1749 2028 re—

359 2058 508 2087 vertar:
540 2049 716 2102 accepisti
746 2064 766 2087 a
800 2052 1047 2090 Mamertinis
1080 2066 1216 2091 navem
1253 2064 1384 2092 contra
1418 2055 1518 2108 leges
1535 2075 1546 2101 3
1579 2056 1751 2094 remifisti

358 2124 489 2153 contra
509 2114 665 2153 foedera.
707 2117 764 2153 Ita
785 2118 824 2154 in
846 2131 921 2155 una
939 2118 1093 2156 civitate
1125 2120 1182 2157 bis
1215 2121 1415 2172 improbus
1437 2120 1539 2159 fuisti
1557 2141 1568 2167 ;
1602 2136 1692 2160 cum
1715 2131 1751 2160 ct

358 2182 544 2227 remisisti,
577 2183 681 2234 quod
713 2197 790 2221 non
825 2185 1049 2236 oportebat,
1082 2194 1119 2223 et
1151 2187 1341 2239 accepisti,
1364 2189 1468 2240 quod
1489 2203 1565 2226 non
1597 2189 1747 2227 licebat.

359 2250 524 2302 Exigere
544 2259 582 2287 te
606 2251 778 2302 oportuit
798 2265 947 2296 navem,
968 2266 1052 2304 quae
1073 2262 1206 2291 contra
1225 2254 1434 2306 praedones,
1458 2269 1534 2292 non
1555 2269 1638 2306 quae
1659 2269 1749 2292 curn

358 2315 494 2368 praeda,
518 2316 737 2367 navigaret;
770 2331 853 2368 quar
874 2317 1107 2365 defenderet,
1130 2333 1176 2357 ne
1196 2321 1390 2371 provincia
1411 2321 1645 2372 spoliaretur,
1676 2334 1751 2357 non

359 2394 443 2432 quae
465 2395 562 2419 nova
595 2383 802 2434 provincia]
823 2384 941 2436 spolia
973 2394 1150 2436 portaret.
1198 2386 1426 2423 {Mamertini
1450 2386 1520 2422 tibi
1541 2396 1577 2423 et
1599 2387 1749 2431 urbem,

359 2459 438 2498 quo
458 2445 560 2484 furta
576 2447 747 2499 undique
767 2449 996 2500 deportares,
1019 2459 1055 2487 et
1073 2464 1222 2494 navem,
1241 2463 1314 2501 qua
1335 2460 1563 2502 exportares,
1579 2452 1751 2503 praebuc-

359 2521 462 2550 runt.
486 2511 589 2550 Illud
611 2513 682 2550 tibi
704 2515 892 2568 oppidum
910 2515 1194 2568 receptaculum
1213 2516 1345 2568 praeda·
1365 2516 1462 2554 fuit:
1486 2506 1773 2574 illil-iomincss

444 2578 511 2616 To
525 2590 575 2617 M.
599 2578 670 2618 IV.
1368 2582 1383 2619 I
1405 2582 1418 2619 i
1438 2582 1450 2621 i
