2201 2792
579 211 924 251 ACTIONIS
966 213 1018 251 II.
1079 214 1289 252 LIBER
1321 216 1394 253 111.
1606 232 1681 271 337

277 310 476 356 omnibus,
513 310 615 348 mihi
648 324 736 349 vero
770 311 886 349 etiam
923 312 1158 350 incredibilis
1190 312 1403 350 videbatur.
1444 314 1546 365 Saepe
1576 314 1682 351 enim

278 377 395 415 nostri
429 378 691 430 imperatores,
728 377 910 430 superatis
941 377 1128 423 hostibus,
1165 379 1311 431 optime
1345 379 1542 431 republica
1566 379 1680 431 gesta,

278 442 415 481 scribas
436 444 520 481 suos
541 444 693 481 annulis
715 444 835 481 aureis
856 445 897 481 in
917 444 1104 482 concione
1125 444 1328 483 donarunt.
1348 446 1415 482 Tu
1431 458 1519 483 vero
1539 445 1681 496 quibus

278 510 390 548 rebus
411 510 538 562 gestis,
561 524 639 562 quo
659 509 765 547 hoste
789 510 977 563 superato,
1007 511 1250 555 concionem,
1283 510 1450 548 donandi
1470 510 1591 556 causa,
1614 511 1681 548 ad-

277 589 410 614 vocare
430 577 538 614 ausus
559 590 596 614 es
614 577 627 613 ?
660 577 800 629 Neque
831 577 936 614 enim
957 576 1081 615 solum
1101 577 1265 614 scribam
1295 585 1408 615 tuum
1429 577 1588 622 annulo,
1621 576 1683 614 sed

277 642 394 680 etiam
416 643 542 680 virum
563 641 828 688 fortiffimum,
861 655 903 680 ac
938 643 995 680 tui
1028 642 1344 688 diffimillimum,
1379 644 1442 695 Q
1466 643 1680 687 Rubrium,

277 709 532 747 excellentem
553 709 708 753 virtute,
740 709 976 754 auetoritate‚
1012 709 1148 762 copiis,
1181 722 1323 747 corona
1354 718 1393 747 et
1427 708 1608 762 phaleris,
1644 719 1681 747 et

277 783 414 828 torque
434 775 608 821 donasti;
641 776 704 814 M.
729 775 964 823 Coffutium‚
997 776 1272 814 sanctiflimum
1291 776 1435 821 virum,
1467 785 1581 828 atque
1605 776 1681 813 ho-

277 841 530 880 nestiffimum
545 861 558 887 3
590 842 654 881 M.
678 842 917 888 Castritium,
950 842 1104 881 summo
1131 842 1343 895 splendore,
1365 843 1536 895 ingenio,
1565 843 1682 895 gratia

275 908 498 960 praeditum.

334 974 443 1026 Qid
461 973 542 1012 haec
563 974 632 1012 fibi
651 973 793 1012 horum
815 974 934 1012 trium
961 974 1107 1012 civium
1128 975 1398 1013 Romanorum
1419 974 1518 1013 dona
1545 974 1680 1012 volue-

279 1041 399 1079 runt?
433 1040 579 1078 Siculos
599 1050 790 1093 praeterea,
822 1039 1118 1093 potentiffimos,
1148 1040 1478 1093 nobiliffimosque
1509 1041 1678 1086 donasti;

278 1107 347 1158 qui
368 1120 460 1151 non,
491 1106 822 1158 quemadmodum
854 1105 1017 1158 sperasti,
1050 1105 1231 1144 tardiores
1263 1105 1418 1145 fuerunt
1434 1125 1447 1151 3
1478 1106 1541 1144 sed
1567 1119 1681 1144 orna-

277 1173 390 1210 tiores
422 1182 490 1210 tuo
518 1172 669 1224 judicio
701 1172 748 1210 ad
782 1172 999 1210 testimonia
1028 1172 1190 1210 dicenda
1217 1181 1417 1211 venerunt.
1449 1173 1605 1224 Qibus
1635 1185 1682 1211 ex

276 1237 448 1276 hostium
467 1237 627 1291 spoliis?
658 1238 705 1275 de
735 1250 810 1291 qua
829 1238 1016 1276 victoria?
1048 1251 1124 1290 qua
1154 1252 1200 1276 ex
1219 1238 1344 1290 praeda
1374 1247 1440 1276 aut
1470 1238 1679 1283 manubiis,

275 1302 359 1343 haec
379 1304 444 1342 abs
466 1313 503 1342 te
523 1303 678 1342 donatio
698 1303 904 1342 constituta
924 1303 977 1341 est
997 1303 1009 1340 ?
1041 1305 1106 1341 An
1125 1304 1244 1356 quod,
1267 1312 1304 1341 te
1325 1304 1502 1349 Praetore,
1534 1317 1679 1357 pauco-

277 1384 366 1409 rum
386 1371 551 1409 adventu
571 1383 868 1423 myoparonum,
901 1369 1020 1408 elafiis
1041 1368 1316 1423 pulcherrima,
1339 1371 1478 1409 Siciliae
1508 1384 1682 1424 propug-

277 1438 477 1483 naculum,
509 1437 806 1491 praefidiumque
826 1437 1046 1490 provinciae,
1077 1438 1286 1490 piratarum
1317 1437 1497 1476 manibus
1532 1437 1682 1475 incensa

276 1504 330 1543 est
347 1504 360 1541 ?
391 1518 438 1543 an
459 1505 563 1557 quod
583 1517 670 1557 ager
691 1503 941 1555 Syracusanus
962 1503 1188 1556 praedonum
1209 1504 1413 1549 incendiis,
1444 1513 1481 1541 te
1501 1504 1680 1549 Praetore,

277 1571 438 1609 vastatus
459 1571 511 1608 est
530 1571 542 1607 ?
564 1584 610 1608 an
631 1570 736 1622 quod
755 1568 885 1607 forum
908 1569 1183 1620 Syracusanum
1203 1569 1483 1608 navarchorum
1501 1569 1682 1622 sanguine

278 1636 504 1675 redundavit
522 1636 534 1672 ?
565 1649 612 1673 an
634 1635 739 1687 quod
759 1636 800 1673 in
821 1645 934 1687 portu
956 1635 1186 1686 Syracusano
1205 1636 1388 1688 piraticus
1408 1648 1592 1688 myoparo
1611 1649 1681 1673 na-

277 1703 449 1756 vigavit?
481 1700 598 1741 Nihil
628 1701 778 1754 poffum
800 1701 976 1754 reperire,
998 1702 1254 1754 quamobrem
1287 1711 1327 1739 te
1355 1702 1395 1740 in
1415 1701 1524 1739 istam
1545 1714 1680 1740 amen-

278 1769 372 1807 tiam
393 1767 564 1806 incidiffe
579 1767 764 1811 arbitrer;
797 1767 864 1804 nis1
886 1765 983 1804 forte
1004 1767 1043 1804 id
1070 1766 1192 1819 egisti,
1222 1776 1265 1804 ut
1284 1765 1510 1805 hominibus
1538 1780 1586 1804 ne
1606 1767 1680 1805 ob-

277 1835 399 1873 livisci
420 1834 578 1887 quidem
599 1847 726 1871 rerum
749 1843 903 1871 tuarum
922 1833 1021 1870 male
1040 1833 1230 1886 gestarum
1250 1833 1397 1872 liceret.

319 1901 480 1940 Annulo
500 1900 552 1938 est
571 1913 684 1937 aureo
701 1899 820 1937 scriba
839 1900 1016 1944 donatus,
1048 1908 1086 1937 et
1106 1900 1151 1937 ad
1171 1913 1254 1937 eam
1275 1899 1522 1938 donationem
1543 1898 1682 1937 concio

278 1967 331 2005 est
349 1967 542 2005 advocata.
594 1965 713 2020 Qod
732 1975 811 2004 erat
830 1979 872 2004 os
894 1975 1021 2010 tuum,
1052 1979 1145 2003 cum
1166 1965 1319 2004 videbas
1340 1966 1381 2004 in
1402 1965 1589 2004 concione
1617 1978 1680 2003 eos

279 2032 472 2076 homines,
504 2045 672 2083 quorum
704 2045 751 2069 ex
772 2032 882 2069 bonis
912 2031 979 2069 iste
1009 2032 1174 2070 annulus
1195 2045 1328 2070 aureus
1356 2032 1580 2076 donabatur,
1612 2031 1682 2084 qui

279 2099 347 2152 ipfi
379 2098 538 2136 annulos
571 2111 699 2135 aureos
733 2097 947 2150 posuerant,
978 2097 1183 2150 liberisque
1217 2098 1468 2144 detraxerant,
1501 2106 1545 2137 ut
1577 2097 1679 2142 effet,

282 2165 381 2203 unde
402 2164 522 2202 scriba
543 2173 631 2201 tuus
652 2162 726 2200 hoc
749 2172 861 2201 tuum
882 2177 1024 2202 munus
1045 2177 1086 2202 ac
1108 2163 1341 2203 beneficium
1363 2164 1553 2203 tueretur?
1583 2165 1680 2214 Qae

280 2245 393 2284 porro
413 2229 584 2283 praefatio
603 2239 676 2267 tuae
697 2230 912 2268 donationis
933 2229 1037 2269 fuit?
1070 2231 1141 2269 Illa
1161 2230 1305 2269 scilicet
1325 2241 1448 2275 vetuS,
1470 2240 1583 2281 atque
1602 2230 1678 2266 im-

281 2298 496 2350 peratoria?
527 2296 676 2349 Qcando
707 2307 748 2335 tu
779 2297 914 2350 quidem
941 2298 978 2336 in
1006 2298 1149 2350 praelio,
1181 2299 1217 2336 in
1243 2298 1340 2343 bello,
1370 2299 1407 2335 in
1433 2312 1473 2336 re
1502 2297 1677 2334 militari.-

281 2366 390 2416 cujus
424 2378 470 2402 ne
501 2365 648 2402 mentio
679 2365 853 2417 quidem,
885 2374 923 2404 te
954 2367 1132 2411 Praetore,
1166 2366 1242 2404 ulla
1263 2366 1360 2403 faeca
1384 2364 1450 2401 est.
1497 2365 1561 2400 An
1582 2362 1678 2400 illa?

281 2430 565 2482 Qanquuidem
585 2441 626 2470 tu
646 2432 743 2470 nulla
763 2447 917 2485 unquam
937 2432 1026 2470 mihi
1041 2432 1078 2470 in
1095 2431 1302 2483 czspiditattg
1317 2445 1359 2468 ac
1378 2428 1601 2482 turpitudine
1618 2428 1679 2467 de-

267 2496 379 2547 fllistl'
396 2513 407 2538 ;
439 2496 657 2549 omnibusque
685 2498 722 2536 in
754 2498 868 2551 iffdem
884 2497 1043 2551 flagiti&
1062 2511 1192 2536 mecum
1225 2506 1259 2535 et
1295 2496 1330 2533 in
1364 2496 1548 2549 legatione,
1579 2506 1614 2534 ct
1644 2495 1680 2533 in

366 2562 431 2598 To
445 2574 495 2600 M.
519 2562 590 2600 IV.
1300 2561 1336 2597 V
1358 2573 1381 2599 v
