2201 2792
751 172 884 210 PRo
944 171 1007 208 M.
1071 171 1429 208 FONTEM).
1710 170 1786 221 483

398 269 572 308 Croduni
607 269 790 307 Porcium
826 278 864 306 et
895 267 1095 306 Numium
1127 276 1251 304 ternos
1290 265 1529 302 victoriatos:
1570 263 1786 301 Vulchalo-

396 349 444 372 ne
465 337 653 373 Servaeum
674 335 784 373 binos
807 335 913 378 H-S,
945 343 982 371 et
1013 333 1227 371 victoriatos
1256 331 1378 369 mille.
1419 332 1549 381 Atque
1573 330 1613 366 in
1634 328 1694 366 his
1726 328 1785 366 lo-

396 402 464 446 cis,
488 402 662 440 Croduni
683 410 720 438 et
738 399 996 444 Vulchalone,
1029 399 1075 436 ab
1107 397 1167 436 his
1199 398 1414 450 portorium
1446 395 1517 433 esse
1536 397 1728 439 exaustum,
1763 395 1788 432 fi

396 468 465 519 qui
485 466 765 511 Cobiamacho,
787 467 855 519 qui
876 467 981 504 vicus
1012 466 1111 503 inter
1131 464 1313 502 Tolosam
1334 472 1371 500 et
1392 462 1619 501 Narbonem
1639 461 1705 505 est,
1727 461 1788 498 di-

395 543 644 577 verterentur,
672 546 796 584 neque
815 532 999 570 Tolosam
1033 531 1087 567 ire
1117 530 1286 567 vellent:
1319 542 1410 566 cum
1432 527 1671 565 Elediosolus
1704 537 1789 563 tan-

397 607 483 636 tum
504 598 609 637 senos
629 598 800 636 denarios
833 597 880 634 ab
911 595 987 640 his,
1009 596 1077 647 qui
1108 595 1154 632 ad
1174 594 1322 632 hostem
1355 602 1561 646 portarent,
1594 591 1788 644 exegisset.

398 663 536 707 Video,
557 663 728 713 Judices,
761 661 832 699 effe
852 661 1013 705 crimen,
1049 669 1086 698 et
1105 673 1242 712 genere
1272 659 1353 711 ipso
1383 672 1584 711 magnum.
1617 657 1791 709 Vectigal

395 728 591 766 enim'effe
611 727 838 780 impositum
858 725 1048 764 fructibus
1070 726 1204 764 nostris
1226 725 1391 763 dicitur:
1423 734 1460 761 et
1480 724 1683 776 pecuniam
1704 736 1790 775 per-

397 806 579 844 magnam
610 793 678 830 ista
711 792 855 830 ratione
885 791 973 843 cogi
1003 790 1165 843 potuiffe
1196 789 1395 833 confiteor,
1428 798 1465 826 et
1486 789 1698 826 invidiam:
1731 788 1788 824 vel

397 859 567 896 maxime
587 859 692 896 enim
713 857 865 896 inimici
878 856 977 895 hanc
997 871 1078 895 rem
1100 856 1336 895 sermonibus
1355 854 1550 907 divulgare
1571 855 1790 891 voluerunt.

399 924 470 962 Sed
490 938 562 977 ego
592 926 644 963 ita
663 924 854 969 existimo,
888 937 967 976 quo
987 924 1111 975 majus
1133 923 1281 960 crimen
1302 922 1346 959 fit
1366 922 1419 966 id,
1453 920 1557 972 quod
1577 919 1792 957 ostendatur

397 990 470 1028 effe
489 989 642 1036 falsum,
664 990 740 1028 hoc
761 991 946 1042 majorem
965 989 1012 1026 ab
1033 1003 1078 1027 eo
1098 990 1280 1041 injuriam
1301 988 1398 1032 fieri,
1434 987 1502 1039 qui
1523 986 1562 1023 id
1581 985 1790 1038 confingat.

398 1055 498 1094 Vult
518 1057 624 1094 enim
645 1055 914 1108 magnitudine
935 1055 988 1092 rei
1009 1055 1058 1092 fic
1078 1067 1265 1106 occupare
1286 1054 1433 1091 animos
1454 1065 1603 1096 eorum,
1635 1052 1704 1104 qui
1724 1065 1793 1088 au-

399 1120 526 1166 diunt,
549 1131 592 1159 ut
612 1121 781 1159 difficilis
802 1120 926 1158 aditus
948 1120 1095 1157 veritati
1116 1119 1367 1171 relinquatur.
1400 1119 1423 1143 *
1445 1119 1469 1143 ἦ
1492 1119 1515 1142 ÷÷÷

455 1187 527 1225 VI.
560 1189 615 1225 At
634 1186 710 1224 hoc
731 1186 838 1224 Galli
859 1195 1011 1238 negant.
1045 1187 1099 1224 At
1119 1185 1214 1222 ratio
1235 1198 1377 1228 rerum,
1409 1192 1448 1220 et
1467 1182 1522 1220 vis
1544 1191 1792 1234 argumento-

399 1265 502 1296 rum,
524 1252 710 1304 coarguit.
735 1251 861 1289 Potest
880 1251 1000 1302 igitur
1018 1250 1173 1288 testibus
1187 1250 1308 1301 judex
1325 1262 1402 1286 non
1419 1248 1591 1286 credere?
1616 1247 1792 1299 Cupidis,

400 1327 439 1354 et
454 1317 571 1362 iratis,
589 1326 628 1355 et
648 1317 870 1369 conjuratis,
893 1325 931 1353 et
951 1316 997 1353 ab
1018 1315 1201 1367 religione
1219 1314 1392 1358 remotis,
1415 1327 1491 1351 non
1512 1313 1637 1351 solum
1657 1312 1792 1365 potest,

399 1383 461 1421 sed
481 1384 597 1421 etiam
619 1383 746 1421 debet.
779 1383 939 1420 Etenim
960 1381 1000 1426 fi,
1028 1382 1118 1433 quia
1139 1381 1245 1418 Galli
1267 1380 1415 1424 dicunt,
1437 1379 1581 1417 idcirco
1602 1380 1664 1417 M.
1687 1380 1794 1416 Fon-

401 1450 499 1487 teius
520 1463 661 1487 nocens
682 1448 957 1487 existimandus
977 1447 1057 1491 est;
1089 1447 1184 1498 quid
1217 1445 1316 1484 mihi
1343 1460 1438 1498 opus
1459 1446 1511 1483 est
1538 1445 1701 1497 sapiente
1726 1448 1793 1496 ju-

402 1516 519 1553 dice?
541 1515 637 1566 quid
668 1527 778 1566 aequo
798 1513 1024 1565 quaefitore?
1056 1512 1151 1563 quid
1183 1520 1330 1548 oratore
1359 1525 1437 1549 non
1464 1511 1611 1549 stulto?
1644 1512 1796 1548 Dicunt

400 1581 507 1618 enim
528 1580 658 1617 Galli:
682 1591 818 1631 negare
839 1591 915 1616 non
937 1576 1148 1629 poffumus.
1182 1577 1263 1615 Hic
1285 1576 1310 1613 s1
1331 1576 1529 1628 ingeniosi,
1552 1585 1589 1613 et
1610 1576 1736 1628 periti,
1758 1585 1796 1613 et

402 1647 501 1698 aequi
529 1645 687 1697 judicis,
722 1643 789 1681 has
810 1653 932 1696 partes
964 1643 1035 1680 esse
1054 1642 1292 1686 existimatis,
1326 1651 1384 1686 ut,
1419 1642 1603 1693 quoniam
1635 1642 1795 1692 quidem

401 1711 510 1748 testes
541 1711 690 1754 dicunt,
723 1709 799 1747 sine
834 1709 912 1746 ulla
944 1708 1184 1746 dubitatione
1216 1707 1450 1744 credendum
1485 1706 1555 1749 sit;
1589 1706 1693 1743 Salus
1719 1707 1795 1758 ipsa

399 1777 573 1816 virorum
594 1776 758 1814 fortium
788 1775 1051 1813 innocentiam
1074 1775 1172 1811 tueri
1206 1787 1283 1811 non
1315 1773 1449 1825 potest.
1483 1773 1547 1810 Sin
1581 1782 1722 1816 autem,
1754 1773 1795 1809 in

400 1843 514 1882 rebus
537 1841 773 1895 judicandis,
804 1854 883 1878 non
903 1840 1109 1878 minimam
1131 1848 1279 1892 partem
1300 1839 1345 1876 ad
1367 1851 1682 1890 unamquamque
1713 1851 1795 1876 rem

401 1909 676 1953 aestimandam,
712 1916 991 1959 momentoque
1021 1905 1087 1944 suo
1113 1905 1413 1958 ponderandam,
1447 1904 1626 1956 sapientia
1649 1904 1794 1956 judicis

400 1983 533 2019 tenet5
565 1974 705 2019 videte,
727 1986 775 2011 ne
805 1972 933 2011 multo
963 1971 1091 2010 vestrae
1111 1972 1272 2022 majores
1293 1970 1554 2022 gravioresque
1574 1979 1696 2022 partes
1723 1971 1796 2009 lint

402 2041 449 2078 ad
469 2041 734 2093 cogitandum,
768 2053 887 2091 quam
920 2039 967 2077 ad
998 2038 1205 2076 dicendum
1238 2051 1346 2075 meze.
1379 2035 1486 2073 Mihi
1515 2037 1621 2074 enim
1649 2037 1795 2090 semper

402 2120 629 2159 unaquaque
649 2107 695 2144 de
715 2119 754 2144 re
780 2105 882 2143 testis
903 2119 981 2143 non
1002 2104 1126 2143 solum
1148 2104 1275 2147 semel,
1311 2116 1443 2140 verum
1475 2103 1588 2142 etiam
1618 2103 1793 2149 breviter,

403 2173 709 2225 interrogandus,
739 2181 776 2209 et
796 2171 888 2223 saepe
919 2171 1035 2208 etiam
1068 2183 1144 2207 non
1176 2168 1494 2221 interrogandus3
1528 2183 1573 2206 ne
1604 2178 1667 2206 aut
1698 2169 1795 2210 irato

405 2239 565 2277 facultas
586 2239 632 2277 ad
652 2237 862 2276 dicendum
882 2237 980 2281 data,
1013 2245 1079 2274 aut
1097 2235 1239 2287 cupido
1270 2234 1469 2273 auctoritas
1499 2235 1694 2277 attributa,
1724 2234 1795 2272 este

433 2374 456 2397 ³¹⁵
478 2372 502 2396 ἦ
523 2372 547 2396 *
571 2371 703 2409 Omnia
734 2369 774 2408 de
803 2366 948 2408 crimine
967 2369 1124 2412 vinario,
1156 2367 1195 2406 de
1214 2367 1295 2406 bello
1319 2365 1575 2408 ls'ocontziormn,
1601 2373 1635 2401 et
1665 2363 1704 2401 de
1722 2364 1792 2416 dg's'-

399 2436 564 2490 pqfitione
582 2436 829 2489 hybernorum,
849 2434 1104 2487 dgfidcranlur.

1320 2497 1349 2533 P
1371 2509 1394 2546 p
1413 2508 1439 2547 p
1471 2507 1492 2533 2
