2201 2792
547 215 624 264 468
980 215 1069 253 IN
1142 213 1523 252 VERREM

547 313 682 358 animi,
704 313 859 351 dicam?
890 313 1036 351 tametsl
1057 313 1165 351 dolor
1191 326 1253 350 me
1274 326 1352 351 non
1371 311 1517 350 deficit.
1550 312 1608 350 Ut
1627 319 1759 349 caetera
1781 308 1881 348 mihi
1901 309 1942 347 in

548 379 712 418 dicendo
734 380 848 432 digna
868 392 919 424 re,
942 380 1056 431 digna
1075 378 1206 417 dolore
1226 392 1334 423 meo,
1360 378 1574 431 suppetant,
1597 377 1720 430 magis
1741 377 1941 415 elaboran-

547 444 642 482 dum
663 445 727 483 est.
762 445 881 496 Qod
901 445 1048 482 crimen
1079 444 1266 496 ejusmodi
1291 444 1357 489 est,
1393 453 1450 489 ut,
1481 457 1572 482 cum
1596 444 1770 496 primum
1802 442 1848 480 ad
1878 453 1943 479 me

547 510 720 548 delatum
739 511 804 555 est,
828 510 987 548 usurum
1008 524 1071 548 me
1091 510 1160 548 illo
1181 524 1257 548 non
1279 519 1454 562 putarem
1474 524 1484 548 τ
1518 510 1665 548 tametsi
1696 509 1800 547 enim
1826 506 1941 546 veris-

547 576 689 615 fimum
710 576 781 615 effe
809 577 1090 629 intelligebam,
1126 586 1255 614 tamen
1286 576 1469 613 credibile
1495 575 1578 614 fore
1610 588 1688 613 non
1719 572 1940 612 arbitrabar.

550 644 714 681 Coaffitus
740 643 920 695 lacrymis
952 643 1132 681 omnium
1164 643 1310 680 civium
1332 643 1617 686 Romanorum,
1652 641 1721 693 qui
1752 640 1793 678 in
1814 639 1944 677 Sicilia

548 709 793 761 negotiantur
808 727 821 754 5
853 708 1036 746 adductus
1068 708 1380 752 Valentinorum‚
1418 706 1629 746 hominum
1658 705 1942 744 honestiffimo-

547 789 652 820 rum,
678 776 936 826 omni-umque
959 773 1245 827 Rheginorum,
1267 774 1563 825 multorumque
1592 773 1772 825 equitum
1792 773 1941 810 Roma-

547 853 704 886 norum,
719 841 788 893 qui
807 840 893 878 casu
915 850 1000 878 tum
1014 840 1194 878 Mess'anae
1215 839 1385 884 fuerunt,
1401 839 1629 877 testimoniis
1645 857 1658 884 5
1681 838 1769 877 dedi
1790 847 1942 877 tantum

548 907 673 960 priore
693 907 841 946 actione
860 907 1030 952 testium,
1052 920 1109 945 res
1131 916 1173 945 ut
1194 907 1342 945 nemini
1362 906 1478 944 dubia
1497 905 1568 944 effe
1587 904 1720 958 poffet.

604 974 718 1026 Qid
733 988 838 1012 nunc
858 988 967 1027 agam
988 975 1000 1011 ?
1033 987 1126 1012 cum
1152 975 1233 1026 jam
1255 983 1314 1012 tot
1332 972 1444 1012 horas
1466 973 1512 1011 de
1533 986 1611 1011 uno
1630 985 1767 1025 genere
1781 1001 1792 1017 ,
1823 984 1866 1009 ac
1896 970 1943 1008 de

547 1039 654 1079 istius
675 1039 818 1078 nefaria
837 1040 1075 1085 crudelitate,
1098 1040 1225 1078 dicam
1239 1059 1251 1085 5
1274 1053 1366 1078 cum
1387 1052 1505 1092 prope
1524 1052 1683 1078 omnem
1703 1039 1785 1077 vim
1805 1036 1942 1076 verbo-

548 1120 635 1145 rum
657 1106 869 1159 ejusmodi,
892 1120 977 1158 quae
997 1106 1134 1145 scelere
1154 1107 1260 1145 istius
1280 1106 1396 1159 digna
1415 1105 1502 1143 sunt
1517 1134 1529 1151 ‚
1550 1105 1634 1143 aliis
1654 1105 1696 1143 in
1715 1104 1825 1142 rebus
1845 1116 1942 1141 con-

548 1172 789 1226 sumpserim,
808 1186 932 1225 neque
952 1171 1027 1210 hoc
1049 1173 1297 1226 providerim,
1316 1182 1359 1210 ut
1378 1172 1556 1211 varietate
1571 1172 1785 1210 criminum
1801 1183 1867 1209 vos
1883 1177 1942 1208 at-

549 1248 673 1278 tentos
689 1248 855 1277 tenerem
863 1257 875 1284 5
895 1239 1228 1291 quemadmodum
1247 1239 1293 1276 de
1310 1247 1412 1276 tanta
1429 1251 1467 1275 re
1483 1238 1636 1276 dicam?
1661 1237 1827 1290 Opinor,
1842 1248 1943 1274 unus

549 1305 688 1344 modus
709 1314 822 1357 atque
843 1318 917 1343 una
937 1305 1032 1343 ratio
1051 1304 1116 1343 est.
1147 1306 1251 1343 Rem
1270 1305 1311 1342 in
1332 1304 1463 1342 medio
1482 1317 1626 1357 ponam
1642 1322 1654 1349 5
1683 1317 1768 1356 quae
1789 1310 1942 1340 tantum

548 1370 665 1410 habet
685 1372 764 1425 ipsa
783 1370 992 1424 gravitatis,
1015 1380 1057 1409 ut
1078 1384 1201 1423 neque
1223 1384 1322 1415 mea,
1349 1384 1434 1422 quae
1454 1369 1561 1408 nulla
1580 1369 1645 1415 est,
1667 1382 1792 1421 neque
1812 1368 1941 1420 cujus-

549 1451 684 1491 quam,
704 1438 750 1476 ad
771 1437 1067 1476 inflammandos
1087 1437 1226 1475 vestros
1246 1438 1394 1474 animos
1414 1435 1633 1487 eloquentia
1652 1435 1881 1488 requiratur.

605 1505 751 1543 Gavius
771 1503 852 1549 hic,
875 1517 993 1556 quem
1011 1503 1112 1548 dico,
1135 1503 1321 1547 Cosanus,
1353 1515 1446 1540 curn
1466 1501 1536 1539 illo
1562 1502 1603 1539 in
1623 1515 1786 1539 nurnero
1805 1501 1853 1538 ab
1873 1500 1944 1538 isto

548 1571 590 1609 in
611 1571 765 1609 vincula
785 1571 981 1622 conjectus
1002 1569 1104 1614 effet,
1138 1578 1176 1607 et
1196 1569 1323 1607 nescio
1342 1581 1419 1621 qua
1438 1568 1583 1606 ratione
1608 1568 1709 1605 clam
1730 1581 1750 1605 e
1770 1567 1944 1605 latumiis

549 1636 789 1689 profugisset,
821 1635 1115 1687 Messanamque
1144 1633 1327 1679 venisset,
1365 1633 1434 1686 qui
1464 1647 1582 1686 prope
1607 1634 1690 1685 jam
1723 1632 1876 1671 Italiam
1906 1640 1945 1670 et

550 1703 695 1740 moenia
716 1701 990 1754 Rheginorum
1011 1701 1168 1745 videret,
1189 1708 1228 1738 et
1247 1713 1294 1738 ex
1314 1699 1383 1737 illo
1405 1708 1512 1737 metu
1533 1699 1670 1737 mortis
1699 1711 1741 1736 ac
1763 1697 1943 1742 tenebris,

550 1769 652 1820 quasi
673 1768 759 1806 luce
779 1768 964 1805 libertatis
997 1775 1035 1804 et
1054 1766 1169 1804 odore
1189 1766 1319 1817 aliquo
1340 1765 1473 1818 legum
1494 1773 1696 1809 recreatus,
1724 1762 1913 1803 revixisset
1928 1781 1940 1808 ;

549 1834 657 1886 loqui
678 1831 859 1871 Meffanae
878 1832 997 1884 coepit
1010 1860 1021 1876 ,
1054 1840 1092 1869 et
1112 1831 1244 1883 queri,
1274 1830 1309 1868 se
1328 1830 1454 1868 civem
1474 1830 1700 1868 Romanum
1728 1830 1769 1867 in
1789 1828 1945 1867 vincula

552 1901 622 1938 effe
657 1900 876 1951 conjectum
896 1913 904 1936 ε
938 1898 1007 1936 fibi
1042 1899 1141 1936 resta
1174 1898 1246 1935 iter
1278 1896 1348 1934 effe
1369 1897 1539 1934 Romam
1555 1913 1567 1941 5
1600 1895 1712 1933 Verri
1743 1894 1779 1932 se
1809 1894 1945 1947 praesto

551 1965 766 2004 advenienti
788 1963 979 2001 futurum.

593 2032 723 2070 LXII.
749 2030 841 2068 Non
859 2028 1097 2081 intelligebat
1118 2027 1245 2072 miser,
1267 2025 1366 2065 nihil
1387 2025 1557 2064 interesse
1578 2033 1710 2064 utrum
1731 2024 1813 2063 haec
1834 2025 1943 2063 Mes-

552 2099 659 2141 sanae,
681 2110 726 2134 an
747 2095 849 2147 apud
868 2093 995 2147 ipsum
1015 2095 1055 2132 in
1075 2095 1265 2146 praetorio,
1287 2093 1523 2145 loqueretur.
1557 2092 1680 2137 Nam,
1708 2100 1751 2129 ut
1771 2100 1857 2129 ante
1876 2104 1944 2129 vos

552 2164 681 2209 docui,
702 2162 801 2200 hanc
823 2161 891 2199 fibi
918 2161 983 2198 iste
1005 2161 1142 2199 urbem
1162 2161 1365 2213 delegerat,
1399 2173 1517 2212 quam
1538 2157 1696 2197 haberet
1715 2157 1945 2210 adjutricem

552 2230 753 2274 scelerum,
783 2226 977 2266 furtorum
1009 2227 1275 2279 receptricem,
1308 2226 1545 2278 flagitiorum
1576 2225 1757 2262 omnium
1785 2223 1940 2262 sociam.

553 2298 687 2349 Itaque
717 2295 763 2333 ad
794 2293 1058 2346 magistratum
1080 2293 1362 2331 Mamertinum
1390 2291 1517 2330 statim
1539 2290 1742 2328 deducitur
1763 2289 1909 2327 Gavius
1927 2307 1941 2334 5

552 2376 674 2415 eoque
693 2361 774 2414 ipso
794 2360 854 2398 die
874 2359 959 2397 casu
975 2357 1188 2396 Messanam
1204 2358 1309 2396 venit
1321 2358 1471 2395 Verres.
1495 2359 1571 2395 Res
1588 2355 1633 2393 ad
1650 2368 1739 2392 eum
1757 2353 1942 2400 defertur,

552 2429 622 2466 effe
642 2429 766 2467 civem
788 2427 1029 2470 Romanum,
1050 2425 1118 2477 qui
1139 2424 1174 2462 se
1196 2423 1381 2475 Syracusis
1412 2422 1453 2461 in
1484 2421 1656 2459 latumiis
1675 2419 1785 2458 fuiss'e
1804 2434 1942 2472 quere-

554 2503 683 2533 retur:
706 2507 838 2547 quem,
856 2493 938 2543 jam
958 2491 1240 2544 ingredientem
1262 2502 1411 2534 navem,
1434 2497 1472 2527 et
1494 2487 1606 2526 Verri
1625 2487 1743 2526 nimis
1764 2487 1943 2525 atrociter
