2201 2792
611 195 957 236 ACTIONIS
997 195 1053 234 ΙΙ.
1112 196 1322 236 LIBER
1358 200 1412 238 ΙΙ.
1638 215 1715 256 213

310 298 402 338 cum
421 295 522 335 nihil
538 294 722 334 intererat
752 295 874 335 istiu-s.
920 296 1030 348 Lege
1054 296 1267 335 Hieronica
1289 298 1438 349 judicia
1458 298 1716 351 plurimarum

309 363 664 407 contravenfiaruQ
695 362 843 400 sublata
874 375 951 401 uno
982 363 1142 403 nomine
1165 363 1323 402 omnia:
1356 365 1403 402 de
1437 377 1642 411 conventu,
1674 382 1718 405 ac

307 429 609 482 negotiator-ibus
630 426 731 466 nulli
758 429 925 481 judices.
968 430 1176 481 -Qantum
1196 430 1422 483 potestatem
1442 430 1633 478 habuerit,
1656 435 1716 471 vi-

307 495 405 534 detis
423 510 433 534 :
455 509 549 548 qua-s
566 509 628 533 -res
648 494 810 548 gesserit,
832 495 1067 548 cognoscite.

360 562 475 600 XIV.
499 562 705 600 Heraclius
723 561 778 599 est
798 561 983 600 Hieronis
1004 561 1123 607 filius,
1144 561 1410 613 Syracusanus,
1430 562 1552 602 homo
1574 564 1614 601 in
1634 564 1717 617 pri-

307 628 383 666 mis
404 628 512 666 domi
533 628 606 666 suae
626 627 839 672 nobilis,-et
859 636 946 666 ante
965 627 1072 666 hunc
1088 629 1297 667 Praetorem
1314 629 1371 666 vel
1389 630 1720 681 pecuniofiffimus

308 694 654 745 Syracusanorum5
686 706 790 731 nunc
810 693 918 731 nulla
947 694 1021 732 alia
1048 694 1281 740 calamitate,
1313 695 1382 733 nifi
1412 696 1519 734 istius
1548 697 1717 742 avaritia,

308 769 423 812 atque
443 760 596 812 injuria,
618 760 902 813 pauperrimus.
935 761 1045 799 Huic
1064 759 1264 799 haereditas
1284 760 1398 800 facile
1411 762 1460 800 *ad
1477 763 1569 800 H-S
1591 763 1718 801 tricies

305 826 413 864 venit
443 825 670 864 testamento
697 826 909 878 propinqui
938 825 1009 871 sui,
1040 826 1245 865 Heraclii:
1281 826 1395 879 plena
1425 827 1565 866 domus
1596 828 1719 867 caelati

307 892 455 944 argenti
486 892 644 944 optimi,
674 892 888 944 multaeque
916 891 1090 945 stragulae
1118 893 1246 937 vestis,
1280 893 1717 947 pretiofiffimorumque

306 958 593 1010 mancipiorum
605 975 618 1002 3
641 958 784 1009 quibu-s
805 959 846 996 in
866 958 979 996 rebus
999 959 1105 996 istius
1127 959 1373 1011 cupiditates,
1395 968 1433 997 et
1453 959 1612 998 insanias
1629 960 1717 1012 quis

308 1023 459 1075 ignorat
476 1024 490 1060 ?
521 1024 615 1060 Erat
636 1023 676 1060 in
697 1023 872 1061 sermone
891 1036 964 1068 res,
996 1038 1177 1076 magnam
1208 1025 1396 1063 Heraclio
1424 1026 1630 1078 pecuniam
1649 1039 1716 1063 ve-

306 1089 425 1127 niffe:
456 1102 536 1127 non
556 1088 682 1126 solum
702 1089 935 1127 Heraclium
953 1089 1131 1135 divitem,
1157 1089 1218 1127 sed
1249 1090 1364 1128 etiam
1385 1100 1565 1130 ornatum
1586 1092 1716 1144 supel-

307 1154 441 1199 lectili,
472 1164 652 1207 argento,
682 1154 808 1199 veste,
849 1156 1054 1208 mancipiis
1086 1155 1280 1195 futur-um.
1330 1157 1456 1195 Audit
1484 1156 1567 1196 haec
1598 1158 1718 1196 etiam

308 1220 471 1258 Verres:
504 1230 541 1258 et
563 1221 704 1272 primo,
737 1220 808 1257 illo
840 1221 907 1258 suo
937 1221 1079 1259 leviore
1112 1222 1277 1260 artificio
1301 1223 1530 1262 Heraclium
1562 1225 1718 1277 aggredi

307 1296 482 1331 conat-ur,
513 1295 557 1324 ut
590 1299 682 1323 eum
713 1295 822 1339 roget
852 1286 1101 1339 inspicienda,
1129 1301 1219 1339 ,quae
1249 1302 1327 1326 non
1359 1289 1505 1327 reddat.
1563 1290 1718 1329 Deinde

307 1367 329 1391 a
359 1353 591 1408 quibusdam
624 1352 861 1404 Syracusanis
893 1353 1149 1412 admonetur:
1181 1353 1225 1392 hi
1251 1363 1382 1393 autem
1413 1356 1574 1407 quidam
1612 1365 1719 1395 erant

252 1412 256 1415 .
308 1420 438 1458 affines
459 1420 580 1464 istius,
616 1433 783 1471 quorum
805 1419 872 1457 iste
898 1433 1034 1458 uxores
1066 1434 1266 1473 nunquam
1299 1421 1437 1460 alienas
1469 1423 1717 1469 existimavit,

309 1487 553 1530 Cleomenes,
574 1495 613 1523 et
633 1485 839 1531 AE‘schr-i05
862 1487 930 1539 qui
944 1496 1144 1539 >quantum
1165 1489 1264 1540 apud
1285 1488 1414 1533 istum,
1436 1499 1474 1526 et
1487 1503 1609 1541 quam
1632 1499 1718 1528 tur-

308 1554 349 1605 pi
378 1553 424 1591 de
451 1552 559 1591 causa
581 1553 792 1605 potuerint,
822 1566 869 1590 ex
896 1553 1060 1605 reliquis
1093 1554 1324 1592 criminibus
1355 1555 1594 1608 intelligetis.
1641 1557 1717 1602 Hi,

309 1628 353 1655 ut
391 1619 490 1663 dico,
522 1618 727 1655 hominem
764 1618 1000 1663 admonent,
1031 1632 1113 1659 rem
1149 1619 1219 1657 effe
1252 1621 1493 1672 praeclaram‚
1536 1620 1719 1660 refertam

309 1685 492 1722 omnibus
521 1684 655 1721 rebus:
689 1683 815 1735 ipsum
850 1693 980 1721 autem
1001 1685 1229 1722 Heraclium
1249 1685 1453 1723 hominem
1488 1686 1558 1724 effe
1590 1689 1714 1739 majo-

310 1764 390 1788 rem
413 1759 518 1794 natu,
551 1762 627 1786 non
659 1749 1020 1802 promptiffimum3
1052 1760 1103 1794 et,
1126 1764 1217 1788 eum
1237 1760 1374 1802 praeter
1394 1752 1618 1797 Marcellos,
1645 1766 1715 1805 pa-

310 1826 483 1860 tronum,
515 1828 633 1866 quem
659 1816 746 1866 jure
767 1815 832 1853 suo
865 1815 980 1860 adire,
1012 1825 1076 1854 aut
1103 1816 1292 1868 appellare
1313 1816 1445 1868 posset,
1476 1816 1614 1855 habere
1644 1831 1714 1855 ne-

308 1882 486 1927 minem,
519 1881 589 1918 effe
621 1881 660 1918 in
694 1894 739 1918 eo
761 1881 999 1926 testamento,
1032 1895 1110 1934 quo
1141 1882 1207 1919 ille
1238 1881 1346 1919 heres
1378 1882 1479 1927 esset,
1512 1883 1717 1936 scriptum,

309 1956 352 1985 ut
367 1947 506 1986 'statuas
529 1946 568 1983 in
588 1946 753 1998 palaestra
773 1946 927 1984 deberet
947 1961 1099 1999 ponere.
1124 1948 1340 1992 Faciemus,
1360 1958 1402 1985 ut
1418 1948 1625 2000 palaestritae
1645 1963 1715 1986 ne-

309 2023 401 2066 gent
422 2027 468 2051 ex
490 2013 713 2051 testamento
733 2012 810 2050 effe
841 2013 1001 2065 positas:
1035 2023 1167 2066 petant
1187 2012 1465 2059 haereditatem,
1499 2016 1603 2066 quod
1630 2029 1718 2054 eam

310 2078 485 2130 palaestrae
505 2077 746 2115 commissam
767 2078 838 2115 effe
869 2079 1012 2116 dicant.
1057 2079 1208 2116 Placuit
1228 2080 1324 2116 ratio
1346 2079 1470 2117 Verri.
1514 2080 1619 2118 Nam
1638 2080 1715 2118 hoc

309 2144 439 2181 animo
475 2143 710 2196 providebat,
741 2157 832 2181 cum
866 2153 968 2182 tanta
998 2144 1193 2182 haereditas
1215 2145 1255 2182 in
1276 2146 1568 2184 controversiam
1590 2147 1714 2184 venis-

310 2210 376 2254 set,
393 2210 620 2261 judicioque
653 2218 854 2260 peteretur,
887 2210 967 2247 fieri
988 2224 1063 2247 non
1084 2210 1200 2262 poffe,
1234 2221 1275 2248 ut
1295 2211 1370 2249 fine
1388 2212 1513 2264 praeda
1539 2213 1616 2264 ipse
1636 2212 1713 2249 dis-

309 2276 472 2313 cederet.
504 2275 708 2327 Approbat
729 2276 956 2313 consilium:
980 2278 1110 2314 audior
1131 2276 1198 2322 est,
1215 2286 1258 2314 ut
1278 2291 1394 2329 quam
1414 2279 1588 2329 primum
1605 2290 1714 2328 agere

309 2342 511 2395 incipiant,
544 2341 826 2393 hominemque
847 2342 886 2380 id
907 2343 1040 2387 aetatis,
1074 2343 1238 2381 minime
1259 2343 1486 2394 litigiosum,
1509 2356 1626 2393 quam
1648 2353 1713 2379 tu-

311 2407 603 2445 multuofiffime
624 2408 855 2446 adoriantur.
889 2409 1076 2446 Scribitur
1095 2409 1277 2447 Heraclio
1296 2409 1392 2444 dica.

366 2474 457 2511 XV.
490 2474 621 2511 Primo
643 2475 831 2512 mirantur
851 2488 983 2512 omnes
1011 2474 1300 2527 improbitatem
1320 2471 1524 2510 calumniae
1542 2487 1550 2510 ε
1574 2472 1713 2510 deinde

312 2537 380 2588 qui
401 2537 516 2575 istum
547 2538 706 2584 noffent,
737 2540 877 2591 partim
899 2540 1194 2592 suspicabantur,
1223 2538 1363 2590 partim
1384 2537 1497 2590 plane
1516 2538 1712 2583 videbant,
