<?xml version="1.0" encoding="UTF-8"?>
<!DOCTYPE html PUBLIC "-//W3C//DTD XHTML 1.0 Transitional//EN"
    "http://www.w3.org/TR/xhtml1/DTD/xhtml1-transitional.dtd">
<html xmlns="http://www.w3.org/1999/xhtml" xml:lang="en" lang="en">
 <head>
  <title>
</title>
<meta http-equiv="Content-Type" content="text/html;charset=utf-8" />
  <meta name='ocr-system' content='tesseract 3.04.00' />
  <meta name='ocr-capabilities' content='ocr_page ocr_carea ocr_par ocr_line ocrx_word'/>
</head>
<body>
  <div class='ocr_page' id='page_1' title='image "./operacumindicibu04ciceuoft_0169.png"; bbox 0 0 2201 2792; ppageno 0'>
   <div class='ocr_carea' id='block_1_1' title="bbox 587 201 1385 240">
    <p class='ocr_par' dir='ltr' id='par_1_1' title="bbox 587 201 1385 240">
     <span class='ocr_line' id='line_1_1' title="bbox 587 201 1385 240; baseline -0.003 0"><span class='ocrx_word' id='word_1_1' title='bbox 587 201 933 240; x_wconf 86' lang='lat' dir='ltr'>ACTIONIS</span> <span class='ocrx_word' id='word_1_2' title='bbox 978 202 1028 238; x_wconf 95' lang='lat' dir='ltr'><strong>II.</strong></span> <span class='ocrx_word' id='word_1_3' title='bbox 1101 201 1311 238; x_wconf 86' lang='lat' dir='ltr'>LIBER</span> <span class='ocrx_word' id='word_1_4' title='bbox 1353 203 1385 238; x_wconf 87' lang='grc' dir='ltr'><strong>Ι.</strong></span> 
     </span>
    </p>
   </div>
   <div class='ocr_carea' id='block_1_2' title="bbox 263 217 1697 2528">
    <p class='ocr_par' dir='ltr' id='par_1_2' title="bbox 1618 217 1690 255">
     <span class='ocr_line' id='line_1_2' title="bbox 1618 217 1690 255; baseline 0 0"><span class='ocrx_word' id='word_1_5' title='bbox 1618 217 1690 255; x_wconf 80' lang='lat'><strong>153</strong></span> 
     </span>
    </p>

    <p class='ocr_par' dir='ltr' id='par_1_3' title="bbox 284 298 1693 404">
     <span class='ocr_line' id='line_1_3' title="bbox 287 298 1693 353; baseline -0.002 -15"><span class='ocrx_word' id='word_1_6' title='bbox 287 300 468 338; x_wconf 75' lang='lat' dir='ltr'>evaserit:</span> <span class='ocrx_word' id='word_1_7' title='bbox 502 299 718 353; x_wconf 84' lang='lat' dir='ltr'><strong>proficiscar</strong></span> <span class='ocrx_word' id='word_1_8' title='bbox 752 314 810 345; x_wconf 92' lang='lat' dir='ltr'><strong>eo,</strong></span> <span class='ocrx_word' id='word_1_9' title='bbox 839 313 916 352; x_wconf 84' lang='lat' dir='ltr'><strong>quo</strong></span> <span class='ocrx_word' id='word_1_10' title='bbox 937 312 1001 336; x_wconf 89' lang='lat' dir='ltr'><strong>me</strong></span> <span class='ocrx_word' id='word_1_11' title='bbox 1026 298 1262 351; x_wconf 82' lang='lat' dir='ltr'><strong>jampridem</strong></span> <span class='ocrx_word' id='word_1_12' title='bbox 1284 303 1394 336; x_wconf 76' lang='lat' dir='ltr'><strong>vocat</strong></span> <span class='ocrx_word' id='word_1_13' title='bbox 1415 299 1581 350; x_wconf 72' lang='lat' dir='ltr'><strong>populus</strong></span> <span class='ocrx_word' id='word_1_14' title='bbox 1609 299 1693 336; x_wconf 87' lang='lat' dir='ltr'><strong>Ro-</strong></span> 
     </span>
     <span class='ocr_line' id='line_1_4' title="bbox 284 379 436 404; baseline -0.007 0"><span class='ocrx_word' id='word_1_15' title='bbox 284 379 436 404; x_wconf 86' lang='lat' dir='ltr'><strong>manus.</strong></span> 
     </span>
    </p>

    <p class='ocr_par' dir='ltr' id='par_1_4' title="bbox 283 428 1697 1406">
     <span class='ocr_line' id='line_1_5' title="bbox 339 428 1691 482; baseline -0.002 -14"><span class='ocrx_word' id='word_1_16' title='bbox 339 432 402 469; x_wconf 92' lang='lat' dir='ltr'><strong>De</strong></span> <span class='ocrx_word' id='word_1_17' title='bbox 416 431 502 482; x_wconf 87' lang='lat' dir='ltr'><strong>jure</strong></span> <span class='ocrx_word' id='word_1_18' title='bbox 522 431 628 468; x_wconf 88' lang='lat' dir='ltr'><strong>enim</strong></span> <span class='ocrx_word' id='word_1_19' title='bbox 649 431 836 469; x_wconf 84' lang='lat' dir='ltr'><strong>libertatis</strong></span> <span class='ocrx_word' id='word_1_20' title='bbox 863 439 901 468; x_wconf 89' lang='lat' dir='ltr'><strong>et</strong></span> <span class='ocrx_word' id='word_1_21' title='bbox 921 431 1087 468; x_wconf 83' lang='lat' dir='ltr'><strong>civitatis</strong></span> <span class='ocrx_word' id='word_1_22' title='bbox 1119 431 1231 468; x_wconf 85' lang='lat' dir='ltr'><strong>suum</strong></span> <span class='ocrx_word' id='word_1_23' title='bbox 1252 438 1362 482; x_wconf 86' lang='lat' dir='ltr'><strong>putat</strong></span> <span class='ocrx_word' id='word_1_24' title='bbox 1382 428 1451 466; x_wconf 82' lang='lat' dir='ltr'><strong>effe</strong></span> <span class='ocrx_word' id='word_1_25' title='bbox 1466 428 1663 480; x_wconf 78' lang='lat' dir='ltr'><strong>judicium</strong></span> <span class='ocrx_word' id='word_1_26' title='bbox 1681 448 1691 472; x_wconf 69' lang='lat'><em>3</em></span> 
     </span>
     <span class='ocr_line' id='line_1_6' title="bbox 284 495 1692 550; baseline -0.002 -15"><span class='ocrx_word' id='word_1_27' title='bbox 284 505 322 535; x_wconf 88' lang='lat' dir='ltr'><strong>et</strong></span> <span class='ocrx_word' id='word_1_28' title='bbox 345 499 443 535; x_wconf 64' lang='lat' dir='ltr'><strong>reete</strong></span> <span class='ocrx_word' id='word_1_29' title='bbox 476 506 600 550; x_wconf 88' lang='lat' dir='ltr'><strong>putat.</strong></span> <span class='ocrx_word' id='word_1_30' title='bbox 648 496 880 550; x_wconf 85' lang='lat' dir='ltr'><strong>Confringat</strong></span> <span class='ocrx_word' id='word_1_31' title='bbox 912 497 979 534; x_wconf 89' lang='lat' dir='ltr'><strong>iste</strong></span> <span class='ocrx_word' id='word_1_32' title='bbox 1011 496 1095 534; x_wconf 86' lang='lat' dir='ltr'><strong>sane</strong></span> <span class='ocrx_word' id='word_1_33' title='bbox 1128 497 1165 533; x_wconf 87' lang='lat' dir='ltr'><strong>vi</strong></span> <span class='ocrx_word' id='word_1_34' title='bbox 1200 496 1264 534; x_wconf 63' lang='lat' dir='ltr'><strong>sua</strong></span> <span class='ocrx_word' id='word_1_35' title='bbox 1295 495 1451 533; x_wconf 74' lang='lat' dir='ltr'><strong>consilia</strong></span> <span class='ocrx_word' id='word_1_36' title='bbox 1482 495 1692 538; x_wconf 63' lang='lat' dir='ltr'><strong>senatoria,</strong></span> 
     </span>
     <span class='ocr_line' id='line_1_7' title="bbox 284 561 1693 616; baseline -0.003 -14"><span class='ocrx_word' id='word_1_37' title='bbox 284 563 510 615; x_wconf 75' lang='lat' dir='ltr'><strong>quaestiones</strong></span> <span class='ocrx_word' id='word_1_38' title='bbox 531 564 713 602; x_wconf 87' lang='lat' dir='ltr'><strong>omnium</strong></span> <span class='ocrx_word' id='word_1_39' title='bbox 733 573 958 616; x_wconf 87' lang='lat' dir='ltr'>perrumpat</span> <span class='ocrx_word' id='word_1_40' title='bbox 973 582 984 608; x_wconf 82' lang='lat'>3</span> <span class='ocrx_word' id='word_1_41' title='bbox 1017 563 1142 601; x_wconf 88' lang='lat' dir='ltr'><strong>evolet</strong></span> <span class='ocrx_word' id='word_1_42' title='bbox 1163 577 1210 601; x_wconf 82' lang='lat' dir='ltr'><strong>ex</strong></span> <span class='ocrx_word' id='word_1_43' title='bbox 1231 562 1347 600; x_wconf 83' lang='lat' dir='ltr'><strong>vestra</strong></span> <span class='ocrx_word' id='word_1_44' title='bbox 1367 562 1574 599; x_wconf 77' lang='lat' dir='ltr'><strong>severitate.</strong></span> <span class='ocrx_word' id='word_1_45' title='bbox 1608 561 1693 599; x_wconf 82' lang='lat' dir='ltr'><strong>Mi-</strong></span> 
     </span>
     <span class='ocr_line' id='line_1_8' title="bbox 284 628 1694 683; baseline -0.001 -16"><span class='ocrx_word' id='word_1_46' title='bbox 284 628 327 667; x_wconf 91' lang='lat' dir='ltr'><strong>hi</strong></span> <span class='ocrx_word' id='word_1_47' title='bbox 348 631 504 675; x_wconf 83' lang='lat' dir='ltr'><strong>credite,</strong></span> <span class='ocrx_word' id='word_1_48' title='bbox 525 631 749 668; x_wconf 64' lang='lat' dir='ltr'><strong>arctioribus</strong></span> <span class='ocrx_word' id='word_1_49' title='bbox 782 631 883 683; x_wconf 87' lang='lat' dir='ltr'><strong>apud</strong></span> <span class='ocrx_word' id='word_1_50' title='bbox 903 631 1096 683; x_wconf 89' lang='lat' dir='ltr'><strong>populum</strong></span> <span class='ocrx_word' id='word_1_51' title='bbox 1118 630 1345 668; x_wconf 90' lang='lat' dir='ltr'><strong>Romanum</strong></span> <span class='ocrx_word' id='word_1_52' title='bbox 1377 628 1520 681; x_wconf 75' lang='lat' dir='ltr'><strong>laqueis</strong></span> <span class='ocrx_word' id='word_1_53' title='bbox 1543 628 1694 666; x_wconf 81' lang='lat' dir='ltr'><strong>tenebi-</strong></span> 
     </span>
     <span class='ocr_line' id='line_1_9' title="bbox 285 694 1696 750; baseline -0.001 -17"><span class='ocrx_word' id='word_1_54' title='bbox 285 705 361 734; x_wconf 90' lang='lat' dir='ltr'><strong>tur.</strong></span> <span class='ocrx_word' id='word_1_55' title='bbox 395 697 536 735; x_wconf 85' lang='lat' dir='ltr'><strong>Credet</strong></span> <span class='ocrx_word' id='word_1_56' title='bbox 566 697 612 735; x_wconf 85' lang='lat' dir='ltr'><strong>iis</strong></span> <span class='ocrx_word' id='word_1_57' title='bbox 643 697 842 749; x_wconf 78' lang='lat' dir='ltr'><strong>equitibus</strong></span> <span class='ocrx_word' id='word_1_58' title='bbox 875 697 1065 735; x_wconf 79' lang='lat' dir='ltr'><strong>Romanis</strong></span> <span class='ocrx_word' id='word_1_59' title='bbox 1096 696 1263 750; x_wconf 86' lang='lat' dir='ltr'><strong>populus</strong></span> <span class='ocrx_word' id='word_1_60' title='bbox 1298 696 1514 739; x_wconf 82' lang='lat' dir='ltr'><strong>Romanus,</strong></span> <span class='ocrx_word' id='word_1_61' title='bbox 1547 695 1615 747; x_wconf 88' lang='lat' dir='ltr'><strong>qui</strong></span> <span class='ocrx_word' id='word_1_62' title='bbox 1650 694 1696 731; x_wconf 78' lang='lat' dir='ltr'><strong>ad</strong></span> 
     </span>
     <span class='ocr_line' id='line_1_10' title="bbox 283 760 1695 815; baseline -0.002 -16"><span class='ocrx_word' id='word_1_63' title='bbox 283 773 349 800; x_wconf 88' lang='lat' dir='ltr'><strong>vos</strong></span> <span class='ocrx_word' id='word_1_64' title='bbox 370 771 478 800; x_wconf 88' lang='lat' dir='ltr'><strong>antea</strong></span> <span class='ocrx_word' id='word_1_65' title='bbox 507 762 685 815; x_wconf 54' lang='lat' dir='ltr'><strong>producti</strong></span> <span class='ocrx_word' id='word_1_66' title='bbox 706 762 829 807; x_wconf 82' lang='lat' dir='ltr'><strong>testes,</strong></span> <span class='ocrx_word' id='word_1_67' title='bbox 861 762 948 815; x_wconf 74' lang='lat' dir='ltr'><strong>ipsis</strong></span> <span class='ocrx_word' id='word_1_68' title='bbox 975 762 1275 815; x_wconf 57' lang='lat' dir='ltr'><strong>inspectantibus</strong></span> <span class='ocrx_word' id='word_1_69' title='bbox 1303 761 1350 799; x_wconf 87' lang='lat' dir='ltr'><strong>ab</strong></span> <span class='ocrx_word' id='word_1_70' title='bbox 1371 761 1441 798; x_wconf 93' lang='lat' dir='ltr'><strong>isto</strong></span> <span class='ocrx_word' id='word_1_71' title='bbox 1461 760 1588 798; x_wconf 88' lang='lat' dir='ltr'><strong>civem</strong></span> <span class='ocrx_word' id='word_1_72' title='bbox 1609 760 1695 797; x_wconf 89' lang='lat' dir='ltr'><strong>Ro-</strong></span> 
     </span>
     <span class='ocr_line' id='line_1_11' title="bbox 284 825 1696 881; baseline -0.002 -16"><span class='ocrx_word' id='word_1_73' title='bbox 284 840 460 873; x_wconf 88' lang='lat' dir='ltr'><strong>manum,</strong></span> <span class='ocrx_word' id='word_1_74' title='bbox 493 829 562 880; x_wconf 93' lang='lat' dir='ltr'><strong>qui</strong></span> <span class='ocrx_word' id='word_1_75' title='bbox 595 829 812 881; x_wconf 85' lang='lat' dir='ltr'><strong>cognitores</strong></span> <span class='ocrx_word' id='word_1_76' title='bbox 832 827 1012 867; x_wconf 83' lang='lat' dir='ltr'><strong>homines</strong></span> <span class='ocrx_word' id='word_1_77' title='bbox 1043 828 1220 867; x_wconf 85' lang='lat' dir='ltr'><strong>honestos</strong></span> <span class='ocrx_word' id='word_1_78' title='bbox 1248 828 1367 872; x_wconf 87' lang='lat' dir='ltr'><strong>daret,</strong></span> <span class='ocrx_word' id='word_1_79' title='bbox 1399 826 1595 864; x_wconf 85' lang='lat' dir='ltr'><strong>sublatum</strong></span> <span class='ocrx_word' id='word_1_80' title='bbox 1625 825 1696 863; x_wconf 82' lang='lat' dir='ltr'><strong>effe</strong></span> 
     </span>
     <span class='ocr_line' id='line_1_12' title="bbox 287 891 1696 934; baseline -0.001 -4"><span class='ocrx_word' id='word_1_81' title='bbox 287 893 328 930; x_wconf 92' lang='lat' dir='ltr'><strong>in</strong></span> <span class='ocrx_word' id='word_1_82' title='bbox 360 908 515 932; x_wconf 90' lang='lat' dir='ltr'><strong>crucem</strong></span> <span class='ocrx_word' id='word_1_83' title='bbox 547 895 742 933; x_wconf 77' lang='lat' dir='ltr'><strong>dixerunt.</strong></span> <span class='ocrx_word' id='word_1_84' title='bbox 791 896 961 934; x_wconf 89' lang='lat' dir='ltr'><strong>Credent</strong></span> <span class='ocrx_word' id='word_1_85' title='bbox 987 909 1121 933; x_wconf 81' lang='lat' dir='ltr'><strong>omnes</strong></span> <span class='ocrx_word' id='word_1_86' title='bbox 1155 909 1178 931; x_wconf 92' lang='lat' dir='ltr'><strong>v</strong></span> <span class='ocrx_word' id='word_1_87' title='bbox 1201 904 1239 932; x_wconf 93' lang='lat' dir='ltr'><strong>et</strong></span> <span class='ocrx_word' id='word_1_88' title='bbox 1262 908 1350 932; x_wconf 81' lang='lat' dir='ltr'><strong>xxx</strong></span> <span class='ocrx_word' id='word_1_89' title='bbox 1388 894 1510 931; x_wconf 86' lang='lat' dir='ltr'><strong>tribus</strong></span> <span class='ocrx_word' id='word_1_90' title='bbox 1542 891 1696 930; x_wconf 90' lang='lat' dir='ltr'><strong>homini</strong></span> 
     </span>
     <span class='ocr_line' id='line_1_13' title="bbox 286 957 1695 1012; baseline -0.001 -17"><span class='ocrx_word' id='word_1_91' title='bbox 286 959 516 1009; x_wconf 85' lang='lat' dir='ltr'><strong>graviffimo,</strong></span> <span class='ocrx_word' id='word_1_92' title='bbox 548 969 663 1011; x_wconf 86' lang='lat' dir='ltr'><strong>atque</strong></span> <span class='ocrx_word' id='word_1_93' title='bbox 697 961 933 998; x_wconf 86' lang='lat' dir='ltr'><strong>ornatiffimo</strong></span> <span class='ocrx_word' id='word_1_94' title='bbox 964 962 1027 999; x_wconf 88' lang='lat' dir='ltr'><strong>M.</strong></span> <span class='ocrx_word' id='word_1_95' title='bbox 1051 961 1199 1005; x_wconf 88' lang='lat' dir='ltr'><strong>Annio,</strong></span> <span class='ocrx_word' id='word_1_96' title='bbox 1232 961 1315 1012; x_wconf 90' lang='lat' dir='ltr'><strong>qui,</strong></span> <span class='ocrx_word' id='word_1_97' title='bbox 1347 960 1381 997; x_wconf 90' lang='lat' dir='ltr'><strong>se</strong></span> <span class='ocrx_word' id='word_1_98' title='bbox 1412 958 1605 1012; x_wconf 87' lang='lat' dir='ltr'><strong>praesente‚</strong></span> <span class='ocrx_word' id='word_1_99' title='bbox 1637 957 1695 995; x_wconf 92' lang='lat' dir='ltr'><strong>ci-</strong></span> 
     </span>
     <span class='ocr_line' id='line_1_14' title="bbox 286 1022 1697 1077; baseline -0.001 -16"><span class='ocrx_word' id='word_1_100' title='bbox 286 1036 374 1061; x_wconf 85' lang='lat' dir='ltr'><strong>vem</strong></span> <span class='ocrx_word' id='word_1_101' title='bbox 395 1025 621 1062; x_wconf 88' lang='lat' dir='ltr'><strong>Romanum</strong></span> <span class='ocrx_word' id='word_1_102' title='bbox 644 1025 764 1062; x_wconf 88' lang='lat' dir='ltr'><strong>securi</strong></span> <span class='ocrx_word' id='word_1_103' title='bbox 790 1025 1008 1077; x_wconf 79' lang='lat' dir='ltr'><strong>percussum</strong></span> <span class='ocrx_word' id='word_1_104' title='bbox 1039 1026 1110 1063; x_wconf 84' lang='lat' dir='ltr'><strong>effe</strong></span> <span class='ocrx_word' id='word_1_105' title='bbox 1130 1026 1243 1063; x_wconf 83' lang='lat' dir='ltr'><strong>dixit.</strong></span> <span class='ocrx_word' id='word_1_106' title='bbox 1286 1025 1480 1063; x_wconf 87' lang='lat' dir='ltr'><strong>Audietur</strong></span> <span class='ocrx_word' id='word_1_107' title='bbox 1510 1038 1530 1061; x_wconf 87' lang='lat' dir='ltr'><strong>a</strong></span> <span class='ocrx_word' id='word_1_108' title='bbox 1550 1022 1697 1076; x_wconf 90' lang='lat' dir='ltr'><strong>populo</strong></span> 
     </span>
     <span class='ocr_line' id='line_1_15' title="bbox 286 1088 1697 1142; baseline -0.001 -16"><span class='ocrx_word' id='word_1_109' title='bbox 286 1088 468 1127; x_wconf 89' lang='lat' dir='ltr'><strong>Romano</strong></span> <span class='ocrx_word' id='word_1_110' title='bbox 499 1091 557 1127; x_wconf 91' lang='lat' dir='ltr'><strong>vir</strong></span> <span class='ocrx_word' id='word_1_111' title='bbox 590 1090 808 1142; x_wconf 84' lang='lat' dir='ltr'><strong>primarius,</strong></span> <span class='ocrx_word' id='word_1_112' title='bbox 845 1104 960 1142; x_wconf 83' lang='lat' dir='ltr'><strong>eques</strong></span> <span class='ocrx_word' id='word_1_113' title='bbox 983 1092 1183 1128; x_wconf 84' lang='lat' dir='ltr'><strong>Romanus</strong></span> <span class='ocrx_word' id='word_1_114' title='bbox 1216 1091 1264 1128; x_wconf 87' lang='lat' dir='ltr'><strong>L.</strong></span> <span class='ocrx_word' id='word_1_115' title='bbox 1289 1091 1459 1134; x_wconf 84' lang='lat' dir='ltr'><strong>Flavius,</strong></span> <span class='ocrx_word' id='word_1_116' title='bbox 1495 1089 1563 1141; x_wconf 88' lang='lat' dir='ltr'><strong>qui</strong></span> <span class='ocrx_word' id='word_1_117' title='bbox 1584 1089 1697 1126; x_wconf 89' lang='lat' dir='ltr'><strong>suum</strong></span> 
     </span>
     <span class='ocr_line' id='line_1_16' title="bbox 286 1153 1696 1207; baseline 0.001 -16"><span class='ocrx_word' id='word_1_118' title='bbox 286 1153 519 1192; x_wconf 83' lang='lat' dir='ltr'><strong>familiarem</strong></span> <span class='ocrx_word' id='word_1_119' title='bbox 539 1156 802 1199; x_wconf 86' lang='lat' dir='ltr'><strong>Herennium,</strong></span> <span class='ocrx_word' id='word_1_120' title='bbox 838 1156 1118 1207; x_wconf 80' lang='lat' dir='ltr'><strong>negotiatorem</strong></span> <span class='ocrx_word' id='word_1_121' title='bbox 1150 1170 1197 1193; x_wconf 85' lang='lat' dir='ltr'><strong>ex</strong></span> <span class='ocrx_word' id='word_1_122' title='bbox 1218 1155 1365 1200; x_wconf 88' lang='lat' dir='ltr'><strong>Africa,</strong></span> <span class='ocrx_word' id='word_1_123' title='bbox 1397 1169 1491 1193; x_wconf 87' lang='lat' dir='ltr'><strong>cum</strong></span> <span class='ocrx_word' id='word_1_124' title='bbox 1512 1169 1603 1192; x_wconf 88' lang='lat' dir='ltr'><strong>eum</strong></span> <span class='ocrx_word' id='word_1_125' title='bbox 1625 1156 1696 1206; x_wconf 83' lang='lat' dir='ltr'><strong>Sy-</strong></span> 
     </span>
     <span class='ocr_line' id='line_1_17' title="bbox 286 1220 1695 1273; baseline 0.001 -16"><span class='ocrx_word' id='word_1_126' title='bbox 286 1220 424 1259; x_wconf 88' lang='lat' dir='ltr'><strong>racufis</strong></span> <span class='ocrx_word' id='word_1_127' title='bbox 469 1220 635 1273; x_wconf 87' lang='lat' dir='ltr'><strong>amplius</strong></span> <span class='ocrx_word' id='word_1_128' title='bbox 669 1229 829 1258; x_wconf 89' lang='lat' dir='ltr'><strong>centum</strong></span> <span class='ocrx_word' id='word_1_129' title='bbox 875 1221 975 1258; x_wconf 83' lang='lat' dir='ltr'><strong>cives</strong></span> <span class='ocrx_word' id='word_1_130' title='bbox 1011 1221 1182 1258; x_wconf 86' lang='lat' dir='ltr'><strong>Romani</strong></span> <span class='ocrx_word' id='word_1_131' title='bbox 1222 1221 1524 1273; x_wconf 84' lang='lat' dir='ltr'><strong>cognoscerent,</strong></span> <span class='ocrx_word' id='word_1_132' title='bbox 1570 1220 1695 1272; x_wconf 88' lang='lat' dir='ltr'><strong>lacry-</strong></span> 
     </span>
     <span class='ocr_line' id='line_1_18' title="bbox 284 1285 1697 1340; baseline 0 -16"><span class='ocrx_word' id='word_1_133' title='bbox 284 1286 510 1338; x_wconf 88' lang='lat' dir='ltr'><strong>mantesque</strong></span> <span class='ocrx_word' id='word_1_134' title='bbox 540 1285 803 1331; x_wconf 90' lang='lat' dir='ltr'><strong>defenderent,</strong></span> <span class='ocrx_word' id='word_1_135' title='bbox 834 1300 904 1340; x_wconf 92' lang='lat' dir='ltr'><strong>pro</strong></span> <span class='ocrx_word' id='word_1_136' title='bbox 938 1286 1158 1325; x_wconf 88' lang='lat' dir='ltr'><strong>testimonio</strong></span> <span class='ocrx_word' id='word_1_137' title='bbox 1178 1287 1278 1325; x_wconf 83' lang='lat' dir='ltr'><strong>dixit</strong></span> <span class='ocrx_word' id='word_1_138' title='bbox 1299 1286 1419 1324; x_wconf 87' lang='lat' dir='ltr'><strong>securi</strong></span> <span class='ocrx_word' id='word_1_139' title='bbox 1439 1285 1509 1324; x_wconf 82' lang='lat' dir='ltr'><strong>effe</strong></span> <span class='ocrx_word' id='word_1_140' title='bbox 1541 1286 1697 1339; x_wconf 89' lang='lat' dir='ltr'><strong>percus-</strong></span> 
     </span>
     <span class='ocr_line' id='line_1_19' title="bbox 283 1351 1694 1406; baseline 0 -16"><span class='ocrx_word' id='word_1_141' title='bbox 283 1352 382 1391; x_wconf 87' lang='lat' dir='ltr'><strong>sum.</strong></span> <span class='ocrx_word' id='word_1_142' title='bbox 415 1352 600 1391; x_wconf 85' lang='lat' dir='ltr'><strong>Probabit</strong></span> <span class='ocrx_word' id='word_1_143' title='bbox 630 1351 763 1398; x_wconf 82' lang='lat' dir='ltr'><strong>fidem,</strong></span> <span class='ocrx_word' id='word_1_144' title='bbox 799 1361 838 1390; x_wconf 92' lang='lat' dir='ltr'><strong>et</strong></span> <span class='ocrx_word' id='word_1_145' title='bbox 865 1353 1148 1398; x_wconf 62' lang='lat' dir='ltr'><strong>auctoritatem,</strong></span> <span class='ocrx_word' id='word_1_146' title='bbox 1179 1361 1217 1390; x_wconf 91' lang='lat' dir='ltr'><strong>et</strong></span> <span class='ocrx_word' id='word_1_147' title='bbox 1248 1352 1476 1406; x_wconf 87' lang='lat' dir='ltr'><strong>religionem</strong></span> <span class='ocrx_word' id='word_1_148' title='bbox 1508 1352 1613 1390; x_wconf 88' lang='lat' dir='ltr'><strong>suam</strong></span> <span class='ocrx_word' id='word_1_149' title='bbox 1645 1353 1694 1390; x_wconf 92' lang='lat' dir='ltr'><strong>L.</strong></span> 
     </span>
    </p>

    <p class='ocr_par' dir='ltr' id='par_1_5' title="bbox 263 1417 1697 1473">
     <span class='ocr_line' id='line_1_20' title="bbox 263 1417 1697 1473; baseline -0.001 -16"><span class='ocrx_word' id='word_1_150' title='bbox 263 1417 267 1421; x_wconf 73' lang='grc'><strong>”</strong></span> <span class='ocrx_word' id='word_1_151' title='bbox 286 1419 456 1464; x_wconf 89' lang='lat' dir='ltr'><strong>Suetius,</strong></span> <span class='ocrx_word' id='word_1_152' title='bbox 470 1418 608 1458; x_wconf 69' lang='lat' dir='ltr'><strong>‘homo</strong></span> <span class='ocrx_word' id='word_1_153' title='bbox 638 1418 823 1457; x_wconf 86' lang='lat' dir='ltr'><strong>omnibus</strong></span> <span class='ocrx_word' id='word_1_154' title='bbox 845 1419 1081 1458; x_wconf 86' lang='lat' dir='ltr'><strong>ornamentis</strong></span> <span class='ocrx_word' id='word_1_155' title='bbox 1100 1419 1297 1473; x_wconf 82' lang='lat' dir='ltr'><strong>praeditus,</strong></span> <span class='ocrx_word' id='word_1_156' title='bbox 1329 1419 1398 1472; x_wconf 90' lang='lat' dir='ltr'><strong>qui</strong></span> <span class='ocrx_word' id='word_1_157' title='bbox 1424 1420 1573 1471; x_wconf 85' lang='lat' dir='ltr'><strong>juratus</strong></span> <span class='ocrx_word' id='word_1_158' title='bbox 1594 1419 1697 1471; x_wconf 86' lang='lat' dir='ltr'><strong>apud</strong></span> 
     </span>
    </p>

    <p class='ocr_par' dir='ltr' id='par_1_6' title="bbox 284 1483 1697 1868">
     <span class='ocr_line' id='line_1_21' title="bbox 285 1483 1697 1537; baseline -0.001 -14"><span class='ocrx_word' id='word_1_159' title='bbox 285 1498 352 1524; x_wconf 93' lang='lat' dir='ltr'><strong>vos</strong></span> <span class='ocrx_word' id='word_1_160' title='bbox 383 1484 509 1530; x_wconf 84' lang='lat' dir='ltr'><strong>dixit,</strong></span> <span class='ocrx_word' id='word_1_161' title='bbox 541 1483 687 1523; x_wconf 89' lang='lat' dir='ltr'><strong>multos</strong></span> <span class='ocrx_word' id='word_1_162' title='bbox 720 1485 821 1523; x_wconf 86' lang='lat' dir='ltr'><strong>cives</strong></span> <span class='ocrx_word' id='word_1_163' title='bbox 856 1485 1056 1524; x_wconf 88' lang='lat' dir='ltr'><strong>Romanos</strong></span> <span class='ocrx_word' id='word_1_164' title='bbox 1086 1485 1126 1523; x_wconf 88' lang='lat' dir='ltr'><strong>in</strong></span> <span class='ocrx_word' id='word_1_165' title='bbox 1162 1485 1362 1523; x_wconf 86' lang='lat' dir='ltr'><strong>lautumiis</strong></span> <span class='ocrx_word' id='word_1_166' title='bbox 1393 1484 1500 1522; x_wconf 84' lang='lat' dir='ltr'><strong>istius</strong></span> <span class='ocrx_word' id='word_1_167' title='bbox 1532 1484 1697 1537; x_wconf 89' lang='lat' dir='ltr'><strong>imperio</strong></span> 
     </span>
     <span class='ocr_line' id='line_1_22' title="bbox 284 1550 1697 1604; baseline 0 -15"><span class='ocrx_word' id='word_1_168' title='bbox 284 1551 543 1590; x_wconf 89' lang='lat' dir='ltr'><strong>crudeliffime</strong></span> <span class='ocrx_word' id='word_1_169' title='bbox 576 1565 645 1604; x_wconf 90' lang='lat' dir='ltr'><strong>per</strong></span> <span class='ocrx_word' id='word_1_170' title='bbox 674 1551 758 1590; x_wconf 90' lang='lat' dir='ltr'><strong>vim</strong></span> <span class='ocrx_word' id='word_1_171' title='bbox 793 1560 919 1590; x_wconf 89' lang='lat' dir='ltr'><strong>morte</strong></span> <span class='ocrx_word' id='word_1_172' title='bbox 945 1551 1017 1590; x_wconf 83' lang='lat' dir='ltr'><strong>effe</strong></span> <span class='ocrx_word' id='word_1_173' title='bbox 1046 1552 1245 1591; x_wconf 86' lang='lat' dir='ltr'><strong>multatos.</strong></span> <span class='ocrx_word' id='word_1_174' title='bbox 1293 1552 1409 1590; x_wconf 86' lang='lat' dir='ltr'><strong>Hanc</strong></span> <span class='ocrx_word' id='word_1_175' title='bbox 1443 1558 1524 1604; x_wconf 83' lang='lat' dir='ltr'><strong>ego&#39;</strong></span> <span class='ocrx_word' id='word_1_176' title='bbox 1546 1550 1697 1589; x_wconf 86' lang='lat' dir='ltr'><strong>causam</strong></span> 
     </span>
     <span class='ocr_line' id='line_1_23' title="bbox 286 1616 1696 1670; baseline 0 -15"><span class='ocrx_word' id='word_1_177' title='bbox 286 1630 381 1656; x_wconf 88' lang='lat' dir='ltr'><strong>cum</strong></span> <span class='ocrx_word' id='word_1_178' title='bbox 411 1631 524 1670; x_wconf 87' lang='lat' dir='ltr'><strong>agam</strong></span> <span class='ocrx_word' id='word_1_179' title='bbox 557 1617 747 1656; x_wconf 88' lang='lat' dir='ltr'><strong>beneficio</strong></span> <span class='ocrx_word' id='word_1_180' title='bbox 776 1618 913 1670; x_wconf 89' lang='lat' dir='ltr'><strong>populi</strong></span> <span class='ocrx_word' id='word_1_181' title='bbox 947 1618 1133 1662; x_wconf 85' lang='lat' dir='ltr'><strong>Romani,</strong></span> <span class='ocrx_word' id='word_1_182' title='bbox 1178 1619 1225 1655; x_wconf 91' lang='lat' dir='ltr'><strong>de</strong></span> <span class='ocrx_word' id='word_1_183' title='bbox 1259 1618 1345 1656; x_wconf 90' lang='lat' dir='ltr'><strong>loco</strong></span> <span class='ocrx_word' id='word_1_184' title='bbox 1380 1616 1585 1670; x_wconf 88' lang='lat' dir='ltr'><strong>superiore,</strong></span> <span class='ocrx_word' id='word_1_185' title='bbox 1616 1632 1696 1656; x_wconf 87' lang='lat' dir='ltr'><strong>non</strong></span> 
     </span>
     <span class='ocr_line' id='line_1_24' title="bbox 285 1682 1694 1736; baseline -0.001 -14"><span class='ocrx_word' id='word_1_186' title='bbox 285 1697 430 1729; x_wconf 88' lang='lat' dir='ltr'><strong>vereor,</strong></span> <span class='ocrx_word' id='word_1_187' title='bbox 453 1697 500 1721; x_wconf 90' lang='lat' dir='ltr'><strong>ne</strong></span> <span class='ocrx_word' id='word_1_188' title='bbox 519 1692 585 1721; x_wconf 91' lang='lat' dir='ltr'><strong>aut</strong></span> <span class='ocrx_word' id='word_1_189' title='bbox 604 1683 722 1721; x_wconf 91' lang='lat' dir='ltr'><strong>istum</strong></span> <span class='ocrx_word' id='word_1_190' title='bbox 742 1684 798 1722; x_wconf 81' lang='lat' dir='ltr'><strong>vis</strong></span> <span class='ocrx_word' id='word_1_191' title='bbox 819 1683 899 1721; x_wconf 88' lang='lat' dir='ltr'><strong>ulla</strong></span> <span class='ocrx_word' id='word_1_192' title='bbox 917 1696 965 1721; x_wconf 80' lang='lat' dir='ltr'><strong>ex</strong></span> <span class='ocrx_word' id='word_1_193' title='bbox 984 1684 1122 1736; x_wconf 90' lang='lat' dir='ltr'><strong>populi</strong></span> <span class='ocrx_word' id='word_1_194' title='bbox 1141 1684 1313 1721; x_wconf 87' lang='lat' dir='ltr'><strong>Romani</strong></span> <span class='ocrx_word' id='word_1_195' title='bbox 1333 1682 1520 1735; x_wconf 80' lang='lat' dir='ltr'><strong>suffragiis</strong></span> <span class='ocrx_word' id='word_1_196' title='bbox 1537 1683 1694 1736; x_wconf 88' lang='lat' dir='ltr'><strong>eripere,</strong></span> 
     </span>
     <span class='ocr_line' id='line_1_25' title="bbox 286 1749 1696 1803; baseline 0 -15"><span class='ocrx_word' id='word_1_197' title='bbox 286 1760 352 1788; x_wconf 89' lang='lat' dir='ltr'><strong>aut</strong></span> <span class='ocrx_word' id='word_1_198' title='bbox 385 1764 405 1788; x_wconf 92' lang='lat' dir='ltr'><strong>a</strong></span> <span class='ocrx_word' id='word_1_199' title='bbox 436 1764 499 1788; x_wconf 88' lang='lat' dir='ltr'><strong>me</strong></span> <span class='ocrx_word' id='word_1_200' title='bbox 530 1750 659 1788; x_wconf 87' lang='lat' dir='ltr'><strong>ullum</strong></span> <span class='ocrx_word' id='word_1_201' title='bbox 680 1763 823 1788; x_wconf 86' lang='lat' dir='ltr'><strong>munus</strong></span> <span class='ocrx_word' id='word_1_202' title='bbox 859 1750 1050 1788; x_wconf 84' lang='lat' dir='ltr'><strong>aedilitatis</strong></span> <span class='ocrx_word' id='word_1_203' title='bbox 1071 1749 1253 1803; x_wconf 87' lang='lat' dir='ltr'><strong>amplius,</strong></span> <span class='ocrx_word' id='word_1_204' title='bbox 1284 1758 1349 1788; x_wconf 91' lang='lat' dir='ltr'><strong>aut</strong></span> <span class='ocrx_word' id='word_1_205' title='bbox 1372 1751 1516 1802; x_wconf 84' lang='lat' dir='ltr'><strong>gratius</strong></span> <span class='ocrx_word' id='word_1_206' title='bbox 1547 1750 1696 1802; x_wconf 89' lang='lat' dir='ltr'><strong>populo</strong></span> 
     </span>
     <span class='ocr_line' id='line_1_26' title="bbox 285 1815 704 1868; baseline -0.002 -14"><span class='ocrx_word' id='word_1_207' title='bbox 285 1816 467 1855; x_wconf 90' lang='lat' dir='ltr'><strong>Romano</strong></span> <span class='ocrx_word' id='word_1_208' title='bbox 487 1815 558 1853; x_wconf 82' lang='lat' dir='ltr'><strong>effe</strong></span> <span class='ocrx_word' id='word_1_209' title='bbox 578 1815 704 1868; x_wconf 84' lang='lat' dir='ltr'><strong>poffit.</strong></span> 
     </span>
    </p>

    <p class='ocr_par' dir='ltr' id='par_1_7' title="bbox 284 1880 1697 2528">
     <span class='ocr_line' id='line_1_27' title="bbox 341 1880 1697 1935; baseline -0.001 -14"><span class='ocrx_word' id='word_1_210' title='bbox 341 1883 414 1921; x_wconf 87' lang='lat' dir='ltr'><strong>VI.</strong></span> <span class='ocrx_word' id='word_1_211' title='bbox 447 1884 695 1935; x_wconf 86' lang='lat' dir='ltr'><strong>Qapropter</strong></span> <span class='ocrx_word' id='word_1_212' title='bbox 714 1894 848 1920; x_wconf 86' lang='lat' dir='ltr'><strong>omnes</strong></span> <span class='ocrx_word' id='word_1_213' title='bbox 869 1882 909 1920; x_wconf 90' lang='lat' dir='ltr'><strong>in</strong></span> <span class='ocrx_word' id='word_1_214' title='bbox 930 1880 1006 1920; x_wconf 93' lang='lat' dir='ltr'><strong>hoc</strong></span> <span class='ocrx_word' id='word_1_215' title='bbox 1021 1882 1173 1934; x_wconf 90' lang='lat' dir='ltr'><strong>judicio</strong></span> <span class='ocrx_word' id='word_1_216' title='bbox 1193 1891 1382 1921; x_wconf 89' lang='lat' dir='ltr'><strong>conentur</strong></span> <span class='ocrx_word' id='word_1_217' title='bbox 1401 1881 1534 1920; x_wconf 87' lang='lat' dir='ltr'><strong>omnia</strong></span> <span class='ocrx_word' id='word_1_218' title='bbox 1552 1897 1561 1920; x_wconf 89' lang='lat'>:</span> <span class='ocrx_word' id='word_1_219' title='bbox 1596 1880 1697 1920; x_wconf 90' lang='lat' dir='ltr'><strong>nihil</strong></span> 
     </span>
     <span class='ocr_line' id='line_1_28' title="bbox 284 1947 1696 2001; baseline -0.001 -15"><span class='ocrx_word' id='word_1_220' title='bbox 284 1948 448 2001; x_wconf 87' lang='lat' dir='ltr'><strong>estjam,</strong></span> <span class='ocrx_word' id='word_1_221' title='bbox 470 1948 575 2001; x_wconf 91' lang='lat' dir='ltr'><strong>quod</strong></span> <span class='ocrx_word' id='word_1_222' title='bbox 595 1948 636 1986; x_wconf 92' lang='lat' dir='ltr'><strong>in</strong></span> <span class='ocrx_word' id='word_1_223' title='bbox 656 1947 728 1986; x_wconf 88' lang='lat' dir='ltr'><strong>hac</strong></span> <span class='ocrx_word' id='word_1_224' title='bbox 762 1947 870 1986; x_wconf 87' lang='lat' dir='ltr'><strong>causa</strong></span> <span class='ocrx_word' id='word_1_225' title='bbox 895 1961 1052 2001; x_wconf 88' lang='lat' dir='ltr'><strong>peccare</strong></span> <span class='ocrx_word' id='word_1_226' title='bbox 1073 1947 1293 2001; x_wconf 89' lang='lat' dir='ltr'><strong>quisquam,</strong></span> <span class='ocrx_word' id='word_1_227' title='bbox 1314 1947 1487 1999; x_wconf 89' lang='lat' dir='ltr'><strong>Judices,</strong></span> <span class='ocrx_word' id='word_1_228' title='bbox 1523 1947 1592 1985; x_wconf 85' lang='lat' dir='ltr'><strong>nifi</strong></span> <span class='ocrx_word' id='word_1_229' title='bbox 1613 1948 1696 1985; x_wconf 89' lang='lat' dir='ltr'><strong>ves-</strong></span> 
     </span>
     <span class='ocr_line' id='line_1_29' title="bbox 286 2013 1697 2066; baseline -0.001 -14"><span class='ocrx_word' id='word_1_230' title='bbox 286 2023 346 2052; x_wconf 90' lang='lat' dir='ltr'><strong>tro</strong></span> <span class='ocrx_word' id='word_1_231' title='bbox 366 2014 552 2066; x_wconf 90' lang='lat' dir='ltr'><strong>periculo,</strong></span> <span class='ocrx_word' id='word_1_232' title='bbox 584 2014 709 2066; x_wconf 87' lang='lat' dir='ltr'><strong>poffit.</strong></span> <span class='ocrx_word' id='word_1_233' title='bbox 760 2015 854 2052; x_wconf 91' lang='lat' dir='ltr'><strong>Mea</strong></span> <span class='ocrx_word' id='word_1_234' title='bbox 874 2013 1033 2065; x_wconf 88' lang='lat' dir='ltr'><strong>quidem</strong></span> <span class='ocrx_word' id='word_1_235' title='bbox 1065 2014 1175 2058; x_wconf 88' lang='lat' dir='ltr'><strong>ratio,</strong></span> <span class='ocrx_word' id='word_1_236' title='bbox 1206 2027 1300 2052; x_wconf 88' lang='lat' dir='ltr'><strong>cum</strong></span> <span class='ocrx_word' id='word_1_237' title='bbox 1331 2014 1372 2051; x_wconf 90' lang='lat' dir='ltr'><strong>in</strong></span> <span class='ocrx_word' id='word_1_238' title='bbox 1403 2013 1604 2066; x_wconf 85' lang='lat' dir='ltr'><strong>praeteritis</strong></span> <span class='ocrx_word' id='word_1_239' title='bbox 1636 2027 1697 2051; x_wconf 91' lang='lat' dir='ltr'><strong>re-</strong></span> 
     </span>
     <span class='ocr_line' id='line_1_30' title="bbox 287 2079 1697 2132; baseline 0 -15"><span class='ocrx_word' id='word_1_240' title='bbox 287 2080 358 2117; x_wconf 84' lang='lat' dir='ltr'><strong>bus</strong></span> <span class='ocrx_word' id='word_1_241' title='bbox 379 2079 432 2117; x_wconf 91' lang='lat' dir='ltr'><strong>est</strong></span> <span class='ocrx_word' id='word_1_242' title='bbox 452 2080 619 2131; x_wconf 86' lang='lat' dir='ltr'><strong>cognita,</strong></span> <span class='ocrx_word' id='word_1_243' title='bbox 637 2089 723 2117; x_wconf 90' lang='lat' dir='ltr'><strong>tum</strong></span> <span class='ocrx_word' id='word_1_244' title='bbox 740 2079 779 2117; x_wconf 92' lang='lat' dir='ltr'><strong>in</strong></span> <span class='ocrx_word' id='word_1_245' title='bbox 800 2079 958 2131; x_wconf 84' lang='lat' dir='ltr'><strong>reliquis</strong></span> <span class='ocrx_word' id='word_1_246' title='bbox 980 2079 1188 2132; x_wconf 84' lang='lat' dir='ltr'><strong>explorata,</strong></span> <span class='ocrx_word' id='word_1_247' title='bbox 1210 2088 1325 2131; x_wconf 88' lang='lat' dir='ltr'><strong>atque</strong></span> <span class='ocrx_word' id='word_1_248' title='bbox 1344 2079 1492 2132; x_wconf 88' lang='lat' dir='ltr'><strong>provisa</strong></span> <span class='ocrx_word' id='word_1_249' title='bbox 1511 2079 1577 2117; x_wconf 91' lang='lat' dir='ltr'><strong>est.</strong></span> <span class='ocrx_word' id='word_1_250' title='bbox 1610 2080 1697 2132; x_wconf 89' lang='lat' dir='ltr'><strong>Ego</strong></span> 
     </span>
     <span class='ocr_line' id='line_1_31' title="bbox 287 2144 1696 2198; baseline 0 -16"><span class='ocrx_word' id='word_1_251' title='bbox 287 2159 422 2183; x_wconf 89' lang='lat' dir='ltr'><strong>meum</strong></span> <span class='ocrx_word' id='word_1_252' title='bbox 443 2144 612 2182; x_wconf 88' lang='lat' dir='ltr'><strong>studium</strong></span> <span class='ocrx_word' id='word_1_253' title='bbox 633 2145 673 2183; x_wconf 88' lang='lat' dir='ltr'><strong>in</strong></span> <span class='ocrx_word' id='word_1_254' title='bbox 694 2145 979 2197; x_wconf 87' lang='lat' dir='ltr'><strong>rempublicam</strong></span> <span class='ocrx_word' id='word_1_255' title='bbox 1005 2146 1089 2197; x_wconf 91' lang='lat' dir='ltr'><strong>jam</strong></span> <span class='ocrx_word' id='word_1_256' title='bbox 1120 2145 1188 2183; x_wconf 89' lang='lat' dir='ltr'><strong>illo</strong></span> <span class='ocrx_word' id='word_1_257' title='bbox 1216 2154 1389 2198; x_wconf 89' lang='lat' dir='ltr'><strong>tempore</strong></span> <span class='ocrx_word' id='word_1_258' title='bbox 1412 2145 1572 2189; x_wconf 89' lang='lat' dir='ltr'><strong>ostendi,</strong></span> <span class='ocrx_word' id='word_1_259' title='bbox 1604 2158 1696 2183; x_wconf 86' lang='lat' dir='ltr'><strong>cum</strong></span> 
     </span>
     <span class='ocr_line' id='line_1_32' title="bbox 287 2211 1695 2264; baseline -0.002 -14"><span class='ocrx_word' id='word_1_260' title='bbox 287 2212 406 2264; x_wconf 88' lang='lat' dir='ltr'><strong>longo</strong></span> <span class='ocrx_word' id='word_1_261' title='bbox 436 2211 637 2249; x_wconf 89' lang='lat' dir='ltr'><strong>intervallo</strong></span> <span class='ocrx_word' id='word_1_262' title='bbox 669 2221 838 2250; x_wconf 87' lang='lat' dir='ltr'><strong>veterem</strong></span> <span class='ocrx_word' id='word_1_263' title='bbox 866 2211 1184 2250; x_wconf 87' lang='lat' dir='ltr'><strong>consuetudinem</strong></span> <span class='ocrx_word' id='word_1_264' title='bbox 1220 2212 1366 2257; x_wconf 88' lang='lat' dir='ltr'><strong>retuli,</strong></span> <span class='ocrx_word' id='word_1_265' title='bbox 1398 2221 1436 2250; x_wconf 92' lang='lat' dir='ltr'><strong>et</strong></span> <span class='ocrx_word' id='word_1_266' title='bbox 1468 2222 1600 2264; x_wconf 80' lang='lat' dir='ltr'><strong>rogatu</strong></span> <span class='ocrx_word' id='word_1_267' title='bbox 1635 2211 1695 2247; x_wconf 91' lang='lat' dir='ltr'><strong>so-</strong></span> 
     </span>
     <span class='ocr_line' id='line_1_33' title="bbox 286 2277 1696 2330; baseline -0.004 -14"><span class='ocrx_word' id='word_1_268' title='bbox 286 2277 439 2316; x_wconf 87' lang='lat' dir='ltr'><strong>ciorum</strong></span> <span class='ocrx_word' id='word_1_269' title='bbox 474 2287 589 2330; x_wconf 83' lang='lat' dir='ltr'><strong>atque</strong></span> <span class='ocrx_word' id='word_1_270' title='bbox 619 2277 836 2316; x_wconf 83' lang='lat' dir='ltr'><strong>amicorum</strong></span> <span class='ocrx_word' id='word_1_271' title='bbox 870 2278 1006 2330; x_wconf 82' lang='lat' dir='ltr'><strong>populi</strong></span> <span class='ocrx_word' id='word_1_272' title='bbox 1039 2278 1225 2323; x_wconf 88' lang='lat' dir='ltr'><strong>Romani,</strong></span> <span class='ocrx_word' id='word_1_273' title='bbox 1257 2291 1434 2316; x_wconf 89' lang='lat' dir='ltr'><strong>meorum</strong></span> <span class='ocrx_word' id='word_1_274' title='bbox 1466 2286 1594 2314; x_wconf 89' lang='lat' dir='ltr'><strong>autem</strong></span> <span class='ocrx_word' id='word_1_275' title='bbox 1627 2287 1696 2312; x_wconf 88' lang='lat' dir='ltr'><strong>ne-</strong></span> 
     </span>
     <span class='ocr_line' id='line_1_34' title="bbox 287 2340 1696 2391; baseline -0.002 -11"><span class='ocrx_word' id='word_1_276' title='bbox 287 2342 545 2388; x_wconf 84' lang='lat' dir='ltr'><strong>ceffariorum,</strong></span> <span class='ocrx_word' id='word_1_277' title='bbox 576 2356 720 2381; x_wconf 88' lang='lat' dir='ltr'><strong>nomen</strong></span> <span class='ocrx_word' id='word_1_278' title='bbox 755 2341 927 2381; x_wconf 85' lang='lat' dir='ltr'><strong>hominis</strong></span> <span class='ocrx_word' id='word_1_279' title='bbox 961 2343 1197 2382; x_wconf 82' lang='lat' dir='ltr'><strong>audaciffimi</strong></span> <span class='ocrx_word' id='word_1_280' title='bbox 1228 2343 1365 2381; x_wconf 89' lang='lat' dir='ltr'><strong>detuli.</strong></span> <span class='ocrx_word' id='word_1_281' title='bbox 1409 2340 1527 2391; x_wconf 87' lang='lat' dir='ltr'><strong>Qod</strong></span> <span class='ocrx_word' id='word_1_282' title='bbox 1561 2352 1696 2378; x_wconf 87' lang='lat' dir='ltr'><strong>meum</strong></span> 
     </span>
     <span class='ocr_line' id='line_1_35' title="bbox 290 2406 1696 2462; baseline 0.001 -18"><span class='ocrx_word' id='word_1_283' title='bbox 290 2407 436 2446; x_wconf 58' lang='lat' dir='ltr'><strong>factum</strong></span> <span class='ocrx_word' id='word_1_284' title='bbox 458 2408 650 2447; x_wconf 67' lang='lat' dir='ltr'><strong>leffiffimi</strong></span> <span class='ocrx_word' id='word_1_285' title='bbox 671 2409 755 2455; x_wconf 89' lang='lat' dir='ltr'><strong>viri,</strong></span> <span class='ocrx_word' id='word_1_286' title='bbox 779 2418 893 2462; x_wconf 88' lang='lat' dir='ltr'><strong>atque</strong></span> <span class='ocrx_word' id='word_1_287' title='bbox 913 2409 1154 2454; x_wconf 72' lang='lat' dir='ltr'><strong>ornatissimi,</strong></span> <span class='ocrx_word' id='word_1_288' title='bbox 1189 2410 1285 2460; x_wconf 88' lang='lat' dir='ltr'><strong>(quo</strong></span> <span class='ocrx_word' id='word_1_289' title='bbox 1306 2408 1344 2444; x_wconf 88' lang='lat' dir='ltr'><strong>in</strong></span> <span class='ocrx_word' id='word_1_290' title='bbox 1368 2419 1528 2443; x_wconf 84' lang='lat' dir='ltr'><strong>numero</strong></span> <span class='ocrx_word' id='word_1_291' title='bbox 1549 2418 1567 2442; x_wconf 91' lang='lat' dir='ltr'><strong>e</strong></span> <span class='ocrx_word' id='word_1_292' title='bbox 1588 2406 1696 2445; x_wconf 80' lang='lat' dir='ltr'><strong>vobis</strong></span> 
     </span>
     <span class='ocr_line' id='line_1_36' title="bbox 290 2470 1695 2528; baseline 0 -20"><span class='ocrx_word' id='word_1_293' title='bbox 290 2473 507 2523; x_wconf 88' lang='lat' dir='ltr'><strong>complures</strong></span> <span class='ocrx_word' id='word_1_294' title='bbox 538 2472 662 2525; x_wconf 85' lang='lat' dir='ltr'><strong>fuere)</strong></span> <span class='ocrx_word' id='word_1_295' title='bbox 694 2475 747 2512; x_wconf 91' lang='lat' dir='ltr'><strong>ita</strong></span> <span class='ocrx_word' id='word_1_296' title='bbox 767 2475 991 2528; x_wconf 89' lang='lat' dir='ltr'><strong>probarunt,</strong></span> <span class='ocrx_word' id='word_1_297' title='bbox 1023 2484 1066 2512; x_wconf 89' lang='lat' dir='ltr'><strong>ut</strong></span> <span class='ocrx_word' id='word_1_298' title='bbox 1101 2475 1149 2518; x_wconf 93' lang='lat' dir='ltr'><strong>ei,</strong></span> <span class='ocrx_word' id='word_1_299' title='bbox 1180 2472 1247 2524; x_wconf 89' lang='lat' dir='ltr'><strong>qui</strong></span> <span class='ocrx_word' id='word_1_300' title='bbox 1276 2471 1381 2507; x_wconf 87' lang='lat' dir='ltr'><strong>istius</strong></span> <span class='ocrx_word' id='word_1_301' title='bbox 1404 2470 1580 2521; x_wconf 77' lang='lat' dir='ltr'><strong>Qaestor</strong></span> <span class='ocrx_word' id='word_1_302' title='bbox 1599 2470 1695 2509; x_wconf 81' lang='lat' dir='ltr'><strong>fuis-</strong></span> 
     </span>
    </p>
   </div>
   <div class='ocr_carea' id='block_1_3' title="bbox 292 2536 1697 2642">
    <p class='ocr_par' dir='ltr' id='par_1_8' title="bbox 292 2536 1697 2642">
     <span class='ocr_line' id='line_1_37' title="bbox 292 2536 1697 2592; baseline 0 -19"><span class='ocrx_word' id='word_1_303' title='bbox 292 2536 357 2581; x_wconf 85' lang='lat' dir='ltr'><strong>set,</strong></span> <span class='ocrx_word' id='word_1_304' title='bbox 389 2546 426 2573; x_wconf 92' lang='lat' dir='ltr'><strong>et</strong></span> <span class='ocrx_word' id='word_1_305' title='bbox 455 2538 501 2574; x_wconf 89' lang='lat' dir='ltr'><strong>ab</strong></span> <span class='ocrx_word' id='word_1_306' title='bbox 522 2538 591 2576; x_wconf 91' lang='lat' dir='ltr'><strong>isto</strong></span> <span class='ocrx_word' id='word_1_307' title='bbox 612 2539 719 2579; x_wconf 82' lang='lat' dir='ltr'><strong>laesus</strong></span> <span class='ocrx_word' id='word_1_308' title='bbox 749 2541 971 2578; x_wconf 77' lang='lat' dir='ltr'><strong>inimicitias</strong></span> <span class='ocrx_word' id='word_1_309' title='bbox 997 2539 1116 2592; x_wconf 87' lang='lat' dir='ltr'><strong>justas</strong></span> <span class='ocrx_word' id='word_1_310' title='bbox 1147 2536 1446 2592; x_wconf 88' lang='lat' dir='ltr'><strong>persequeretur,</strong></span> <span class='ocrx_word' id='word_1_311' title='bbox 1479 2550 1557 2576; x_wconf 87' lang='lat' dir='ltr'><strong>non</strong></span> <span class='ocrx_word' id='word_1_312' title='bbox 1578 2536 1697 2574; x_wconf 87' lang='lat' dir='ltr'><strong>modo</strong></span> 
     </span>
     <span class='ocr_line' id='line_1_38' title="bbox 376 2603 1394 2642; baseline 0 -2"><span class='ocrx_word' id='word_1_313' title='bbox 376 2604 414 2640; x_wconf 92' lang='lat' dir='ltr'>T</span> <span class='ocrx_word' id='word_1_314' title='bbox 430 2616 452 2640; x_wconf 83' lang='lat' dir='ltr'><strong>o</strong></span> <span class='ocrx_word' id='word_1_315' title='bbox 470 2615 522 2641; x_wconf 82' lang='lat' dir='ltr'><strong>M.</strong></span> <span class='ocrx_word' id='word_1_316' title='bbox 555 2604 626 2642; x_wconf 87' lang='lat' dir='ltr'><strong>IV.</strong></span> <span class='ocrx_word' id='word_1_317' title='bbox 1357 2603 1394 2640; x_wconf 93' lang='lat' dir='ltr'>V</span> 
     </span>
    </p>
   </div>
  </div>
 </body>
</html>
