2201 2792
433 171 508 210 502
928 156 1333 196 ORATIO

431 254 466 292 se
487 254 571 292 suos
604 262 767 292 armatos
789 253 998 299 adduxisse,
1030 254 1212 292 dixerunt
1231 268 1240 292 :
1272 254 1390 292 etiam
1411 252 1487 292 hoc
1508 252 1675 306 amplius
1692 271 1705 298 3
1736 265 1831 290 cum

431 321 616 358 AEbutius
635 320 798 358 Caecinae
814 320 962 357 malum
979 320 1205 364 minaretur,
1219 319 1276 357 ibi
1297 329 1382 357 tum
1399 320 1596 358 Caecinam
1617 318 1830 372 postulaffe,

431 396 474 424 ut
494 387 668 425 moribus
689 387 869 424 deduffio
900 385 1020 424 fieret.
1052 387 1145 424 Hoc
1176 385 1279 424 idem
1301 387 1346 424 P.
1370 385 1544 424 Rutilius
1579 386 1692 430 dixit,
1728 394 1766 423 et
1786 398 1832 422 eo

430 453 615 491 libentius
637 453 750 497 dixit,
788 461 831 490 ut
866 452 996 504 aliquo
1016 452 1057 489 in
1085 451 1237 504 judicio
1270 453 1352 504 ejus
1387 451 1608 490 testimonio
1637 451 1833 489 creditum

432 528 643 570 putaretur.
676 519 769 556 Duo
788 526 969 570 praeterea
999 518 1108 556 testes
1141 517 1241 556 nihil
1263 518 1309 556 de
1330 519 1382 563 vi,
1409 518 1473 556 sed
1494 518 1540 556 de
1559 531 1598 556 re
1619 517 1699 570 ipsa
1717 527 1834 570 atque

431 585 631 638 emptione
651 583 777 629 fundi,
801 584 1005 628 dixerunt3
1030 585 1074 622 P.
1095 584 1331 628 Caesennius,
1352 585 1483 622 auctor
1502 583 1630 628 fundi,
1653 597 1731 621 non
1752 592 1834 620 tam

432 652 654 689 auctoritate
674 651 793 704 gravi,
816 664 934 702 quam
954 664 1128 703 corpore,
1148 660 1185 688 et
1205 651 1437 703 argentarius
1459 651 1546 689 Sex.
1571 650 1748 695 Clodius,
1770 649 1833 688 cui

431 731 576 755 nomen
606 717 659 755 est
686 716 888 762 Phormio,
927 731 997 755 nec
1029 718 1159 755 minus
1192 718 1314 769 niger,
1351 731 1421 755 nec
1454 717 1584 755 minus
1617 716 1831 761 confidens,

431 798 549 836 quam
571 785 638 822 ille
659 785 917 821 Terentianus
944 784 997 821 est
1018 783 1207 822 Phormio
1226 798 1235 822 :
1268 783 1369 821 nihil
1390 784 1436 821 de
1457 785 1495 822 vi
1515 784 1709 829 dixerunt,
1731 783 1833 822 nihil

430 859 623 902 pra-terea,
647 849 752 902 quod
772 849 817 886 ad
839 849 1006 887 vestrum
1021 849 1220 901 judicium
1241 849 1462 902 pertineret.

486 917 657 955 Decimo
677 929 766 954 vero
787 915 874 954 loco
895 916 997 954 testis
1018 918 1253 968 expectatus,
1285 925 1323 954 et
1355 916 1400 954 ad
1421 925 1643 954 extremum
1670 914 1833 954 reserva-

431 992 506 1028 tus,
530 983 643 1028 dixit,
665 982 812 1020 senator
832 982 970 1035 populi
998 983 1184 1027 Romani,
1208 982 1384 1036 splendor
1403 983 1563 1028 ordinis,
1586 983 1702 1021 decus
1718 991 1834 1034 atque

430 1060 705 1088 ornamentum
721 1049 978 1102 judiciorum,
1009 1049 1208 1102 exemplar
1239 1050 1408 1102 antiquae
1434 1049 1647 1103 religionis,
1670 1049 1833 1088 Fidicu-

429 1117 554 1155 lanius
584 1116 743 1155 Falcula
762 1131 770 1154 :
803 1117 873 1169 qui
894 1130 987 1154 cum
1008 1117 1060 1155 ita
1081 1115 1289 1155 vehemens
1311 1131 1473 1170 acerque
1493 1116 1665 1161 veniffet,
1690 1125 1734 1154 ut
1753 1129 1834 1154 non

430 1183 550 1221 modo
572 1182 768 1221 Caecinam
790 1183 959 1235 perjurio
990 1182 1057 1220 suo
1077 1182 1243 1227 laederet,
1277 1183 1340 1220 sed
1371 1183 1489 1222 etiam
1521 1182 1622 1220 mihi
1642 1183 1835 1220 videretur

430 1249 565 1294 irasci,-
598 1249 651 1287 ita
671 1262 762 1287 eum
782 1249 982 1301 placidum
1004 1249 1245 1301 mollemque
1277 1249 1440 1294 reddidi,
1476 1259 1518 1287 ut
1553 1263 1631 1287 non
1663 1249 1831 1292 auderet,

430 1316 527 1354 ficut
548 1315 794 1360 meministis,
816 1316 959 1353 iterum
981 1315 1120 1360 dicere,
1154 1325 1250 1368 quot
1276 1316 1402 1353 millia
1421 1314 1564 1353 fundus
1586 1315 1674 1353 suus
1695 1314 1834 1353 abess‘et

431 1383 477 1420 ab
499 1383 606 1420 urbe.
629 1383 751 1427 Nam,
769 1395 861 1420 cum
884 1381 1034 1420 dixisset
1049 1383 1179 1420 minus
1201 1382 1320 1420 abeffe
1340 1396 1441 1426 L111,
1462 1382 1629 1435 populus
1646 1396 1740 1420 cum
1758 1380 1834 1420 risu

432 1448 674 1493 acclamavit,
707 1447 786 1500 ipsa
816 1447 884 1485 effe
903 1463 911 1486 :
944 1448 1204 1486 meminerant
1233 1449 1342 1486 enim
1375 1463 1529 1493 omnes,
1565 1458 1758 1501 quantum
1791 1449 1833 1486 in

433 1515 603 1553 Albiano
617 1514 770 1567 judicio
790 1514 1003 1568 accepisset.

488 1582 535 1618 In
555 1594 647 1619 eum
669 1580 763 1633 quid
784 1581 927 1626 dicam,
960 1580 1028 1618 nifi
1050 1580 1103 1626 id,
1135 1580 1241 1633 quod
1261 1595 1397 1634 negare
1417 1595 1495 1620 non
1517 1581 1629 1634 posfit
1647 1581 1660 1618 ?
1696 1580 1836 1619 veniffe

432 1646 473 1684 in
499 1646 704 1684 confilium
732 1646 899 1699 publicae
920 1646 1153 1698 quaestionis,
1189 1661 1282 1686 cum
1312 1649 1393 1700 ejus
1425 1647 1574 1686 confilii
1601 1647 1725 1699 judex
1755 1660 1836 1685 non

432 1713 544 1752 esset:
577 1722 616 1751 et
642 1713 682 1751 in
704 1727 748 1751 eo
768 1714 942 1759 confilio,
979 1728 1072 1752 cum
1104 1714 1255 1753 causam
1288 1729 1367 1753 non
1398 1714 1571 1760 audiffet,
1599 1724 1637 1752 et
1671 1713 1834 1768 potestas

432 1779 521 1818 effet
543 1780 770 1833 ampliandi,
803 1780 949 1826 dixisse,
965 1781 1045 1833 sibi
1060 1781 1218 1835 liquere.-
1249 1782 1345 1821 dum
1376 1782 1575 1835 incognita
1595 1794 1634 1819 re
1661 1780 1836 1833 judicare

434 1846 622 1893 voluiffet,
659 1846 832 1885 maluisse
863 1847 1136 1894 condemnare,
1172 1863 1291 1901 quam
1311 1848 1530 1887 absolvere:
1563 1862 1670 1893 cum,
1702 1848 1729 1885 fi
1756 1860 1835 1884 uno

433 1913 564 1950 minus
585 1913 824 1957 damnarent,
855 1913 1105 1952 condemnari
1131 1928 1214 1952 reus
1235 1929 1314 1952 non
1337 1913 1471 1967 posset,
1503 1928 1581 1953 non
1601 1914 1648 1952 ad
1669 1913 1833 1966 cognos-

433 1980 596 2018 cendam
617 1980 783 2024 causam,
814 1979 876 2017 sed
895 1980 942 2018 ad
972 1980 1203 2033 explendam
1224 1981 1529 2027 damnationem,
1554 1980 1687 2034 praesto
1707 1979 1832 2018 fuiffe.

435 2048 582 2085 Utrum
602 2047 753 2098 gravius
774 2047 922 2099 aliquid
942 2047 982 2085 in
999 2048 1226 2101 quempiam
1243 2048 1320 2086 dici
1340 2048 1477 2101 potest,
1497 2062 1616 2101 quam
1633 2048 1679 2086 ad
1699 2046 1836 2086 homi-.

433 2126 525 2150 nem
547 2112 904 2158 condemnandum,
936 2127 1054 2165 quem
1085 2128 1288 2167 nunquam
1309 2114 1470 2160 vidiffet,
1504 2128 1630 2167 neque
1661 2113 1834 2158 audiffet,

434 2178 644 2216 adductum
666 2179 790 2231 pretio
809 2178 881 2216 effe
900 2181 912 2216 ?
935 2182 1000 2217 An
1021 2181 1163 2219 certius
1185 2181 1400 2234 quidquam
1422 2181 1541 2234 objici
1562 2180 1698 2233 potest,
1716 2193 1833 2232 quam

433 2245 541 2298 quod
561 2245 606 2290 is,
629 2245 693 2283 cui
711 2245 908 2298 objicitur,
937 2260 984 2284 ne
1014 2256 1114 2285 nutu
1135 2248 1295 2300 quidem
1315 2247 1510 2286 infirmare
1530 2256 1689 2285 conatur
1708 2247 1720 2283 ?
1753 2246 1833 2283 Ve-

433 2321 639 2349 runtamen
661 2312 692 2350 is
715 2312 832 2358 testis,
856 2321 898 2351 ut
918 2311 1031 2351 facile
1051 2313 1332 2366 intelligeretis,
1355 2328 1446 2351 eum
1467 2327 1545 2351 non
1565 2311 1722 2350 adfuisse
1748 2312 1833 2350 ani-

433 2392 515 2422 mo,
539 2392 631 2416 cum
652 2379 698 2416 ab
719 2379 795 2417 illis
816 2379 925 2417 causa
944 2389 1130 2433 ageretur,
1152 2380 1336 2432 testesque
1356 2380 1539 2424 dicerent,
1572 2379 1633 2417 sed
1655 2378 1835 2432 tantisper

435 2445 481 2482 de
501 2445 632 2497 aliquo
664 2459 726 2484 reo
747 2446 952 2499 cogitasse,
985 2461 1079 2486 cum
1109 2461 1244 2486 omnes
1273 2457 1359 2485 ante
1379 2461 1467 2485 eum
1501 2445 1678 2485 dixissent
1709 2446 1832 2491 testes,

435 2521 600 2551 armatos
621 2526 714 2552 cum
735 2514 900 2553 AEbutio
930 2513 1041 2554 fuiffe
1067 2514 1303 2568 complures,
1336 2514 1436 2553 solus
1464 2514 1578 2559 dixit,
1609 2527 1687 2552 non
1706 2512 1830 2552 fuiffe.
