2201 2792
572 222 916 263 ACTIONIS
959 222 1013 261 ΙΙ.
1072 222 1283 262 LIBER
1314 223 1368 262 ΙΙ.
1595 238 1673 279 ²29

273 329 328 366 At
360 337 474 378 eques
495 324 711 369 Romanus,
747 324 816 376 qui
836 325 1041 376 Sopatrum
1070 321 1256 367 defendit,
1293 322 1363 374 qui
1389 322 1572 361 omnibus
1592 325 1673 376 ejus

272 391 453 436 consiliis,
475 389 661 442 rebusque
681 389 872 434 interfuit,
895 389 1168 441 QMinutius
1183 389 1333 441 juratus
1354 389 1450 427 dicit
1469 391 1675 441 pecuniam

272 457 398 496 datam
416 476 428 502 ς
454 459 603 509 juratus
624 456 720 494 dicit
748 455 1043 494 Timarchidem
1064 455 1210 499 dixiffe,
1246 456 1433 507 majorem
1454 455 1500 492 ab
1521 456 1673 493 accusa-

270 524 418 562 toribus
438 523 643 576 pecuniam
665 522 757 560 dari.
790 522 935 560 Dicent
955 521 1029 560 hoc
1051 521 1171 559 Siculi
1190 534 1349 566 omnes3
1381 522 1511 559 dicent
1539 535 1675 560 omnes

272 589 537 634 Halicienses3
570 590 672 627 dicet
698 589 814 626 etiam
837 597 1080 641 praetextatus
1103 588 1252 640 Sopatri
1283 587 1400 633 filius,
1437 588 1505 640 qui
1531 589 1577 626 ab
1604 589 1676 626 isto

271 654 433 694 homine
467 656 739 700 crudeliffimo,
776 665 880 708 patre
910 654 1221 693 innocentiffimo
1234 684 1245 700 ,
1282 655 1523 708 pecuniaque
1555 655 1676 708 patria

271 723 440 774 privatus
460 723 528 760 est.

327 788 490 833 Verum,
525 788 550 826 fi
586 788 632 826 de
666 789 827 842 pecunia
863 788 1018 827 testibus
1052 789 1213 842 planum
1242 787 1365 826 facere
1400 802 1478 827 non
1513 788 1674 841 poffem,

270 853 371 892 illud
391 868 525 908 negare
550 854 686 907 posses,
717 865 782 894 aut
811 869 916 893 nunc
944 856 1116 908 negabis,
1147 865 1198 899 te,
1231 855 1388 893 confilio
1419 865 1486 893 tuo
1507 855 1673 901 dimisso,

270 921 361 959 viris
397 922 602 973 primariis,
634 923 704 974 qui
732 923 772 960 in
806 922 965 960 consilio
996 923 1045 960 C.
1074 922 1286 960 Sacerdotis
1318 921 1482 967 fuerant,
1524 922 1675 974 tibique

271 987 341 1025 effe
361 987 545 1033 solebant,
568 990 739 1033 remotis,
760 989 806 1026 de
827 1003 865 1026 re
879 988 1269 1041 judicatajudicaffe?
1293 998 1406 1041 teque
1423 1003 1532 1034 eum,
1554 1003 1674 1041 quem

272 1054 321 1092 C.
337 1055 529 1100 Sacerdos,
544 1054 718 1093 adhibito
739 1055 912 1100 consilio,
929 1056 1036 1093 causa
1054 1057 1224 1108 cognita,
1244 1055 1468 1101 absolvisset,
1490 1056 1671 1100 eundem,

271 1129 421 1158 remoto
441 1121 614 1165 consilio,
646 1121 754 1158 causa
775 1121 985 1173 incognita,
1006 1121 1272 1159 condemnasse
1290 1123 1302 1159 ?
1336 1123 1440 1159 Cum
1472 1121 1554 1159 haec
1575 1135 1671 1160 con-

270 1184 384 1223 feffus
405 1187 492 1231 eris,
525 1200 610 1238 quae
641 1186 681 1223 in
701 1185 785 1224 foro
805 1187 931 1239 palam
960 1188 1160 1238 Syracusis,
1192 1188 1233 1224 in
1253 1201 1329 1232 ore,
1352 1197 1466 1239 atque
1486 1188 1526 1225 in
1548 1188 1672 1226 oculis

270 1252 476 1304 provinciae
495 1252 595 1304 gesta
614 1252 700 1290 sunt
716 1270 729 1297 3
761 1262 898 1304 negato
919 1252 1017 1297 sane,
1049 1253 1075 1290 si
1097 1253 1214 1298 voles,
1238 1255 1439 1305 pecuniam
1462 1253 1642 1306 accepiffe
1661 1270 1670 1292 :

271 1319 448 1371 reperies,
470 1319 597 1364 credo,
619 1319 804 1371 aliquem,
838 1320 919 1371 qui,
942 1333 1034 1358 cum
1055 1319 1151 1365 haec,
1183 1334 1268 1372 quae
1298 1320 1422 1372 palam
1441 1321 1542 1373 gesta
1571 1320 1672 1366 sunt,

254 1385 410 1430 videat,
443 1395 586 1438 quaerat
620 1386 714 1437 quid
736 1395 778 1424 tu
798 1386 950 1424 occulte
970 1387 1118 1438 egeris;
1151 1396 1215 1424 aut
1242 1387 1308 1438 qui
1340 1386 1504 1431 dubitet,
1541 1396 1673 1424 utrum

271 1451 383 1490 malit
403 1453 499 1490 meis
522 1452 694 1497 testibus,
725 1466 771 1490 an
793 1453 868 1490 tuis
889 1452 1166 1497 defensoribus,
1188 1453 1352 1491 credere.
1391 1453 1486 1491 Dixi
1501 1454 1582 1505 jam
1603 1466 1674 1490 an-

271 1526 344 1563 tea,
361 1518 534 1570 Judices,
554 1531 616 1556 me
636 1532 714 1557 non
734 1519 865 1557 onmia
881 1519 1001 1564 istius,
1020 1534 1104 1572 quae
1125 1520 1165 1557 in
1181 1518 1256 1557 hoc
1272 1533 1409 1572 genere
1427 1519 1556 1565 effent,
1574 1533 1673 1558 enu-

270 1594 522 1629 meraturum,
543 1584 605 1622 sed
624 1584 835 1622 electurum
856 1599 910 1630 ea,
932 1599 1017 1637 quae
1037 1586 1207 1623 maxime
1227 1585 1471 1623 excellerent.

327 1650 519 1688 XXXIV.
556 1650 736 1701 Accipite
755 1664 859 1687 nunc
879 1651 983 1688 aliud
1015 1652 1095 1701 ejus
1130 1650 1278 1688 facinus
1300 1651 1444 1695 nobile,
1479 1660 1516 1688 et
1536 1651 1673 1690 multis

272 1715 367 1753 locis
389 1716 482 1768 saepe
498 1725 847 1754 commemoratum
865 1735 876 1761 ;
899 1725 936 1754 et
956 1717 1157 1768 ejusmodi,
1176 1726 1218 1754 ut
1239 1717 1279 1753 in
1300 1730 1378 1754 uno
1398 1717 1530 1754 omnia
1550 1718 1672 1754 male-

271 1781 359 1820 ficia
384 1782 495 1820 inesse
527 1782 738 1820 videantur.
770 1782 973 1820 Attendite
1004 1783 1234 1835 diligenter:
1266 1782 1468 1820 invenietis
1499 1783 1603 1820 enim
1632 1783 1673 1821 id

269 1847 419 1886 facinus
442 1860 575 1886 natum
596 1862 616 1885 a
635 1848 859 1901 cupiditate,
878 1850 1033 1886 aue‘tum
1050 1863 1114 1901 per
1134 1849 1323 1901 stuprum,
1338 1849 1563 1886 crudelitate
1582 1862 1671 1901 per-

271 1912 419 1952 feC’rum
439 1924 552 1967 atque
573 1914 813 1952 conclusum.
837 1913 1016 1952 Sthenius
1034 1914 1087 1951 est
1103 1914 1149 1958 is,
1164 1914 1233 1966 qui
1252 1914 1364 1952 nobis
1383 1913 1526 1959 affidet,
1540 1913 1672 1952 Ther-

272 1982 457 2025 mitanus,
490 1990 597 2018 antea
617 1981 751 2018 multis
782 1990 937 2033 propter
956 1980 1149 2018 summam
1171 1981 1367 2024 virtutem,
1401 1980 1674 2032 summamque

271 2047 530 2090 nobilitatem,
563 2061 666 2084 nunc
690 2057 846 2099 propter
865 2046 969 2084 suam
992 2047 1266 2091 calamitatem,
1294 2056 1408 2099 atque
1429 2047 1533 2085 istius
1554 2047 1672 2099 infig-

271 2126 363 2151 nem
384 2113 578 2164 injuriam,
601 2114 781 2150 omnibus
803 2122 929 2151 notus.
977 2114 1108 2165 Hujus
1129 2112 1296 2165 hospitio
1315 2114 1451 2151 Verres
1473 2127 1564 2151 cum
1584 2113 1674 2151 effet

272 2179 374 2223 usus,
407 2188 444 2215 et
464 2192 555 2216 cum
577 2179 677 2230 apud
697 2192 786 2216 eum
808 2193 884 2216 non
907 2179 1025 2216 modo
1045 2177 1231 2216 Thermis
1253 2179 1509 2231 saepenumero
1529 2179 1670 2223 fuisset,

271 2245 332 2282 sed
353 2245 469 2282 etiam
490 2243 713 2288 habitaffet;
737 2245 854 2282 domo
870 2245 950 2296 ejus
970 2245 1101 2283 omnia
1120 2245 1288 2289 abstulit,
1310 2259 1394 2297 quae
1416 2245 1530 2297 paulo
1549 2245 1671 2296 magis

272 2311 447 2348 animum
483 2310 696 2363 cujuspiam
715 2339 726 2355 ‚
762 2320 826 2348 aut
857 2311 988 2349 oculos
1026 2311 1170 2363 possent
1203 2325 1460 2349 commovere.
1511 2310 1671 2347 Etenim

274 2375 453 2414 Sthenius
474 2377 519 2414 ab
540 2376 790 2415 adolescentia
817 2377 931 2429 paulo
950 2377 1150 2415 studiosius
1171 2377 1252 2414 haec
1273 2384 1520 2427 compararat,
1542 2375 1669 2427 supel-

273 2442 440 2479 lectilem
460 2456 505 2480 ex
527 2456 596 2480 aere
615 2443 901 2495 elegantiorem,
934 2452 970 2480 et
987 2443 1186 2480 Deliacam
1208 2451 1244 2478 et
1263 2441 1523 2484 Corinthiam,
1556 2440 1670 2478 tabu-

274 2506 326 2543 las
348 2508 479 2558 pistas,
511 2509 627 2545 etiam
660 2509 806 2560 argenti
835 2509 929 2546 bene
950 2507 1053 2551 faeti,
1085 2516 1199 2559 prout
1220 2505 1467 2544 Thermitani
1498 2505 1669 2545 hominis

272 2570 469 2610 facultates
500 2572 685 2618 ferebant,
721 2574 820 2612 satis.
867 2575 977 2623 Qae,
1009 2586 1100 2610 cum
1132 2572 1219 2610 effet
1249 2572 1288 2609 in
1323 2572 1411 2610 Asia
1441 2571 1671 2617 adolescens,
