2201 2792
558 178 904 220 ACTIONIS
945 181 1000 220 11.
1059 181 1271 222 LIBER
1301 186 1354 225 11.
1583 202 1662 246 ²47

257 278 528 320 Timarchides
548 279 589 318 in
609 292 743 318 omnes
763 279 951 326 civitates,
983 290 1141 334 accepto
1167 282 1305 335 pretio,
1338 283 1520 324 Censores
1541 286 1661 326 dimi—

257 347 317 386 fit.
351 347 535 392 Comitia,
557 345 628 384 isto
643 346 822 393 Praetore,
845 346 1074 393 Censorum,
1096 361 1143 386 ne
1162 348 1367 388 simulandi
1387 351 1548 404 quidem
1568 367 1660 392 cau-

255 412 304 458 sa,
330 412 502 452 fuerunt.

310 479 399 518 LV.
431 481 519 531 Jam
539 477 615 516 hoc
635 478 990 532 impudentissime:
1021 481 1148 534 palam
1172 481 1337 534 (licebat
1356 484 1462 523 enim
1482 484 1662 524 videlicet

254 544 423 598 legibus)
458 545 615 598 singulis
636 545 868 584 Censor-ibus
889 547 1033 585 denarii
1053 548 1215 586 trecenti
1235 549 1280 587 ad
1300 549 1461 589 statuam
1483 552 1659 591 Praetoris

252 610 431 664 imperati
464 611 566 650 sunt.
613 611 795 650 Censores
832 625 949 650 cxxx
981 612 1072 651 faeti
1103 613 1204 652 sunt.
1250 616 1460 654 Pecuniam
1479 617 1589 656 illam
1608 620 1660 657 ob

253 677 451 716 censuram
484 686 616 716 contra
647 677 748 730 leges
783 678 885 717 clam
919 678 1105 718 dederunt
1121 698 1133 725 ς
1164 679 1248 719 haec
1278 681 1478 721 denariam
1515 697 1657 724 xxxix

252 743 378 782 millia
395 744 521 797 palam
542 744 649 782 salvis
670 744 820 797 legibus
840 746 1091 784 contulerunt
1111 747 1152 785 in
1173 747 1347 787 statuam.
1380 750 1559 788 Primum
1580 766 1660 804 quo

251 817 396 848 tantam
418 810 624 862 pecuniam
643 810 656 846 ?
688 810 826 848 deinde
845 812 1100 863 quamobrem
1122 813 1303 852 Censores
1335 814 1380 852 ad
1404 815 1564 855 statuam
1586 818 1659 855 tibi

250 875 527 914 conferebant?
559 875 651 914 ordo
669 876 824 927 aliquis,
857 877 1071 916 Censorum
1091 878 1144 916 est
1173 879 1412 932 collegium?
1443 895 1564 934 genus
1585 884 1658 921 ali-

250 942 357 994 quod
386 941 628 980 hominum?
666 956 757 981 nam
786 953 851 981 aut
881 944 1038 996 publice
1069 945 1240 983 civitates
1272 946 1360 985 istos
1391 946 1555 986 honores
1585 949 1657 987 ha-

251 1008 372 1054 bent;
415 1018 479 1047 aut
508 1011 719 1061 generatim
750 1009 944 1055 homines,
977 1020 1020 1048 ut
1049 1021 1223 1057 aratores,
1261 1022 1304 1050 ut
1337 1024 1581 1061 mercatores,
1613 1026 1657 1055 ut

250 1075 487 1113 navicularii.
520 1074 703 1113 Censores
724 1076 884 1128 quidem
912 1077 981 1128 qui
1001 1078 1138 1130 magis,
1169 1092 1287 1130 quam
1309 1081 1434 1118 aediles
1453 1082 1466 1118 ?
1500 1082 1565 1120 Ob
1587 1083 1655 1121 be-

247 1141 467 1179 neficium?
509 1154 598 1194 ergo
631 1140 707 1180 hoc
741 1141 930 1187 fatebere,
962 1143 1027 1182 abs
1057 1153 1094 1181 te
1128 1143 1210 1182 haec
1244 1146 1363 1198 petita
1401 1146 1501 1192 effe,
1547 1148 1654 1200 (nam

247 1216 379 1260 empta
410 1221 490 1245 non
518 1208 674 1246 audebis
696 1209 838 1260 dicere)
875 1219 911 1246 te
931 1223 994 1247 eos
1016 1210 1255 1262 magistratus
1277 1211 1503 1252 hominibus
1534 1215 1654 1254 bene-

246 1273 341 1319 ficii,
372 1288 451 1312 non
486 1274 722 1327 reIpublicae‚
764 1274 871 1312 causa
903 1276 1137 1327 permisisse?
1179 1277 1255 1315 hoc
1284 1288 1414 1317 autem
1444 1293 1536 1318 cum
1571 1291 1654 1320 tute

245 1339 428 1385 fatebere,
459 1340 663 1393 quisquam
695 1340 902 1386 dubitabit,
934 1342 1030 1394 quin
1050 1351 1092 1380 tu
1111 1342 1220 1381 istam
1248 1345 1348 1397 apud
1368 1346 1532 1398 populos
1562 1362 1653 1400 pro-

246 1407 383 1446 Vinciae
410 1406 513 1445 istius
542 1407 728 1445 invidiam
760 1416 874 1460 atque
903 1408 1167 1454 offenfionem,
1200 1424 1277 1448 non
1311 1412 1550 1459 ambitionis,
1581 1428 1652 1452 ne-

247 1487 323 1526 que
343 1472 620 1511 beneficiorum
641 1473 977 1520 collocandorum,
987 1474 1049 1513 sed
1069 1476 1241 1528 pecuniae
1261 1478 1523 1525 conciliandae,
1545 1481 1653 1519 causa

245 1539 448 1593 susceperis
467 1540 481 1578 ?

301 1607 435 1658 Itaque
455 1605 513 1644 illi
535 1605 718 1645 Censores
750 1606 924 1646 fecerunt
944 1607 1062 1653 idem,
1095 1609 1203 1660 quod
1233 1609 1281 1647 in
1306 1610 1429 1648 nostra
1454 1612 1653 1664 republica

246 1671 366 1710 solent
386 1673 428 1717 ii,
459 1673 526 1725 qui
547 1686 613 1725 per
632 1673 878 1725 largitionem
899 1675 1138 1726 magistratus
1165 1677 1291 1728 adepti
1320 1676 1432 1715 sunt:
1465 1678 1652 1718 dederunt

245 1752 415 1792 operam,
432 1748 475 1777 ut
495 1740 547 1776 ita
568 1739 791 1791 potestatem
816 1750 1002 1792 gererent,
1022 1750 1064 1779 ut
1083 1741 1191 1779 illam
1213 1742 1392 1780 lacunam
1412 1744 1465 1781 rei
1478 1743 1648 1783 familia-

244 1806 296 1843 ris
327 1805 538 1858 explerent.
571 1805 632 1842 Sic
667 1805 799 1844 census
830 1805 986 1844 habitus
1018 1807 1083 1852 est,
1116 1817 1152 1845 te
1184 1809 1360 1853 Praetore,
1393 1819 1500 1847 uteo
1534 1812 1649 1850 censu

243 1871 388 1910 nullius
408 1871 574 1909 civitatis
595 1871 808 1924 respubHca
826 1872 946 1925 poffet
964 1873 1229 1912 administrari.
1263 1875 1368 1913 Nam
1395 1876 1650 1928 locupletiffi-

243 1937 300 1974 mi
320 1936 505 1989 cujusque
525 1936 658 1975 census
690 1946 952 1982 extenuarant,
983 1938 1193 1977 tenuiffimi
1216 1949 1410 1978 auxerant.
1454 1942 1588 1994 Itaque
1607 1944 1650 1981 in

244 2002 399 2040 tributis
419 2002 652 2055 imperandis
674 2012 826 2041 tantum
846 2006 971 2043 oneris
991 2006 1096 2058 plebi
1116 2005 1401 2058 imponebatur,
1425 2016 1480 2052 ut,
1501 2009 1648 2047 etiamfi

243 2067 421 2107 homines
452 2078 634 2113 tacerent,
665 2083 721 2107 res
756 2070 834 2122 ipsa
863 2071 978 2110 illum
1010 2072 1166 2110 censum
1197 2073 1435 2125 repudiaret:
1468 2074 1508 2112 id
1543 2075 1648 2127 quod

243 2135 409 2187 intelligi
428 2134 614 2174 facillime
635 2149 672 2173 re
692 2136 770 2188 ipsa
790 2137 924 2188 potest.

298 2201 406 2239 LVI.
450 2201 558 2239 Nam
594 2203 641 2240 L.
676 2203 886 2248 Metellus,
919 2204 1010 2256 qui,
1041 2204 1285 2257 posteaquam
1321 2219 1392 2258 ego
1426 2207 1646 2258 inquirendi

241 2267 351 2306 causa
370 2268 409 2305 in
431 2268 604 2306 Siciliam
620 2269 720 2313 veni,
750 2279 904 2321 repente
925 2271 1059 2308 Letilii
1090 2271 1267 2317 adventu,
1302 2272 1408 2311 istius
1430 2287 1505 2310 non
1529 2273 1644 2310 modo

242 2333 403 2378 amicus,
427 2347 560 2372 verum
580 2334 696 2372 etiam
717 2345 901 2387 cognatus
921 2335 1042 2374 factus
1063 2337 1139 2382 est,
1177 2338 1223 2382 is,
1241 2338 1344 2389 quod
1366 2337 1517 2374 videbat
1537 2337 1643 2375 istius

242 2399 398 2437 censum
429 2399 520 2437 stare
551 2400 660 2438 nullo
693 2401 812 2439 modo
846 2401 960 2454 poffe,
1002 2416 1092 2440 eum
1122 2402 1280 2440 censum
1311 2402 1496 2439 observari
1519 2402 1643 2454 juffit,

243 2464 311 2515 qui
331 2465 412 2503 viro
432 2465 649 2511 fortiffimo‚
680 2477 793 2520 atque
827 2469 1138 2507 innocentiffimo
1165 2470 1249 2506 Sex.
1272 2468 1457 2505 Peducaeo
1480 2468 1642 2506 Praetore

242 2527 396 2568 habitus
427 2531 527 2570 effct.
566 2533 687 2571 Erant
720 2535 825 2573 enim
858 2544 942 2572 turn
966 2533 1148 2572 Censores
1183 2533 1332 2585 legibus
1369 2532 1473 2579 faeti,
1504 2534 1642 2573 delecti
