2201 2792
607 187 1042 228 ACTroNrsn.
1102 187 1313 227 LIBER
1357 190 1407 228 v.
1628 207 1705 247 429

359 286 513 326 Deinde
543 299 612 324 cur
631 286 846 339 quidquam
878 296 1012 325 contra
1032 286 1134 340 leges
1155 287 1290 340 parasti
1309 288 1320 324 ?
1353 287 1506 326 Valeret
1533 287 1607 326 hoc
1628 291 1706 328 cri-

303 366 393 392 men
415 355 454 392 in
474 352 542 390 illa
562 353 679 390 veteri
697 353 906 398 severitate,
940 367 981 391 ac
1002 354 1190 406 dignitate
1216 355 1453 407 reipublicae.
1487 354 1607 392 Nunc
1630 369 1708 394 non

303 420 422 459 modo
442 429 480 458 te
499 419 575 458 hoc
596 421 761 458 crimine
792 434 870 458 non
892 434 1037 473 arguo,
1069 421 1130 459 sed
1153 435 1199 459 ne
1225 422 1292 460 illa
1313 422 1471 474 quidem
1502 424 1708 460 communi

302 488 584 542 vituperatione
606 487 857 541 reprehendo.
892 488 1089 527 Postremo
1120 497 1161 527 tu
1184 489 1256 527 tibi
1287 488 1363 527 hoc
1397 503 1600 542 nunquam
1622 498 1706 528 tur-

301 567 364 606 pe,
396 567 600 606 nunquam
631 554 899 599 criminosum,
938 568 1143 607 nunquam
1172 555 1406 594 invidiosum
1439 555 1521 594 fore
1552 557 1706 610 putasti,

245 614 257 619 ,
302 621 558 658 celeberrimo
578 620 665 658 loco
680 620 807 672 palam
829 620 901 658 tibi
918 620 1096 659 aedificari
1111 623 1322 660 onerariam
1338 635 1476 660 navem
1497 623 1537 660 in
1559 637 1601 660 ea
1615 635 1707 676 pro-

302 688 441 732 vincia,
464 701 583 740 quam
607 696 649 724 tu
670 700 762 725 cum
784 687 951 741 imperio
982 689 1216 727 obtinebas?
1249 690 1358 742 Qid
1389 704 1452 728 eos
1484 690 1608 743 loqui,
1640 692 1708 743 qui

301 756 508 800 videbant;
540 756 635 808 quid
656 756 872 794 existimare
891 770 969 802 eos,
1003 758 1071 810 qui
1091 758 1311 803 audiebant,
1334 759 1591 796 arbitrabare?
1624 760 1707 796 ina-

301 836 393 862 nem
425 832 463 861 te
500 837 636 861 navem
667 823 739 861 effe
774 824 815 862 in
852 824 1004 863 Italiam
1040 825 1295 863 deduemrum
1315 827 1327 862 Ρ
1360 826 1633 864 naviculariam
1656 836 1706 871 te,

302 903 397 927 cum
432 890 604 927 Romam
638 889 811 936 veniffes,
843 890 913 928 effe
939 890 1163 930 faeturum?
1195 892 1260 930 Ne
1290 892 1388 930 illud
1420 893 1579 944 quidem
1600 893 1706 945 quis-

302 969 421 1008 quam
443 964 590 1008 poterat
610 955 803 1008 suspicari,
828 965 864 994 te
884 956 1025 995 habere
1055 958 1095 996 in
1115 958 1225 996 Italia
1257 959 1499 997 maritimum
1521 958 1706 1004 fundum,

302 1031 342 1060 et
373 1023 420 1060 ad
451 1022 600 1061 fruetus
631 1022 885 1076 deportandos
917 1025 1128 1063 onerariam
1151 1039 1286 1063 navem
1308 1028 1559 1079 comparare?
1592 1028 1706 1079 Ejus-

303 1090 412 1128 modi
432 1090 479 1128 de
501 1098 538 1128 te
558 1090 711 1128 voluisti
730 1090 948 1129 sermonem
968 1092 1039 1130 effe
1060 1094 1256 1138 omnium,
1287 1093 1413 1146 palam
1437 1103 1478 1131 ut
1499 1094 1707 1146 loqueren-

303 1165 380 1201 tur,
412 1166 450 1195 te
469 1157 577 1195 illam
600 1171 736 1196 navem
767 1172 910 1211 parare,
942 1173 1027 1211 quae
1047 1160 1214 1212 praedam
1247 1174 1294 1198 ex
1327 1161 1455 1199 Sicilia
1476 1162 1705 1214 deportaret,

301 1232 341 1261 et
361 1237 446 1275 quae
465 1223 512 1260 ad
531 1236 574 1260 ea
593 1222 709 1268 furta,
732 1238 818 1276 quae
837 1225 1062 1277 reliquiffes,
1081 1238 1315 1264 commearet
1334 1228 1347 1264 ,Ρ

364 1289 513 1328 Verum
544 1288 626 1327 haec
647 1291 792 1336 omnia,
826 1293 851 1328 fi
873 1291 1001 1337 doces,
1035 1306 1171 1330 navem
1203 1293 1249 1330 de
1270 1303 1336 1331 tua
1356 1294 1519 1346 pecunia
1539 1294 1706 1332 aedifica-

303 1365 398 1405 tam,
421 1357 592 1402 remitto,
624 1365 740 1409 atque
760 1358 945 1396 concedo.
979 1360 1051 1397 Sed
1072 1358 1161 1405 hoc,
1194 1359 1316 1398 homo
1337 1361 1604 1406 amentiffime,
1628 1376 1706 1399 non

302 1424 489 1477 intelligis
520 1424 647 1477 priore
667 1425 816 1462 afflone
840 1425 886 1463 ab
918 1426 1006 1477 ipsis
1028 1426 1110 1464 istis
1128 1427 1204 1465 tuis
1227 1428 1475 1466 Mamertinis
1498 1428 1706 1467 laudatori-

302 1491 375 1529 bus
397 1491 467 1529 effe
483 1491 677 1529 sublatum
694 1491 706 1527 ?
730 1491 836 1529 Nam
855 1492 955 1529 dixit
974 1493 1113 1538 Heius,
1132 1494 1310 1547 princeps
1327 1495 1506 1539 civitatis,
1528 1496 1706 1548 princeps

302 1557 408 1595 istius
429 1557 647 1610 legationis,
670 1571 755 1610 quae
772 1558 818 1595 ad
839 1567 946 1596 tuam
968 1559 1228 1598 laudationem
1250 1561 1356 1598 miffa
1376 1561 1442 1606 est,
1476 1575 1610 1599 navem
1635 1562 1706 1599 tibi

302 1624 427 1676 operis
452 1623 621 1676 publicis
643 1624 973 1662 Mamertinorum
1004 1624 1075 1662 effe
1106 1626 1348 1672 aedificatam,
1382 1629 1494 1679 eique
1525 1627 1707 1665 faciendae

302 1689 514 1727 senatorem
536 1690 822 1727 Mamertinum
844 1691 1001 1743 publice
1022 1691 1220 1744 praefuiss‘e.
1246 1693 1412 1746 Reliqua
1433 1693 1484 1730 est
1502 1694 1703 1731 materies:

302 1756 403 1794 hanc
424 1755 630 1809 Rheginis,
665 1767 708 1795 ut
739 1757 807 1810 ipfi
829 1758 979 1803 dicunt,
1019 1758 1183 1810 (tametsl
1222 1769 1263 1797 tu
1296 1774 1432 1813 negare
1466 1774 1542 1798 non
1576 1762 1702 1813 potes)

301 1823 472 1877 publice,
494 1824 599 1876 quod
621 1824 852 1862 Mamertini
873 1826 1073 1863 materiem
1095 1840 1172 1864 non
1191 1825 1349 1872 habent,
1372 1827 1618 1880 imperavisti.

357 1891 473 1929 XIX.
508 1891 546 1928 Si
567 1898 605 1928 et
626 1903 673 1928 ex
693 1904 772 1943 quo
794 1891 838 1928 fit
859 1892 978 1937 navis,
1001 1902 1039 1930 et
1059 1893 1127 1945 qui
1156 1892 1319 1938 faciunt,
1344 1894 1507 1946 imperio
1529 1894 1600 1932 tibi
1623 1903 1704 1938 tuo,

303 1968 381 1994 non
399 1957 536 2009 pretio,
567 1957 702 2009 praesto
730 1956 911 2003 fuerunt3
945 1958 1013 1996 ubi
1034 1959 1190 1997 tandem
1211 1960 1307 1998 istuc
1329 1960 1434 2005 latet,
1466 1960 1570 2012 quod
1591 1970 1633 1998 tu
1660 1960 1708 1998 de

303 2031 369 2059 tua
388 2023 551 2075 pecunia
571 2023 667 2061 dicis
688 2024 909 2076 impensum
930 2025 942 2061 ?
965 2027 1020 2063 At
1040 2026 1271 2065 Mamertini
1292 2027 1332 2064 in
1350 2027 1491 2065 tabulis
1514 2026 1612 2065 nihil
1634 2026 1705 2064 ha-

302 2090 410 2128 bent.
443 2089 621 2128 Primum
645 2090 756 2127 video
776 2091 938 2143 potuifi‘e
974 2091 1068 2137 fieri,
1102 2101 1146 2130 ut
1176 2106 1223 2131 ex
1256 2094 1384 2132 aerario
1417 2093 1516 2132 nihil
1543 2094 1703 2132 darent:

300 2156 446 2194 etenim
468 2156 526 2194 vel
549 2156 806 2209 Capitolium,
843 2157 938 2195 ficut
959 2158 1059 2211 apud
1081 2160 1241 2212 majores
1276 2160 1422 2198 nostros
1456 2159 1602 2199 factum
1634 2160 1700 2205 est,

301 2222 459 2275 publice
479 2223 619 2261 coactis
640 2222 773 2269 fabris,
795 2225 994 2277 operisque
1015 2225 1226 2279 imperatis,
1248 2227 1364 2279 gratis
1385 2227 1624 2271 exaedificari,
1646 2235 1705 2263 at—

297 2302 372 2341 que
392 2289 495 2327 effici
512 2290 654 2342 potuit.
678 2291 830 2329 Deinde
850 2291 889 2329 id
905 2305 1065 2345 quoque
1081 2293 1281 2346 perspicio,
1300 2293 1421 2345 (quod
1439 2303 1476 2330 et
1492 2292 1701 2337 ostendam,

303 2368 396 2393 cum
417 2356 505 2394 istos
527 2357 760 2410 produxero)
782 2358 951 2411 ipsorum
968 2373 1015 2397 ex
1036 2359 1169 2404 literis,
1186 2360 1326 2398 multas
1345 2359 1522 2412 pecunias
1540 2358 1598 2395 isti
1615 2371 1702 2396 ero-

303 2431 420 2473 gatas,
442 2423 482 2458 in
513 2436 674 2474 operum
695 2424 904 2463 locationes
925 2425 1047 2471 falsas,
1080 2435 1194 2478 atque
1215 2427 1343 2462 inanes
1371 2424 1441 2462 effe
1461 2424 1699 2477 perscriptas.

304 2488 393 2539 Jam
424 2487 522 2525 illud
559 2489 724 2527 minime
758 2490 905 2528 mirum
940 2490 1006 2536 est,
1044 2491 1317 2535 Mamertinos,
1354 2503 1373 2527 a
1404 2504 1483 2542 quo
1503 2490 1702 2529 summum
