2201 2792
395 153 468 189 πμ
823 139 909 176 IN
981 139 1362 178 VERREM

389 253 471 279 reus
493 253 540 278 ne
559 239 741 283 elabatur,
764 237 962 276 summum
983 238 1200 290 periculum
1220 238 1286 275 est.
1334 237 1442 289 Qid
1461 236 1512 275 est
1532 236 1665 290 igitur,
1686 236 1793 288 quod

389 307 470 345 fieri
491 306 629 359 poffit?
661 318 739 342 non
759 303 979 347 obscurum,
1011 304 1161 356 opinor,
1193 318 1316 356 neque
1336 304 1620 342 absconditum.
1665 304 1790 341 Fruc-

389 382 476 410 tum
506 372 622 410 istum
652 371 787 414 laudis,
820 371 887 421 qui
923 384 968 407 ex
1000 379 1182 422 perpetua
1212 370 1382 407 oratione
1402 370 1548 422 percipi
1578 369 1720 422 potuit,
1750 369 1792 405 in

388 439 461 476 alja
481 447 654 490 tempora
674 436 932 479 reservemus,
964 449 1067 473 nunc
1097 434 1301 472 hominem
1325 435 1478 480 tabulis,
1508 435 1678 479 testibus,
1709 434 1791 486 pri-

387 504 483 542 vatis
504 502 746 556 publicisque
765 502 899 545 literis,
921 501 1284 552 auctoritatibusque
1300 501 1534 538 accusemus.
1566 501 1643 538 Res
1663 500 1791 537 omnis

387 570 488 609 mihi
510 579 639 607 tecum
660 569 743 612 erit,
777 568 972 605 Hortensi.
1020 568 1162 604 Dicam
1184 576 1323 619 aperte.
1363 567 1400 605 Si
1423 576 1458 604 te
1480 580 1636 604 mecum
1657 565 1790 603 dicen-

387 637 452 681 do,
484 649 525 674 ac
547 634 738 673 diluendis
759 634 987 671 criminibus
1020 634 1058 670 in
1091 632 1162 670 hac
1194 633 1301 670 causa
1321 633 1552 671 contendere
1585 640 1790 684 putarem3

386 717 459 755 ego
493 715 648 755 quoque
679 701 719 738 in
754 700 991 744 accusando,
1038 709 1151 751 atque
1186 700 1226 736 in
1261 699 1498 752 explicandis
1530 698 1789 741 criminibuS,

386 782 543 822 operam
577 767 857 806 consumerem.
891 767 1026 810 Nunc,
1056 766 1242 818 quoniam
1276 779 1446 818 pugnare
1477 774 1611 803 contra
1637 777 1700 802 me
1727 764 1790 800 in-

386 835 554 880 stituisti,
569 848 646 872 non
668 843 746 872 tam
768 847 815 871 ex
836 843 899 870 tua
920 842 1066 877 natura,
1089 846 1206 885 quam
1228 846 1274 870 ex
1296 833 1400 870 istius
1418 842 1590 885 tempore
1610 840 1647 869 et
1667 830 1789 874 causa,

386 900 601 945 malitiose5
646 898 789 937 neceffe
815 899 867 936 est
902 899 1113 937 istiusmodi
1147 899 1283 936 rationi
1310 899 1439 951 aliquo
1473 898 1632 936 consilio
1673 896 1789 934 obsis-

386 977 479 1006 tere.
511 968 600 1005 Tua
620 966 716 1003 ratio
747 965 812 1009 est,
845 973 887 1001 ut
908 964 1119 1002 secundum
1151 964 1262 1001 binos
1296 964 1406 1001 ludos
1439 963 1539 1001 mihi
1567 961 1791 1014 respondere

385 1034 575 1086 incipias,
608 1045 706 1076 mea,
741 1039 783 1068 ut
803 1039 890 1068 ante
918 1030 1064 1082 primos
1092 1029 1202 1067 ludos
1223 1029 1578 1081 comperendinem.
1621 1029 1680 1066 Ita
1709 1026 1789 1072 fiet,

386 1109 430 1137 ut
451 1108 515 1137 tua
536 1098 602 1136 ista
623 1097 718 1135 ratio
739 1095 977 1134 existimetur
998 1095 1139 1142 astuta5
1163 1108 1296 1134 meum
1316 1094 1391 1134 hoc
1408 1094 1627 1140 confilium,
1659 1093 1789 1132 neces-

384 1166 539 1205 sarium.

439 1233 534 1270 XII.
566 1231 714 1268 Verum
735 1230 845 1274 illud,
881 1229 984 1281 quod
1005 1229 1241 1267 institueram
1262 1228 1400 1273 dicere,
1437 1227 1535 1266 mihi
1556 1241 1636 1266 rem
1658 1236 1789 1265 tecum

384 1298 469 1342 effe,
505 1295 726 1348 hujusmodi
747 1295 822 1339 est,
856 1296 955 1347 Ego,
992 1309 1085 1332 cum
1107 1294 1205 1332 hanc
1236 1294 1385 1332 causam
1415 1294 1634 1332 Siculorum
1656 1301 1789 1345 rogatu

386 1363 620 1416 recepissem,
643 1362 758 1413 idque
785 1360 885 1399 mihi
906 1361 1082 1413 amplum
1103 1371 1140 1398 et
1161 1361 1384 1413 praeclarum
1411 1360 1694 1403 existimassem,
1725 1371 1789 1396 eos

384 1430 483 1469 velle
514 1443 608 1467 nieae
639 1428 728 1465 fidei
762 1428 1050 1480 diligentiaeque
1070 1427 1287 1478 periculum
1307 1427 1443 1471 facere,
1471 1426 1539 1477 qui
1560 1426 1790 1463 innocentiae

384 1497 696 1547 abstinentiaeque
730 1493 926 1538 fecissent,
974 1502 1074 1538 tum,
1111 1493 1283 1546 suscepto
1313 1493 1493 1545 negotio,
1531 1493 1654 1544 majus
1688 1491 1789 1529 mihi

385 1563 571 1615 quiddam
608 1559 800 1613 proposui,
832 1561 871 1597 in
904 1574 981 1611 quo
1002 1573 1130 1597 meam
1160 1559 1200 1597 in
1236 1559 1518 1611 rempublicam
1548 1558 1788 1596 voluntatem

383 1628 549 1681 populus
570 1627 771 1664 Romanus
792 1625 1003 1677 perspicere
1022 1624 1153 1677 poffet.
1176 1625 1283 1662 Nam
1304 1624 1402 1661 illud
1423 1622 1524 1661 mihi
1544 1636 1789 1675 nequaquam

383 1695 547 1746 dignum
578 1691 774 1735 industria,
806 1700 1022 1742 conatuque
1044 1704 1131 1728 meo
1160 1691 1373 1735 videbatur,
1405 1690 1521 1728 istum
1541 1703 1561 1727 a
1581 1703 1643 1727 me
1662 1689 1702 1726 in
1717 1689 1788 1741 ju-

382 1761 545 1804 dicium,
562 1760 644 1811 jam
665 1757 1009 1809 omniumjudicio
1029 1757 1349 1802 condemnatum,
1372 1756 1510 1801 vocari,
1539 1756 1607 1794 nis1
1637 1755 1704 1793 ista
1725 1765 1789 1794 tua

382 1825 636 1864 intolerabilis
669 1824 853 1876 potentia,
884 1832 921 1860 et
956 1837 996 1861 ea
1017 1823 1221 1875 cupiditas,
1253 1836 1328 1874 qua
1361 1837 1427 1875 per
1455 1822 1568 1860 hosce
1594 1835 1712 1859 annos
1746 1822 1787 1858 in

383 1891 613 1943 quibusdam
640 1889 798 1941 judiciis
834 1888 920 1925 usus
957 1902 1010 1932 es,
1044 1889 1161 1926 etiam
1195 1889 1235 1925 in
1267 1888 1370 1924 istius
1402 1887 1573 1925 hominis
1604 1886 1787 1939 desperati

383 1957 491 1996 causa
511 1957 828 2007 interponeretur.
862 1954 982 1992 Nunc
1005 1968 1105 1999 vero,
1134 1954 1318 2005 quoniam
1339 1953 1420 1991 haec
1442 1963 1478 1991 te
1507 1953 1634 1992 omnis
1655 1953 1786 1991 domi-

384 2024 504 2068 natio,
534 2034 774 2074 regnumque
788 2020 1028 2072 judiciorum
1050 2029 1246 2072 tantopere
1267 2020 1453 2065 delcetat,
1487 2029 1525 2058 et
1545 2020 1632 2058 sunt
1652 2019 1786 2058 homi·

383 2156 465 2208 qui,
488 2154 589 2207 quafi
611 2154 656 2192 de
676 2152 870 2198 industria,
894 2153 932 2191 in
954 2153 1087 2192 odium
1107 2152 1433 2205 offensionemque
1459 2153 1595 2206 populi
1615 2153 1786 2190 Romani

385 2225 524 2260 irruere
543 2220 770 2263 videantur,
803 2218 877 2257 hoc
898 2232 961 2257 me
989 2219 1169 2271 profiteor
1189 2218 1396 2271 suscepisse,
1428 2232 1617 2271 magnum
1636 2216 1787 2255 fortasse

384 2302 495 2332 onus,
517 2296 555 2324 et
576 2284 676 2324 mihi
696 2285 970 2338 periculosum,
1002 2294 1252 2323 veruntamen
1284 2285 1462 2337 dignum,
1493 2284 1533 2321 in
1554 2296 1632 2335 quo
1651 2296 1786 2323 omnes

386 2367 517 2391 nervos
539 2352 671 2396 aetatiS,
694 2350 962 2403 industriaeque
983 2365 1055 2388 mae
1077 2351 1363 2389 contenderem.

442 2419 639 2469 (Quoniam
676 2426 778 2455 totus
812 2417 905 2455 ordo
925 2429 1137 2469 paucorum
1170 2416 1416 2468 improbitate
1446 2424 1484 2453 et
1510 2415 1665 2453 audacia
1696 2428 1784 2468 pre·-

385 2486 520 2530 mitur,
559 2493 597 2523 et
631 2492 787 2537 urgetur
820 2482 980 2522 infamia
1010 2483 1282 2535 judiciorum,
1324 2481 1506 2535 profiteor
1543 2481 1636 2520 huic
1656 2482 1785 2535 generi
