<?xml version="1.0" encoding="UTF-8"?>
<!DOCTYPE html PUBLIC "-//W3C//DTD XHTML 1.0 Transitional//EN"
    "http://www.w3.org/TR/xhtml1/DTD/xhtml1-transitional.dtd">
<html xmlns="http://www.w3.org/1999/xhtml" xml:lang="en" lang="en">
 <head>
  <title>
</title>
<meta http-equiv="Content-Type" content="text/html;charset=utf-8" />
  <meta name='ocr-system' content='tesseract 3.04.00' />
  <meta name='ocr-capabilities' content='ocr_page ocr_carea ocr_par ocr_line ocrx_word'/>
</head>
<body>
  <div class='ocr_page' id='page_1' title='image "./operacumindicibu04ciceuoft_0269.png"; bbox 0 0 2201 2792; ppageno 0'>
   <div class='ocr_carea' id='block_1_1' title="bbox 585 189 1689 242">
    <p class='ocr_par' dir='ltr' id='par_1_1' title="bbox 585 189 1689 242">
     <span class='ocr_line' id='line_1_1' title="bbox 585 189 1689 242; baseline -0.022 1"><span class='ocrx_word' id='word_1_1' title='bbox 585 197 932 242; x_wconf 88' lang='lat' dir='ltr'>ACTIONIS</span> <span class='ocrx_word' id='word_1_2' title='bbox 974 195 1027 233; x_wconf 91' lang='lat' dir='ltr'>II.</span> <span class='ocrx_word' id='word_1_3' title='bbox 1087 189 1381 231; x_wconf 88' lang='lat' dir='ltr'>LIBERII.</span> <span class='ocrx_word' id='word_1_4' title='bbox 1614 199 1689 240; x_wconf 81' lang='lat'>253</span> 
     </span>
    </p>
   </div>
   <div class='ocr_carea' id='block_1_2' title="bbox 270 286 1733 2608">
    <p class='ocr_par' dir='ltr' id='par_1_2' title="bbox 283 286 1707 946">
     <span class='ocr_line' id='line_1_2' title="bbox 338 286 1697 359; baseline -0.018 -13"><span class='ocrx_word' id='word_1_5' title='bbox 338 309 592 359; x_wconf 87' lang='lat' dir='ltr'>Qemquam</span> <span class='ocrx_word' id='word_1_6' title='bbox 622 301 742 355; x_wconf 88' lang='lat' dir='ltr'>igitur</span> <span class='ocrx_word' id='word_1_7' title='bbox 773 307 884 352; x_wconf 87' lang='lat' dir='ltr'>putas</span> <span class='ocrx_word' id='word_1_8' title='bbox 915 295 1201 337; x_wconf 86' lang='lat' dir='ltr'>dubitaturum,</span> <span class='ocrx_word' id='word_1_9' title='bbox 1223 289 1387 344; x_wconf 82' lang='lat' dir='ltr'>quinis,</span> <span class='ocrx_word' id='word_1_10' title='bbox 1419 301 1538 340; x_wconf 88' lang='lat' dir='ltr'>quem</span> <span class='ocrx_word' id='word_1_11' title='bbox 1560 286 1697 324; x_wconf 88' lang='lat' dir='ltr'>inimi-</span> 
     </span>
     <span class='ocr_line' id='line_1_3' title="bbox 283 354 1699 421; baseline -0.019 -6"><span class='ocrx_word' id='word_1_12' title='bbox 283 375 478 415; x_wconf 85' lang='lat' dir='ltr'>ciffirnum</span> <span class='ocrx_word' id='word_1_13' title='bbox 498 371 571 410; x_wconf 88' lang='lat' dir='ltr'>tibi</span> <span class='ocrx_word' id='word_1_14' title='bbox 602 368 674 407; x_wconf 84' lang='lat' dir='ltr'>effe</span> <span class='ocrx_word' id='word_1_15' title='bbox 695 375 882 421; x_wconf 83' lang='lat' dir='ltr'>oporteat,</span> <span class='ocrx_word' id='word_1_16' title='bbox 914 363 983 416; x_wconf 88' lang='lat' dir='ltr'>qui</span> <span class='ocrx_word' id='word_1_17' title='bbox 1014 362 1080 400; x_wconf 83' lang='lat' dir='ltr'>abs</span> <span class='ocrx_word' id='word_1_18' title='bbox 1115 369 1152 397; x_wconf 90' lang='lat' dir='ltr'>te</span> <span class='ocrx_word' id='word_1_19' title='bbox 1184 355 1417 411; x_wconf 76' lang='lat' dir='ltr'>gravissimas</span> <span class='ocrx_word' id='word_1_20' title='bbox 1455 354 1612 405; x_wconf 84' lang='lat' dir='ltr'>injurias</span> <span class='ocrx_word' id='word_1_21' title='bbox 1633 366 1699 389; x_wconf 86' lang='lat' dir='ltr'>ac-</span> 
     </span>
     <span class='ocr_line' id='line_1_4' title="bbox 283 417 1701 494; baseline -0.019 -14"><span class='ocrx_word' id='word_1_22' title='bbox 283 440 450 494; x_wconf 85' lang='lat' dir='ltr'><strong>ceperit,</strong></span> <span class='ocrx_word' id='word_1_23' title='bbox 496 435 704 491; x_wconf 87' lang='lat' dir='ltr'>pecuniam</span> <span class='ocrx_word' id='word_1_24' title='bbox 732 433 861 471; x_wconf 86' lang='lat' dir='ltr'>statuae</span> <span class='ocrx_word' id='word_1_25' title='bbox 896 429 1055 468; x_wconf 85' lang='lat' dir='ltr'>nornine</span> <span class='ocrx_word' id='word_1_26' title='bbox 1089 425 1261 469; x_wconf 79' lang='lat' dir='ltr'>dederit,</span> <span class='ocrx_word' id='word_1_27' title='bbox 1293 422 1355 466; x_wconf 87' lang='lat' dir='ltr'>vi,</span> <span class='ocrx_word' id='word_1_28' title='bbox 1388 430 1503 472; x_wconf 89' lang='lat' dir='ltr'>atque</span> <span class='ocrx_word' id='word_1_29' title='bbox 1536 417 1701 470; x_wconf 90' lang='lat' dir='ltr'>imperio</span> 
     </span>
     <span class='ocr_line' id='line_1_5' title="bbox 284 477 1700 550; baseline -0.02 -3"><span class='ocrx_word' id='word_1_30' title='bbox 284 508 485 550; x_wconf 62' lang='lat' dir='ltr'>adductus,</span> <span class='ocrx_word' id='word_1_31' title='bbox 517 518 595 542; x_wconf 89' lang='lat' dir='ltr'>non</span> <span class='ocrx_word' id='word_1_32' title='bbox 615 501 746 540; x_wconf 85' lang='lat' dir='ltr'>officio</span> <span class='ocrx_word' id='word_1_33' title='bbox 766 513 809 537; x_wconf 87' lang='lat' dir='ltr'>ac</span> <span class='ocrx_word' id='word_1_34' title='bbox 831 497 1028 536; x_wconf 88' lang='lat' dir='ltr'>voluntate</span> <span class='ocrx_word' id='word_1_35' title='bbox 1048 495 1059 531; x_wconf 89' lang='lat'>?</span> <span class='ocrx_word' id='word_1_36' title='bbox 1093 494 1146 531; x_wconf 87' lang='lat' dir='ltr'>Et</span> <span class='ocrx_word' id='word_1_37' title='bbox 1176 490 1293 543; x_wconf 82' lang='lat' dir='ltr'>hujus</span> <span class='ocrx_word' id='word_1_38' title='bbox 1320 477 1396 541; x_wconf 29' lang='lat' dir='ltr'>&#39;ego</span> <span class='ocrx_word' id='word_1_39' title='bbox 1417 485 1603 540; x_wconf 79' lang='lat' dir='ltr'>pecuniae,</span> <span class='ocrx_word' id='word_1_40' title='bbox 1627 485 1700 535; x_wconf 91' lang='lat' dir='ltr'>Ju-</span> 
     </span>
     <span class='ocr_line' id='line_1_6' title="bbox 285 550 1702 626; baseline -0.02 -12"><span class='ocrx_word' id='word_1_41' title='bbox 285 575 405 619; x_wconf 83' lang='lat' dir='ltr'>dices,</span> <span class='ocrx_word' id='word_1_42' title='bbox 437 586 521 626; x_wconf 79' lang='lat' dir='ltr'>quae</span> <span class='ocrx_word' id='word_1_43' title='bbox 552 581 760 624; x_wconf 86' lang='lat' dir='ltr'>permagna</span> <span class='ocrx_word' id='word_1_44' title='bbox 779 565 846 610; x_wconf 89' lang='lat' dir='ltr'>est,</span> <span class='ocrx_word' id='word_1_45' title='bbox 876 559 1288 616; x_wconf 66' lang='lat' dir='ltr'>impudentissimeque</span> <span class='ocrx_word' id='word_1_46' title='bbox 1321 556 1451 594; x_wconf 64' lang='lat' dir='ltr'>coacta</span> <span class='ocrx_word' id='word_1_47' title='bbox 1478 552 1525 590; x_wconf 92' lang='lat' dir='ltr'>ab</span> <span class='ocrx_word' id='word_1_48' title='bbox 1554 550 1702 594; x_wconf 81' lang='lat' dir='ltr'>invitis,</span> 
     </span>
     <span class='ocr_line' id='line_1_7' title="bbox 287 616 1704 684; baseline -0.019 -4"><span class='ocrx_word' id='word_1_49' title='bbox 287 655 367 680; x_wconf 91' lang='lat' dir='ltr'>non</span> <span class='ocrx_word' id='word_1_50' title='bbox 401 639 521 678; x_wconf 84' lang='lat' dir='ltr'>habui</span> <span class='ocrx_word' id='word_1_51' title='bbox 552 636 756 678; x_wconf 85' lang='lat' dir='ltr'>rationem,</span> <span class='ocrx_word' id='word_1_52' title='bbox 787 644 912 684; x_wconf 89' lang='lat' dir='ltr'>neque</span> <span class='ocrx_word' id='word_1_53' title='bbox 932 629 1073 668; x_wconf 87' lang='lat' dir='ltr'>habere</span> <span class='ocrx_word' id='word_1_54' title='bbox 1094 625 1220 679; x_wconf 86' lang='lat' dir='ltr'>potui,</span> <span class='ocrx_word' id='word_1_55' title='bbox 1250 631 1443 676; x_wconf 86' lang='lat' dir='ltr'>quantum</span> <span class='ocrx_word' id='word_1_56' title='bbox 1477 619 1524 656; x_wconf 82' lang='lat' dir='ltr'>ab</span> <span class='ocrx_word' id='word_1_57' title='bbox 1545 616 1704 655; x_wconf 79' lang='lat' dir='ltr'>aratori—-</span> 
     </span>
     <span class='ocr_line' id='line_1_8' title="bbox 288 684 1704 759; baseline -0.019 -12"><span class='ocrx_word' id='word_1_58' title='bbox 288 708 376 752; x_wconf 91' lang='lat' dir='ltr'>bus,</span> <span class='ocrx_word' id='word_1_59' title='bbox 409 714 602 759; x_wconf 87' lang='lat' dir='ltr'>quantum</span> <span class='ocrx_word' id='word_1_60' title='bbox 633 703 681 740; x_wconf 90' lang='lat' dir='ltr'>ab</span> <span class='ocrx_word' id='word_1_61' title='bbox 709 696 1028 752; x_wconf 78' lang='lat' dir='ltr'>negotiatoribuS‚</span> <span class='ocrx_word' id='word_1_62' title='bbox 1059 693 1130 746; x_wconf 88' lang='lat' dir='ltr'>qui</span> <span class='ocrx_word' id='word_1_63' title='bbox 1156 690 1360 743; x_wconf 81' lang='lat' dir='ltr'>SyracufiS,</span> <span class='ocrx_word' id='word_1_64' title='bbox 1391 687 1461 740; x_wconf 87' lang='lat' dir='ltr'>qui</span> <span class='ocrx_word' id='word_1_65' title='bbox 1482 684 1704 738; x_wconf 84' lang='lat' dir='ltr'>Agrigenti,</span> 
     </span>
     <span class='ocr_line' id='line_1_9' title="bbox 289 751 1707 827; baseline -0.019 -14"><span class='ocrx_word' id='word_1_66' title='bbox 289 775 358 827; x_wconf 86' lang='lat' dir='ltr'>qui</span> <span class='ocrx_word' id='word_1_67' title='bbox 380 771 576 815; x_wconf 87' lang='lat' dir='ltr'>Panormi,</span> <span class='ocrx_word' id='word_1_68' title='bbox 608 769 678 821; x_wconf 89' lang='lat' dir='ltr'>qui</span> <span class='ocrx_word' id='word_1_69' title='bbox 699 765 864 818; x_wconf 87' lang='lat' dir='ltr'>Lilybaei</span> <span class='ocrx_word' id='word_1_70' title='bbox 885 762 1146 815; x_wconf 84' lang='lat' dir='ltr'>negotiantur,</span> <span class='ocrx_word' id='word_1_71' title='bbox 1171 757 1259 796; x_wconf 87' lang='lat' dir='ltr'>effet</span> <span class='ocrx_word' id='word_1_72' title='bbox 1280 757 1487 797; x_wconf 66' lang='lat' dir='ltr'>coactum3</span> <span class='ocrx_word' id='word_1_73' title='bbox 1519 751 1707 804; x_wconf 79' lang='lat' dir='ltr'>quoniam</span> 
     </span>
     <span class='ocr_line' id='line_1_10' title="bbox 289 818 1707 893; baseline -0.019 -13"><span class='ocrx_word' id='word_1_74' title='bbox 289 839 535 893; x_wconf 80' lang='lat' dir='ltr'>intelligitis,</span> <span class='ocrx_word' id='word_1_75' title='bbox 577 836 695 889; x_wconf 85' lang='lat' dir='ltr'>ipfius</span> <span class='ocrx_word' id='word_1_76' title='bbox 727 845 884 886; x_wconf 87' lang='lat' dir='ltr'>quoque</span> <span class='ocrx_word' id='word_1_77' title='bbox 913 827 1146 867; x_wconf 84' lang='lat' dir='ltr'>confeffione</span> <span class='ocrx_word' id='word_1_78' title='bbox 1181 825 1229 863; x_wconf 87' lang='lat' dir='ltr'>ab</span> <span class='ocrx_word' id='word_1_79' title='bbox 1261 820 1495 861; x_wconf 73' lang='lat' dir='ltr'>invitissimis</span> <span class='ocrx_word' id='word_1_80' title='bbox 1536 818 1707 856; x_wconf 55' lang='lat' dir='ltr'>coaciam</span> 
     </span>
     <span class='ocr_line' id='line_1_11' title="bbox 291 907 377 946; baseline 0.023 -2"><span class='ocrx_word' id='word_1_81' title='bbox 291 907 377 946; x_wconf 82' lang='lat' dir='ltr'>effe.</span> 
     </span>
    </p>

    <p class='ocr_par' dir='ltr' id='par_1_3' title="bbox 270 949 1727 2160">
     <span class='ocr_line' id='line_1_12' title="bbox 347 949 1710 1012; baseline -0.02 0"><span class='ocrx_word' id='word_1_82' title='bbox 347 971 501 1012; x_wconf 83' lang='lat' dir='ltr'><strong>LXIII.</strong></span> <span class='ocrx_word' id='word_1_83' title='bbox 534 968 660 1008; x_wconf 85' lang='lat' dir='ltr'>Venio</span> <span class='ocrx_word' id='word_1_84' title='bbox 682 980 787 1005; x_wconf 89' lang='lat' dir='ltr'>nunc</span> <span class='ocrx_word' id='word_1_85' title='bbox 818 964 865 1002; x_wconf 91' lang='lat' dir='ltr'>ad</span> <span class='ocrx_word' id='word_1_86' title='bbox 885 963 1058 1001; x_wconf 84' lang='lat' dir='ltr'>civitates</span> <span class='ocrx_word' id='word_1_87' title='bbox 1081 958 1220 997; x_wconf 70' lang='lat' dir='ltr'>Siciliae</span> <span class='ocrx_word' id='word_1_88' title='bbox 1239 972 1248 995; x_wconf 91' lang='lat'>:</span> <span class='ocrx_word' id='word_1_89' title='bbox 1282 956 1328 994; x_wconf 91' lang='lat' dir='ltr'>de</span> <span class='ocrx_word' id='word_1_90' title='bbox 1349 953 1492 1006; x_wconf 88' lang='lat' dir='ltr'>quibus</span> <span class='ocrx_word' id='word_1_91' title='bbox 1521 949 1710 988; x_wconf 71' lang='lat' dir='ltr'>facillime</span> 
     </span>
     <span class='ocr_line' id='line_1_13' title="bbox 287 1015 1709 1094; baseline -0.019 -15"><span class='ocrx_word' id='word_1_92' title='bbox 287 1040 486 1094; x_wconf 88' lang='lat' dir='ltr'>judicium</span> <span class='ocrx_word' id='word_1_93' title='bbox 506 1035 587 1075; x_wconf 88' lang='lat' dir='ltr'>fieri</span> <span class='ocrx_word' id='word_1_94' title='bbox 618 1032 827 1073; x_wconf 82' lang='lat' dir='ltr'>voluntatis</span> <span class='ocrx_word' id='word_1_95' title='bbox 849 1029 984 1083; x_wconf 89' lang='lat' dir='ltr'>potest.</span> <span class='ocrx_word' id='word_1_96' title='bbox 1016 1029 1082 1066; x_wconf 88' lang='lat' dir='ltr'>An</span> <span class='ocrx_word' id='word_1_97' title='bbox 1110 1027 1228 1064; x_wconf 87' lang='lat' dir='ltr'>etiarn</span> <span class='ocrx_word' id='word_1_98' title='bbox 1249 1022 1368 1061; x_wconf 87' lang='lat' dir='ltr'>Siculi</span> <span class='ocrx_word' id='word_1_99' title='bbox 1396 1019 1509 1058; x_wconf 84' lang='lat' dir='ltr'>inviti</span> <span class='ocrx_word' id='word_1_100' title='bbox 1529 1015 1709 1055; x_wconf 85' lang='lat' dir='ltr'>contule-</span> 
     </span>
     <span class='ocr_line' id='line_1_14' title="bbox 296 1082 1712 1153; baseline -0.018 -8"><span class='ocrx_word' id='word_1_101' title='bbox 296 1105 416 1146; x_wconf 78' lang='lat' dir='ltr'>rum?</span> <span class='ocrx_word' id='word_1_102' title='bbox 448 1118 526 1143; x_wconf 90' lang='lat' dir='ltr'>non</span> <span class='ocrx_word' id='word_1_103' title='bbox 558 1101 610 1139; x_wconf 85' lang='lat' dir='ltr'>est</span> <span class='ocrx_word' id='word_1_104' title='bbox 640 1097 853 1153; x_wconf 84' lang='lat' dir='ltr'>probabile.</span> <span class='ocrx_word' id='word_1_105' title='bbox 888 1095 1050 1134; x_wconf 88' lang='lat' dir='ltr'>Etenim</span> <span class='ocrx_word' id='word_1_106' title='bbox 1081 1092 1131 1130; x_wconf 90' lang='lat' dir='ltr'>fic</span> <span class='ocrx_word' id='word_1_107' title='bbox 1165 1092 1213 1129; x_wconf 88' lang='lat' dir='ltr'>C.</span> <span class='ocrx_word' id='word_1_108' title='bbox 1238 1090 1399 1127; x_wconf 87' lang='lat' dir='ltr'>Verrem</span> <span class='ocrx_word' id='word_1_109' title='bbox 1432 1094 1636 1138; x_wconf 81' lang='lat' dir='ltr'>praeturam</span> <span class='ocrx_word' id='word_1_110' title='bbox 1670 1082 1712 1120; x_wconf 87' lang='lat' dir='ltr'>in</span> 
     </span>
     <span class='ocr_line' id='line_1_15' title="bbox 297 1148 1716 1224; baseline -0.02 -12"><span class='ocrx_word' id='word_1_111' title='bbox 297 1172 428 1212; x_wconf 85' lang='lat' dir='ltr'>Sicilia</span> <span class='ocrx_word' id='word_1_112' title='bbox 446 1168 589 1224; x_wconf 81' lang='lat' dir='ltr'>geffiffe</span> <span class='ocrx_word' id='word_1_113' title='bbox 606 1165 767 1209; x_wconf 78' lang='lat' dir='ltr'>constat,</span> <span class='ocrx_word' id='word_1_114' title='bbox 797 1173 855 1207; x_wconf 85' lang='lat' dir='ltr'>ut,</span> <span class='ocrx_word' id='word_1_115' title='bbox 877 1175 970 1200; x_wconf 85' lang='lat' dir='ltr'>cum</span> <span class='ocrx_word' id='word_1_116' title='bbox 992 1158 1163 1211; x_wconf 84' lang='lat' dir='ltr'>utrisque</span> <span class='ocrx_word' id='word_1_117' title='bbox 1185 1154 1394 1195; x_wconf 81' lang='lat' dir='ltr'>satisfacere</span> <span class='ocrx_word' id='word_1_118' title='bbox 1415 1165 1492 1190; x_wconf 89' lang='lat' dir='ltr'>non</span> <span class='ocrx_word' id='word_1_119' title='bbox 1514 1148 1647 1202; x_wconf 80' lang='lat' dir='ltr'>poffet,</span> <span class='ocrx_word' id='word_1_120' title='bbox 1676 1157 1716 1185; x_wconf 86' lang='lat' dir='ltr'>et</span> 
     </span>
     <span class='ocr_line' id='line_1_16' title="bbox 299 1214 1715 1286; baseline -0.02 -7"><span class='ocrx_word' id='word_1_121' title='bbox 299 1239 455 1282; x_wconf 78' lang='lat' dir='ltr'>Siculis,</span> <span class='ocrx_word' id='word_1_122' title='bbox 487 1246 526 1274; x_wconf 91' lang='lat' dir='ltr'>et</span> <span class='ocrx_word' id='word_1_123' title='bbox 557 1233 711 1286; x_wconf 88' lang='lat' dir='ltr'>togatis,</span> <span class='ocrx_word' id='word_1_124' title='bbox 743 1231 864 1275; x_wconf 83' lang='lat' dir='ltr'>officii</span> <span class='ocrx_word' id='word_1_125' title='bbox 886 1228 1014 1281; x_wconf 81' lang='lat' dir='ltr'>potius</span> <span class='ocrx_word' id='word_1_126' title='bbox 1042 1227 1083 1264; x_wconf 87' lang='lat' dir='ltr'>in</span> <span class='ocrx_word' id='word_1_127' title='bbox 1104 1225 1242 1268; x_wconf 80' lang='lat' dir='ltr'>socios,</span> <span class='ocrx_word' id='word_1_128' title='bbox 1273 1234 1392 1273; x_wconf 82' lang='lat' dir='ltr'>quam</span> <span class='ocrx_word' id='word_1_129' title='bbox 1413 1216 1638 1256; x_wconf 85' lang='lat' dir='ltr'>ambitionis</span> <span class='ocrx_word' id='word_1_130' title='bbox 1673 1214 1715 1252; x_wconf 85' lang='lat' dir='ltr'>in</span> 
     </span>
     <span class='ocr_line' id='line_1_17' title="bbox 299 1286 1712 1350; baseline -0.019 -6"><span class='ocrx_word' id='word_1_131' title='bbox 299 1306 416 1350; x_wconf 84' lang='lat' dir='ltr'>cives,</span> <span class='ocrx_word' id='word_1_132' title='bbox 453 1303 643 1341; x_wconf 83' lang='lat' dir='ltr'>rationem</span> <span class='ocrx_word' id='word_1_133' title='bbox 674 1297 852 1338; x_wconf 78' lang='lat' dir='ltr'>duxerit:</span> <span class='ocrx_word' id='word_1_134' title='bbox 885 1296 1015 1346; x_wconf 85' lang='lat' dir='ltr'>itaque</span> <span class='ocrx_word' id='word_1_135' title='bbox 1049 1306 1141 1330; x_wconf 88' lang='lat' dir='ltr'>eum</span> <span class='ocrx_word' id='word_1_136' title='bbox 1175 1303 1253 1328; x_wconf 88' lang='lat' dir='ltr'>non</span> <span class='ocrx_word' id='word_1_137' title='bbox 1285 1287 1410 1328; x_wconf 78' lang='lat' dir='ltr'>solum</span> <span class='ocrx_word' id='word_1_138' title='bbox 1443 1286 1712 1323; x_wconf 69' lang='lat' dir='ltr'>PATRONUM</span> 
     </span>
     <span class='ocr_line' id='line_1_18' title="bbox 270 1347 1718 1413; baseline -0.02 -1"><span class='ocrx_word' id='word_1_139' title='bbox 270 1405 275 1408; x_wconf 15' lang='lat' dir='ltr'>x</span> <span class='ocrx_word' id='word_1_140' title='bbox 300 1372 408 1411; x_wconf 81' lang='lat' dir='ltr'>istius</span> <span class='ocrx_word' id='word_1_141' title='bbox 428 1369 574 1413; x_wconf 81' lang='lat' dir='ltr'>insulae,</span> <span class='ocrx_word' id='word_1_142' title='bbox 606 1365 669 1404; x_wconf 78' lang='lat' dir='ltr'>sed</span> <span class='ocrx_word' id='word_1_143' title='bbox 689 1365 806 1403; x_wconf 86' lang='lat' dir='ltr'>etiarn</span> <span class='ocrx_word' id='word_1_144' title='bbox 829 1364 1014 1400; x_wconf 75' lang='lat' dir='ltr'>SOTERA</span> <span class='ocrx_word' id='word_1_145' title='bbox 1036 1357 1265 1410; x_wconf 82' lang='lat' dir='ltr'>inscriptum</span> <span class='ocrx_word' id='word_1_146' title='bbox 1288 1353 1365 1391; x_wconf 87' lang='lat' dir='ltr'>vidi</span> <span class='ocrx_word' id='word_1_147' title='bbox 1388 1349 1591 1403; x_wconf 83' lang='lat' dir='ltr'>Syracufis.</span> <span class='ocrx_word' id='word_1_148' title='bbox 1623 1347 1718 1386; x_wconf 89' lang='lat' dir='ltr'>Hoc</span> 
     </span>
     <span class='ocr_line' id='line_1_19' title="bbox 302 1415 1720 1493; baseline -0.02 -14"><span class='ocrx_word' id='word_1_149' title='bbox 302 1447 495 1493; x_wconf 86' lang='lat' dir='ltr'>quantum</span> <span class='ocrx_word' id='word_1_150' title='bbox 515 1435 600 1474; x_wconf 79' lang='lat' dir='ltr'>est?</span> <span class='ocrx_word' id='word_1_151' title='bbox 631 1434 686 1472; x_wconf 87' lang='lat' dir='ltr'>ita</span> <span class='ocrx_word' id='word_1_152' title='bbox 714 1443 922 1483; x_wconf 79' lang='lat' dir='ltr'>magnum,</span> <span class='ocrx_word' id='word_1_153' title='bbox 957 1435 1000 1465; x_wconf 90' lang='lat' dir='ltr'>ut</span> <span class='ocrx_word' id='word_1_154' title='bbox 1021 1425 1165 1464; x_wconf 85' lang='lat' dir='ltr'>Latino</span> <span class='ocrx_word' id='word_1_155' title='bbox 1193 1435 1272 1461; x_wconf 89' lang='lat' dir='ltr'>uno</span> <span class='ocrx_word' id='word_1_156' title='bbox 1303 1419 1421 1458; x_wconf 89' lang='lat' dir='ltr'>verbo</span> <span class='ocrx_word' id='word_1_157' title='bbox 1441 1415 1611 1469; x_wconf 83' lang='lat' dir='ltr'>exprimi</span> <span class='ocrx_word' id='word_1_158' title='bbox 1639 1427 1720 1452; x_wconf 86' lang='lat' dir='ltr'>non</span> 
     </span>
     <span class='ocr_line' id='line_1_20' title="bbox 303 1482 1720 1561; baseline -0.02 -15"><span class='ocrx_word' id='word_1_159' title='bbox 303 1506 430 1561; x_wconf 80' lang='lat' dir='ltr'>poffit.</span> <span class='ocrx_word' id='word_1_160' title='bbox 463 1506 500 1543; x_wconf 87' lang='lat' dir='ltr'>Is</span> <span class='ocrx_word' id='word_1_161' title='bbox 532 1502 584 1542; x_wconf 91' lang='lat' dir='ltr'>est</span> <span class='ocrx_word' id='word_1_162' title='bbox 602 1500 794 1540; x_wconf 82' lang='lat' dir='ltr'>nimirum</span> <span class='ocrx_word' id='word_1_163' title='bbox 825 1498 944 1540; x_wconf 82' lang='lat' dir='ltr'>Soter,</span> <span class='ocrx_word' id='word_1_164' title='bbox 976 1493 1046 1546; x_wconf 87' lang='lat' dir='ltr'>qui</span> <span class='ocrx_word' id='word_1_165' title='bbox 1066 1492 1227 1531; x_wconf 86' lang='lat' dir='ltr'>salutem</span> <span class='ocrx_word' id='word_1_166' title='bbox 1248 1488 1367 1526; x_wconf 87' lang='lat' dir='ltr'>dedit.</span> <span class='ocrx_word' id='word_1_167' title='bbox 1406 1485 1539 1536; x_wconf 85' lang='lat' dir='ltr'>Hujus</span> <span class='ocrx_word' id='word_1_168' title='bbox 1560 1482 1720 1520; x_wconf 83' lang='lat' dir='ltr'>nomine</span> 
     </span>
     <span class='ocr_line' id='line_1_21' title="bbox 304 1548 1719 1619; baseline -0.02 -6"><span class='ocrx_word' id='word_1_169' title='bbox 304 1574 421 1612; x_wconf 71' lang='lat' dir='ltr'>etiam</span> <span class='ocrx_word' id='word_1_170' title='bbox 443 1571 523 1610; x_wconf 85' lang='lat' dir='ltr'>dies</span> <span class='ocrx_word' id='word_1_171' title='bbox 544 1569 628 1612; x_wconf 81' lang='lat' dir='ltr'>festi</span> <span class='ocrx_word' id='word_1_172' title='bbox 648 1567 856 1619; x_wconf 84' lang='lat' dir='ltr'>agitantur,</span> <span class='ocrx_word' id='word_1_173' title='bbox 878 1560 1043 1616; x_wconf 88' lang='lat' dir='ltr'>pulchra</span> <span class='ocrx_word' id='word_1_174' title='bbox 1062 1559 1129 1598; x_wconf 88' lang='lat' dir='ltr'>illa</span> <span class='ocrx_word' id='word_1_175' title='bbox 1143 1558 1298 1600; x_wconf 86' lang='lat' dir='ltr'>Verrea,</span> <span class='ocrx_word' id='word_1_176' title='bbox 1321 1567 1399 1592; x_wconf 89' lang='lat' dir='ltr'>non</span> <span class='ocrx_word' id='word_1_177' title='bbox 1421 1550 1525 1605; x_wconf 77' lang='lat' dir='ltr'>quasi</span> <span class='ocrx_word' id='word_1_178' title='bbox 1546 1548 1719 1588; x_wconf 83' lang='lat' dir='ltr'>Marcel-</span> 
     </span>
     <span class='ocr_line' id='line_1_22' title="bbox 306 1616 1721 1689; baseline -0.02 -10"><span class='ocrx_word' id='word_1_179' title='bbox 306 1641 378 1684; x_wconf 65' lang='lat' dir='ltr'>lea,</span> <span class='ocrx_word' id='word_1_180' title='bbox 413 1638 477 1676; x_wconf 88' lang='lat' dir='ltr'>sed</span> <span class='ocrx_word' id='word_1_181' title='bbox 497 1650 565 1689; x_wconf 91' lang='lat' dir='ltr'>pro</span> <span class='ocrx_word' id='word_1_182' title='bbox 585 1632 808 1673; x_wconf 7' lang='lat' dir='ltr'>Maraceneis</span> <span class='ocrx_word' id='word_1_183' title='bbox 824 1649 837 1676; x_wconf 79' lang='lat'>3</span> <span class='ocrx_word' id='word_1_184' title='bbox 869 1642 955 1681; x_wconf 84' lang='lat' dir='ltr'>quae</span> <span class='ocrx_word' id='word_1_185' title='bbox 973 1627 1032 1665; x_wconf 88' lang='lat' dir='ltr'>illi</span> <span class='ocrx_word' id='word_1_186' title='bbox 1052 1625 1160 1664; x_wconf 85' lang='lat' dir='ltr'>istius</span> <span class='ocrx_word' id='word_1_187' title='bbox 1186 1621 1289 1676; x_wconf 80' lang='lat' dir='ltr'>juffu</span> <span class='ocrx_word' id='word_1_188' title='bbox 1309 1619 1554 1658; x_wconf 80' lang='lat' dir='ltr'>sustulerunt.</span> <span class='ocrx_word' id='word_1_189' title='bbox 1587 1616 1721 1666; x_wconf 76' lang='lat' dir='ltr'>Hujus</span> 
     </span>
     <span class='ocr_line' id='line_1_23' title="bbox 308 1683 1723 1752; baseline -0.02 -7"><span class='ocrx_word' id='word_1_190' title='bbox 308 1706 438 1746; x_wconf 82' lang='lat' dir='ltr'>fornix</span> <span class='ocrx_word' id='word_1_191' title='bbox 460 1705 499 1742; x_wconf 90' lang='lat' dir='ltr'>in</span> <span class='ocrx_word' id='word_1_192' title='bbox 519 1702 605 1741; x_wconf 81' lang='lat' dir='ltr'>foro</span> <span class='ocrx_word' id='word_1_193' title='bbox 627 1698 815 1752; x_wconf 72' lang='lat' dir='ltr'>Syracusis</span> <span class='ocrx_word' id='word_1_194' title='bbox 836 1696 902 1740; x_wconf 88' lang='lat' dir='ltr'>est,</span> <span class='ocrx_word' id='word_1_195' title='bbox 934 1696 974 1734; x_wconf 90' lang='lat' dir='ltr'>in</span> <span class='ocrx_word' id='word_1_196' title='bbox 996 1707 1074 1748; x_wconf 90' lang='lat' dir='ltr'>quo</span> <span class='ocrx_word' id='word_1_197' title='bbox 1094 1691 1222 1730; x_wconf 87' lang='lat' dir='ltr'>nudus</span> <span class='ocrx_word' id='word_1_198' title='bbox 1243 1688 1345 1726; x_wconf 85' lang='lat' dir='ltr'>filius</span> <span class='ocrx_word' id='word_1_199' title='bbox 1366 1687 1460 1729; x_wconf 81' lang='lat' dir='ltr'>stat:</span> <span class='ocrx_word' id='word_1_200' title='bbox 1492 1683 1570 1736; x_wconf 86' lang='lat' dir='ltr'>ipse</span> <span class='ocrx_word' id='word_1_201' title='bbox 1591 1691 1723 1719; x_wconf 85' lang='lat' dir='ltr'>autem</span> 
     </span>
     <span class='ocr_line' id='line_1_24' title="bbox 310 1749 1722 1824; baseline -0.021 -12"><span class='ocrx_word' id='word_1_202' title='bbox 310 1788 357 1813; x_wconf 80' lang='lat' dir='ltr'>ex</span> <span class='ocrx_word' id='word_1_203' title='bbox 379 1785 479 1824; x_wconf 86' lang='lat' dir='ltr'>equo</span> <span class='ocrx_word' id='word_1_204' title='bbox 500 1770 684 1808; x_wconf 86' lang='lat' dir='ltr'>nudatam</span> <span class='ocrx_word' id='word_1_205' title='bbox 705 1765 751 1804; x_wconf 91' lang='lat' dir='ltr'>ab</span> <span class='ocrx_word' id='word_1_206' title='bbox 773 1764 808 1802; x_wconf 93' lang='lat' dir='ltr'>se</span> <span class='ocrx_word' id='word_1_207' title='bbox 828 1761 1069 1816; x_wconf 85' lang='lat' dir='ltr'>provinciam</span> <span class='ocrx_word' id='word_1_208' title='bbox 1089 1756 1289 1811; x_wconf 88' lang='lat' dir='ltr'>prospicit.</span> <span class='ocrx_word' id='word_1_209' title='bbox 1321 1752 1456 1804; x_wconf 82' lang='lat' dir='ltr'>Hujus</span> <span class='ocrx_word' id='word_1_210' title='bbox 1483 1749 1611 1788; x_wconf 80' lang='lat' dir='ltr'>statuae</span> <span class='ocrx_word' id='word_1_211' title='bbox 1632 1761 1722 1786; x_wconf 87' lang='lat' dir='ltr'>om-</span> 
     </span>
     <span class='ocr_line' id='line_1_25' title="bbox 310 1815 1724 1888; baseline -0.022 -7"><span class='ocrx_word' id='word_1_212' title='bbox 310 1841 425 1881; x_wconf 81' lang='lat' dir='ltr'>nibus</span> <span class='ocrx_word' id='word_1_213' title='bbox 445 1839 540 1877; x_wconf 89' lang='lat' dir='ltr'>locis</span> <span class='ocrx_word' id='word_1_214' title='bbox 557 1855 568 1882; x_wconf 79' lang='lat'>3</span> <span class='ocrx_word' id='word_1_215' title='bbox 602 1849 687 1888; x_wconf 81' lang='lat' dir='ltr'>quae</span> <span class='ocrx_word' id='word_1_216' title='bbox 716 1832 792 1871; x_wconf 92' lang='lat' dir='ltr'>hoc</span> <span class='ocrx_word' id='word_1_217' title='bbox 814 1828 1070 1872; x_wconf 82' lang='lat' dir='ltr'>demonstrare</span> <span class='ocrx_word' id='word_1_218' title='bbox 1102 1824 1295 1867; x_wconf 88' lang='lat' dir='ltr'>videntur,</span> <span class='ocrx_word' id='word_1_219' title='bbox 1328 1815 1613 1874; x_wconf 76' lang='lat' dir='ltr'>propemodum</span> <span class='ocrx_word' id='word_1_220' title='bbox 1645 1828 1724 1852; x_wconf 86' lang='lat' dir='ltr'>non</span> 
     </span>
     <span class='ocr_line' id='line_1_26' title="bbox 312 1880 1724 1948; baseline -0.021 -1"><span class='ocrx_word' id='word_1_221' title='bbox 312 1909 442 1948; x_wconf 79' lang='lat' dir='ltr'>minus</span> <span class='ocrx_word' id='word_1_222' title='bbox 473 1904 615 1943; x_wconf 78' lang='lat' dir='ltr'>multas</span> <span class='ocrx_word' id='word_1_223' title='bbox 646 1901 783 1939; x_wconf 84' lang='lat' dir='ltr'>statuas</span> <span class='ocrx_word' id='word_1_224' title='bbox 815 1897 932 1936; x_wconf 90' lang='lat' dir='ltr'>istum</span> <span class='ocrx_word' id='word_1_225' title='bbox 963 1892 1125 1948; x_wconf 81' lang='lat' dir='ltr'>posuiffe</span> <span class='ocrx_word' id='word_1_226' title='bbox 1146 1888 1349 1943; x_wconf 74' lang='lat' dir='ltr'>Syracusis,</span> <span class='ocrx_word' id='word_1_227' title='bbox 1380 1899 1498 1938; x_wconf 84' lang='lat' dir='ltr'>quam</span> <span class='ocrx_word' id='word_1_228' title='bbox 1519 1880 1724 1921; x_wconf 75' lang='lat' dir='ltr'>abstulisse.</span> 
     </span>
     <span class='ocr_line' id='line_1_27' title="bbox 314 1948 1725 2014; baseline -0.021 0"><span class='ocrx_word' id='word_1_229' title='bbox 314 1975 423 2014; x_wconf 82' lang='lat' dir='ltr'>Huic</span> <span class='ocrx_word' id='word_1_230' title='bbox 458 1973 574 2011; x_wconf 83' lang='lat' dir='ltr'>etiam</span> <span class='ocrx_word' id='word_1_231' title='bbox 595 1971 733 2008; x_wconf 87' lang='lat' dir='ltr'>Romae</span> <span class='ocrx_word' id='word_1_232' title='bbox 764 1966 940 2004; x_wconf 84' lang='lat' dir='ltr'>videmus</span> <span class='ocrx_word' id='word_1_233' title='bbox 972 1962 1014 2000; x_wconf 89' lang='lat' dir='ltr'>in</span> <span class='ocrx_word' id='word_1_234' title='bbox 1046 1960 1121 1999; x_wconf 89' lang='lat' dir='ltr'>bafi</span> <span class='ocrx_word' id='word_1_235' title='bbox 1143 1958 1366 1999; x_wconf 86' lang='lat' dir='ltr'>statuarum,</span> <span class='ocrx_word' id='word_1_236' title='bbox 1395 1951 1576 1990; x_wconf 78' lang='lat' dir='ltr'>maximis</span> <span class='ocrx_word' id='word_1_237' title='bbox 1604 1948 1725 1986; x_wconf 81' lang='lat' dir='ltr'>literis</span> 
     </span>
     <span class='ocr_line' id='line_1_28' title="bbox 315 2013 1727 2084; baseline -0.021 -5"><span class='ocrx_word' id='word_1_238' title='bbox 315 2040 495 2084; x_wconf 78' lang='lat' dir='ltr'>incisum,</span> <span class='ocrx_word' id='word_1_239' title='bbox 528 2040 564 2076; x_wconf 92' lang='lat' dir='ltr'><strong>A</strong></span> <span class='ocrx_word' id='word_1_240' title='bbox 588 2046 810 2074; x_wconf 72' lang='lat' dir='ltr'>COMMUNI</span> <span class='ocrx_word' id='word_1_241' title='bbox 835 2033 1024 2070; x_wconf 67' lang='lat' dir='ltr'>Srcmffi</span> <span class='ocrx_word' id='word_1_242' title='bbox 1048 2027 1166 2065; x_wconf 85' lang='lat' dir='ltr'>datas.</span> <span class='ocrx_word' id='word_1_243' title='bbox 1213 2019 1515 2074; x_wconf 84' lang='lat' dir='ltr'>Qamobrem?</span> <span class='ocrx_word' id='word_1_244' title='bbox 1547 2016 1617 2068; x_wconf 75' lang='lat' dir='ltr'>qui</span> <span class='ocrx_word' id='word_1_245' title='bbox 1651 2013 1727 2051; x_wconf 86' lang='lat' dir='ltr'>hoc</span> 
     </span>
     <span class='ocr_line' id='line_1_29' title="bbox 318 2081 1680 2160; baseline -0.021 -15"><span class='ocrx_word' id='word_1_246' title='bbox 318 2105 468 2160; x_wconf 84' lang='lat' dir='ltr'>probari</span> <span class='ocrx_word' id='word_1_247' title='bbox 488 2102 610 2156; x_wconf 79' lang='lat' dir='ltr'>potest</span> <span class='ocrx_word' id='word_1_248' title='bbox 630 2101 830 2152; x_wconf 85' lang='lat' dir='ltr'>cuiquam,</span> <span class='ocrx_word' id='word_1_249' title='bbox 853 2105 978 2134; x_wconf 86' lang='lat' dir='ltr'>tantos</span> <span class='ocrx_word' id='word_1_250' title='bbox 1000 2093 1165 2132; x_wconf 82' lang='lat' dir='ltr'>honores</span> <span class='ocrx_word' id='word_1_251' title='bbox 1185 2089 1337 2127; x_wconf 84' lang='lat' dir='ltr'>habitos</span> <span class='ocrx_word' id='word_1_252' title='bbox 1358 2085 1430 2124; x_wconf 77' lang='lat' dir='ltr'>efl&#39;e</span> <span class='ocrx_word' id='word_1_253' title='bbox 1449 2084 1496 2122; x_wconf 90' lang='lat' dir='ltr'>ab</span> <span class='ocrx_word' id='word_1_254' title='bbox 1517 2081 1648 2120; x_wconf 90' lang='lat' dir='ltr'>invitis</span> <span class='ocrx_word' id='word_1_255' title='bbox 1668 2081 1680 2116; x_wconf 90' lang='lat'>?</span> 
     </span>
    </p>

    <p class='ocr_par' dir='ltr' id='par_1_4' title="bbox 319 2147 1733 2608">
     <span class='ocr_line' id='line_1_30' title="bbox 372 2147 1728 2211; baseline -0.021 0"><span class='ocrx_word' id='word_1_256' title='bbox 372 2171 523 2211; x_wconf 81' lang='lat' dir='ltr'>LX1V.</span> <span class='ocrx_word' id='word_1_257' title='bbox 557 2169 637 2207; x_wconf 85' lang='lat' dir='ltr'>Hic</span> <span class='ocrx_word' id='word_1_258' title='bbox 658 2166 731 2204; x_wconf 85' lang='lat' dir='ltr'>tibi</span> <span class='ocrx_word' id='word_1_259' title='bbox 753 2165 869 2206; x_wconf 75' lang='lat' dir='ltr'>etiam</span> <span class='ocrx_word' id='word_1_260' title='bbox 888 2161 1017 2200; x_wconf 84' lang='lat' dir='ltr'>multo</span> <span class='ocrx_word' id='word_1_261' title='bbox 1037 2158 1176 2211; x_wconf 80' lang='lat' dir='ltr'>magiS,</span> <span class='ocrx_word' id='word_1_262' title='bbox 1195 2169 1315 2208; x_wconf 73' lang='lat' dir='ltr'>,quam</span> <span class='ocrx_word' id='word_1_263' title='bbox 1335 2162 1422 2191; x_wconf 84' lang='lat' dir='ltr'>ante</span> <span class='ocrx_word' id='word_1_264' title='bbox 1443 2152 1483 2189; x_wconf 88' lang='lat' dir='ltr'>in</span> <span class='ocrx_word' id='word_1_265' title='bbox 1503 2147 1728 2189; x_wconf 74' lang='lat' dir='ltr'>aratoribus,</span> 
     </span>
     <span class='ocr_line' id='line_1_31' title="bbox 319 2216 1731 2279; baseline -0.021 -1"><span class='ocrx_word' id='word_1_266' title='bbox 319 2239 528 2277; x_wconf 76' lang='lat' dir='ltr'>videndum</span> <span class='ocrx_word' id='word_1_267' title='bbox 545 2245 581 2273; x_wconf 93' lang='lat' dir='ltr'>et</span> <span class='ocrx_word' id='word_1_268' title='bbox 597 2230 913 2272; x_wconf 82' lang='lat' dir='ltr'>confiderandum</span> <span class='ocrx_word' id='word_1_269' title='bbox 929 2227 996 2272; x_wconf 86' lang='lat' dir='ltr'>est,</span> <span class='ocrx_word' id='word_1_270' title='bbox 1014 2226 1109 2279; x_wconf 89' lang='lat' dir='ltr'>quid</span> <span class='ocrx_word' id='word_1_271' title='bbox 1125 2224 1234 2262; x_wconf 86' lang='lat' dir='ltr'>velis.</span> <span class='ocrx_word' id='word_1_272' title='bbox 1257 2222 1405 2273; x_wconf 68' lang='lat' dir='ltr'>Nlagna</span> <span class='ocrx_word' id='word_1_273' title='bbox 1423 2231 1480 2256; x_wconf 83' lang='lat' dir='ltr'>res</span> <span class='ocrx_word' id='word_1_274' title='bbox 1497 2217 1562 2254; x_wconf 87' lang='lat' dir='ltr'>est.</span> <span class='ocrx_word' id='word_1_275' title='bbox 1584 2216 1731 2251; x_wconf 87' lang='lat' dir='ltr'>Utrum</span> 
     </span>
     <span class='ocr_line' id='line_1_32' title="bbox 321 2277 1730 2354; baseline -0.023 -9"><span class='ocrx_word' id='word_1_276' title='bbox 321 2306 393 2344; x_wconf 86' lang='lat' dir='ltr'>tibi</span> <span class='ocrx_word' id='word_1_277' title='bbox 414 2304 576 2347; x_wconf 88' lang='lat' dir='ltr'>Siculos,</span> <span class='ocrx_word' id='word_1_278' title='bbox 612 2299 782 2354; x_wconf 86' lang='lat' dir='ltr'>publice,</span> <span class='ocrx_word' id='word_1_279' title='bbox 818 2295 1078 2350; x_wconf 86' lang='lat' dir='ltr'>privatimque</span> <span class='ocrx_word' id='word_1_280' title='bbox 1109 2291 1268 2334; x_wconf 76' lang='lat' dir='ltr'>amicos,</span> <span class='ocrx_word' id='word_1_281' title='bbox 1304 2301 1352 2326; x_wconf 90' lang='lat' dir='ltr'>an</span> <span class='ocrx_word' id='word_1_282' title='bbox 1372 2284 1570 2325; x_wconf 89' lang='lat' dir='ltr'>inimicos,</span> <span class='ocrx_word' id='word_1_283' title='bbox 1597 2277 1730 2316; x_wconf 76' lang='lat' dir='ltr'>existi-</span> 
     </span>
     <span class='ocr_line' id='line_1_33' title="bbox 321 2343 1733 2416; baseline -0.023 -5"><span class='ocrx_word' id='word_1_284' title='bbox 321 2373 417 2411; x_wconf 83' lang='lat' dir='ltr'>mari</span> <span class='ocrx_word' id='word_1_285' title='bbox 439 2372 521 2409; x_wconf 75' lang='lat' dir='ltr'>vis?</span> <span class='ocrx_word' id='word_1_286' title='bbox 555 2370 593 2408; x_wconf 78' lang='lat' dir='ltr'>Si</span> <span class='ocrx_word' id='word_1_287' title='bbox 614 2367 810 2409; x_wconf 67' lang='lat' dir='ltr'>inimicos,</span> <span class='ocrx_word' id='word_1_288' title='bbox 832 2363 927 2416; x_wconf 89' lang='lat' dir='ltr'>quid</span> <span class='ocrx_word' id='word_1_289' title='bbox 948 2371 984 2399; x_wconf 85' lang='lat' dir='ltr'>te</span> <span class='ocrx_word' id='word_1_290' title='bbox 1004 2360 1184 2399; x_wconf 86' lang='lat' dir='ltr'>futurum</span> <span class='ocrx_word' id='word_1_291' title='bbox 1205 2357 1285 2395; x_wconf 89' lang='lat' dir='ltr'>est?</span> <span class='ocrx_word' id='word_1_292' title='bbox 1309 2367 1387 2406; x_wconf 91' lang='lat' dir='ltr'>quo</span> <span class='ocrx_word' id='word_1_293' title='bbox 1407 2348 1607 2399; x_wconf 82' lang='lat' dir='ltr'>confugies</span> <span class='ocrx_word' id='word_1_294' title='bbox 1627 2346 1638 2380; x_wconf 85' lang='lat'>?</span> <span class='ocrx_word' id='word_1_295' title='bbox 1664 2343 1733 2381; x_wconf 90' lang='lat' dir='ltr'>ubi</span> 
     </span>
     <span class='ocr_line' id='line_1_34' title="bbox 325 2411 1729 2476; baseline -0.023 1"><span class='ocrx_word' id='word_1_296' title='bbox 325 2437 474 2476; x_wconf 82' lang='lat' dir='ltr'>nitere?</span> <span class='ocrx_word' id='word_1_297' title='bbox 506 2436 625 2474; x_wconf 85' lang='lat' dir='ltr'>modo</span> <span class='ocrx_word' id='word_1_298' title='bbox 659 2443 850 2471; x_wconf 85' lang='lat' dir='ltr'>aratorum</span> <span class='ocrx_word' id='word_1_299' title='bbox 884 2426 1237 2467; x_wconf 80' lang='lat' dir='ltr'>honestiffimorum</span> <span class='ocrx_word' id='word_1_300' title='bbox 1273 2419 1498 2458; x_wconf 82' lang='lat' dir='ltr'>hominum,</span> <span class='ocrx_word' id='word_1_301' title='bbox 1538 2426 1580 2450; x_wconf 86' lang='lat' dir='ltr'>ac</span> <span class='ocrx_word' id='word_1_302' title='bbox 1618 2411 1729 2448; x_wconf 90' lang='lat' dir='ltr'>locu-</span> 
     </span>
     <span class='ocr_line' id='line_1_35' title="bbox 326 2486 1732 2556; baseline -0.022 -13"><span class='ocrx_word' id='word_1_303' title='bbox 326 2503 636 2556; x_wconf 70' lang='lat' dir='ltr'>pleziffimorum‚</span> <span class='ocrx_word' id='word_1_304' title='bbox 679 2509 716 2537; x_wconf 91' lang='lat' dir='ltr'>et</span> <span class='ocrx_word' id='word_1_305' title='bbox 752 2497 992 2538; x_wconf 72' lang='lat' dir='ltr'>Siculorum,</span> <span class='ocrx_word' id='word_1_306' title='bbox 1023 2503 1061 2530; x_wconf 88' lang='lat' dir='ltr'>et</span> <span class='ocrx_word' id='word_1_307' title='bbox 1094 2491 1241 2528; x_wconf 85' lang='lat' dir='ltr'>civium</span> <span class='ocrx_word' id='word_1_308' title='bbox 1281 2486 1552 2524; x_wconf 80' lang='lat' dir='ltr'>Romanorum</span> <span class='ocrx_word' id='word_1_309' title='bbox 1592 2490 1732 2515; x_wconf 85' lang='lat' dir='ltr'>nume—</span> 
     </span>
     <span class='ocr_line' id='line_1_36' title="bbox 328 2541 1731 2608; baseline -0.024 1"><span class='ocrx_word' id='word_1_310' title='bbox 328 2583 413 2608; x_wconf 84' lang='lat' dir='ltr'>rum</span> <span class='ocrx_word' id='word_1_311' title='bbox 435 2569 500 2607; x_wconf 88' lang='lat' dir='ltr'>abs</span> <span class='ocrx_word' id='word_1_312' title='bbox 530 2578 567 2607; x_wconf 87' lang='lat' dir='ltr'>te</span> <span class='ocrx_word' id='word_1_313' title='bbox 592 2564 835 2605; x_wconf 72' lang='lat' dir='ltr'>abalienasti:</span> <span class='ocrx_word' id='word_1_314' title='bbox 869 2574 975 2600; x_wconf 84' lang='lat' dir='ltr'>nunc</span> <span class='ocrx_word' id='word_1_315' title='bbox 1003 2559 1049 2596; x_wconf 83' lang='lat' dir='ltr'>de</span> <span class='ocrx_word' id='word_1_316' title='bbox 1086 2554 1224 2595; x_wconf 83' lang='lat' dir='ltr'>Siculis</span> <span class='ocrx_word' id='word_1_317' title='bbox 1251 2550 1472 2592; x_wconf 82' lang='lat' dir='ltr'>civitatibus</span> <span class='ocrx_word' id='word_1_318' title='bbox 1494 2545 1589 2600; x_wconf 88' lang='lat' dir='ltr'>quid</span> <span class='ocrx_word' id='word_1_319' title='bbox 1616 2541 1731 2594; x_wconf 74' lang='lat' dir='ltr'>ages?</span> 
     </span>
    </p>
   </div>
  </div>
 </body>
</html>
