2201 2792
585 204 931 245 ACTIONIS
976 205 1029 243 11.
1090 204 1292 243 LIBER
1323 204 1394 242 Ν.
1605 218 1677 257 371

284 318 360 358 qua
379 305 419 343 in
440 305 557 343 domo
576 303 658 343 haec
679 317 758 342 non
777 303 908 349 essent,
930 303 1076 342 etiamfi
1097 311 1273 355 praeterea
1293 300 1393 340 nihil
1412 300 1499 338 ess‘et
1515 300 1680 352 argenti3

283 371 423 424 patella
442 371 594 424 grandis
615 376 707 409 cu'm
728 370 875 423 figillis,
906 383 948 408 ac
969 369 1179 408 simulacris
1205 369 1407 412 Deorum;
1439 375 1579 418 patera,
1611 378 1686 417 qua

285 438 467 477 mulieres
497 438 543 476 ad
578 451 634 476 res
670 438 816 476 divinas
848 445 1073 481 uterentur3
1111 435 1375 473 thuribulum.
1426 434 1523 471 Haec
1555 441 1686 470 autem

284 502 417 542 o‘mnia
450 504 610 556 antiquo
640 517 767 556 opere,
798 513 836 541 et
865 502 1019 541 summo
1049 500 1210 540 artificio
1229 500 1353 539 facta:
1385 508 1429 537 ut
1459 498 1535 536 hoc
1555 498 1687 535 liceret

243 619 251 623 ἓ
285 570 477 623 suspicari,
507 570 617 608 fuisse
636 569 842 622 aliquando
862 569 964 621 apud
984 567 1132 607 Siculos
1152 580 1327 619 peraequa
1345 565 1591 618 proportione
1611 577 1686 600 cae-

286 644 393 673 tera:
427 636 490 674 sed
523 636 664 688 quibus
695 635 820 673 multa
851 633 1005 672 fortuna
1025 631 1232 678 ademiffet,
1264 641 1394 670 tamen
1421 630 1522 684 apud
1542 642 1604 668 eos
1626 642 1686 666 re-

287 701 458 739 manfiffe
478 715 533 746 ea,
556 715 640 753 quae
661 701 796 753 religio
817 698 1039 738 retinuiffet.

326 767 439 812 Dixi,
460 766 631 818 Judices,
654 767 778 805 multa
797 765 906 804 fuisse
926 764 1004 803 fere
1025 764 1124 817 apud
1146 763 1293 802 Siculos
1313 775 1472 801 omnes:
1496 774 1567 813 ego
1583 760 1688 798 idem

287 833 492 878 confirmo,
524 846 626 872 nunc
662 846 710 870 ne
744 846 867 870 unum
901 831 1060 884 quidem
1086 829 1170 868 effe.
1219 829 1328 880 Qid
1358 827 1434 866 hoc
1463 827 1547 865 est?
1582 825 1689 878 quod

289 899 506 938 monstrum
523 928 534 944 ,
566 899 670 951 quod
711 899 935 952 prodigium
969 899 1009 936 in
1044 896 1284 950 provinciam
1318 895 1493 933 misimus
1513 894 1524 930 ?
1561 905 1690 932 nonne

289 966 398 1004 vobis
419 966 460 1003 id
478 966 590 1018 egiss‘e
610 966 772 1009 videtur,
796 975 838 1002 ut
860 978 937 1002 non
957 965 1071 1002 unius
1092 963 1311 1007 libidinem,
1334 975 1412 999 non
1434 960 1519 998 suos
1539 957 1688 1003 oculos‚'

290 1030 353 1069 sed
372 1033 553 1070 omnium
573 1029 908 1084 cupidiflimorum
938 1029 1113 1074 insanias,
1144 1042 1238 1067 cum
1268 1029 1438 1065 Romam
1469 1025 1688 1068 revertisset,

290 1097 461 1150 expleret
480 1099 492 1135 ?
515 1097 584 1149 qui
605 1097 717 1134 simul
738 1106 852 1148 atque
872 1096 910 1133 in
932 1095 1122 1148 oppidum
1143 1094 1326 1147 quopiam
1347 1100 1513 1136 venerat,
1534 1090 1688 1129 immit—

291 1164 470 1201 tebantur
489 1164 549 1200 illi
569 1163 756 1200 continuo
775 1162 989 1214 Cybiratici
1008 1174 1131 1205 canes,
1147 1160 1215 1212 qui
1234 1159 1524 1210 investigabant,
1543 1166 1580 1195 et
1602 1170 1689 1210 pcr-

291 1228 557 1267 scrutabantur
589 1229 732 1266 omnia.
784 1229 822 1266 Si
857 1227 963 1279 quod
996 1236 1073 1264 erat
1105 1225 1246 1278 grande
1266 1238 1342 1268 vas,
1374 1233 1411 1261 et
1438 1225 1560 1275 majus
1595 1236 1691 1274 opus

291 1295 510 1339 inventum,
540 1294 619 1332 laeti
637 1292 886 1332 auferebant:
919 1293 945 1330 fi
966 1293 1095 1330 minus
1123 1290 1312 1343 ejusmodi
1333 1290 1536 1342 quippiam
1566 1289 1693 1326 venari

293 1371 499 1414 potuerant
510 1379 522 1406 ς
544 1361 611 1398 illa
630 1360 790 1413 quidem
811 1369 911 1398 certe
930 1373 1000 1413 pro
1019 1357 1224 1411 lepusculis
1245 1356 1506 1409 capiebantur,
1528 1354 1691 1408 patellas,

293 1437 445 1481 patesce,
476 1426 688 1465 thuribula.
721 1427 802 1464 Hic
824 1439 919 1478 quos
941 1425 1082 1478 putatis
1115 1424 1225 1461 fletus
1246 1422 1455 1461 mulierum
1477 1422 1490 1458 ?
1522 1433 1614 1473 quas
1635 1421 1693 1457 la-

295 1494 550 1533 mentationes
584 1493 666 1530 fieri
686 1492 810 1530 solitas
831 1491 901 1529 effe
922 1492 962 1528 in
991 1489 1096 1527 hisce
1116 1489 1229 1527 rebus
1248 1489 1260 1525 ?
1292 1502 1376 1540 quae
1397 1487 1552 1525 forsitan
1584 1485 1693 1523 vobis

295 1573 417 1612 parvae
437 1559 507 1597 effe
527 1559 753 1602 videantu1·;
786 1558 848 1596 sed
869 1570 1071 1608 magnum,
1103 1564 1141 1593 et
1171 1555 1353 1592 acerbum
1385 1553 1559 1591 dolorem
1580 1565 1694 1589 com-

296 1635 469 1670 movent,
500 1624 740 1662 mulierculis
761 1623 984 1676 praesertim,
1015 1636 1108 1659 cum
1140 1621 1355 1673 eripiuntur
1385 1633 1405 1656 e
1426 1618 1605 1661 manibus
1638 1631 1692 1662 ea,

295 1691 438 1744 quibus
459 1690 505 1728 ad
526 1703 582 1727 res
603 1689 749 1727 divinas
771 1689 828 1726 uti
841 1688 1093 1733 consuerunt,
1111 1700 1197 1739 quae
1217 1699 1237 1723 a
1257 1686 1329 1724 suis
1351 1693 1593 1736 acceperunt,
1609 1696 1692 1734 qua:

297 1758 337 1795 in
352 1756 501 1795 familia
520 1756 668 1807 semper
687 1754 857 1792 fuerunt.

351 1825 486 1862 XXII.
519 1823 600 1861 Hic
622 1821 741 1860 nolite
760 1823 970 1874 expectare,
988 1820 1083 1858 dum
1102 1832 1174 1871 ego
1192 1818 1268 1856 hoc
1287 1817 1433 1855 crimen
1451 1829 1561 1868 agam
1581 1814 1695 1852 ostia-

297 1891 396 1934 tim;
418 1889 464 1926 ab
483 1887 666 1939 AEschylo
684 1887 948 1939 Tyndaritano
967 1886 1083 1924 istum
1104 1894 1271 1938 pateram
1292 1882 1502 1926 abstulifl‘e5
1526 1895 1545 1918 a
1565 1880 1696 1918 Thra-

299 1955 387 1993 sone
418 1955 512 1992 item
533 1953 798 2005 Tyndaritano
832 1953 1041 2006 patellam3
1073 1964 1094 1988 a
1120 1948 1407 2002 Nymphodoro
1439 1946 1697 2000 Agrigentino

298 2021 559 2060 thuribulum.
593 2021 697 2058 Cum
719 2020 826 2058 testes
847 2034 894 2057 ex
916 2018 1044 2056 Sicilia
1063 2018 1175 2061 dabo,
1208 2029 1325 2068 quem
1346 2015 1462 2059 volet,
1483 2013 1547 2051 ille
1567 2013 1696 2064 eligat,

301 2100 419 2138 quem
440 2099 510 2138 ego
531 2086 764 2137 interrogem
786 2086 832 2123 de
849 2085 1014 2137 patellis,
1047 2084 1198 2136 pateris,
1222 2081 1429 2120 thuribulis
1449 2095 1457 2118 :
1482 2093 1557 2117 non
1581 2078 1698 2116 modo

300 2154 491 2206 oppidum
513 2152 682 2196 nullum,
715 2152 774 2189 sed
796 2165 842 2189 ne
867 2152 1005 2189 domus
1036 2150 1195 2202 quidem
1219 2148 1332 2202 paulo
1352 2147 1596 2199 locupletior,
1628 2158 1695 2181 cx-

303 2234 384 2272 pers
405 2219 520 2271 hujus
551 2218 697 2270 injuriae
726 2219 942 2270 reperietur.
976 2217 1059 2267 Qi
1091 2230 1182 2254 cum
1214 2216 1253 2252 in
1274 2214 1496 2252 convivium
1529 2209 1696 2253 venisset,

302 2286 327 2324 fi
360 2285 572 2337 quidquam
607 2284 726 2322 caelati
759 2284 962 2336 aspexerat,
994 2296 1154 2320 manum
1188 2281 1387 2324 abstinere,
1419 2278 1586 2329 Judiccs,
1619 2288 1695 2312 non

304 2360 462 2402 poterat.
495 2351 570 2387 Cn.
595 2350 802 2402 Pompeius
823 2348 874 2386 est
895 2348 1023 2392 Philo,
1042 2349 1110 2400 qui
1130 2347 1205 2385 fuit
1227 2345 1525 2396 Tyndaritanus.
1560 2342 1599 2379 Is.
1616 2353 1696 2376 coe-

304 2429 393 2453 nam
416 2415 474 2452 isti
504 2415 616 2452 dabat
637 2415 737 2467 apud
768 2415 899 2453 villam
921 2416 959 2451 in
982 2413 1259 2465 Tyndaritano,
1293 2410 1415 2452 Fecit,
1446 2406 1549 2458 quod
1580 2404 1698 2442 Siculi

306 2494 383 2519 non
404 2481 619 2519 audebant:
652 2481 731 2526 ille,
763 2481 858 2519 civis
880 2481 1079 2519 Romanus
1107 2477 1210 2530 quod
1241 2484 1331 2519 erat,
1363 2473 1561 2525 impunius
1594 2471 1631 2507 id
1665 2469 1698 2505 se

1215 2543 1250 2578 A
1271 2553 1291 2577 a
1310 2554 1329 2577 a
1361 2552 1381 2577 2
