2201 2792
573 97 919 141 ACTIONIS
951 96 1004 133 II.
1065 94 1275 133 LIBER
1316 94 1390 132 ΙΙΙ.
1604 106 1675 146 34¹

272 203 386 250 effet3
418 201 522 255 quod
543 200 729 253 superaret
750 197 936 251 pecuniae,
967 192 1166 234 retulisses.
1200 193 1252 237 Si,
1275 201 1317 230 ut
1337 190 1526 229 ambitiofi
1547 189 1680 228 homi—

273 285 354 316 nes,
385 278 450 308 aut
483 267 668 320 benigni3
700 278 792 303 cum
823 264 945 316 pluris
979 262 1127 300 senatus
1149 257 1372 302 aestimaffet,
1409 271 1525 310 quam
1547 257 1680 308 quanti

272 336 360 375 effet
379 348 542 379 annona,
563 346 610 371 ex
630 332 776 370 senatus
793 329 1054 373 aestimatione,
1078 340 1156 364 non
1177 339 1224 363 ex
1244 337 1403 362 annonae
1420 323 1578 366 ratione,
1602 321 1677 359 sol-

276 402 397 440 viffes.
421 401 500 445 Sin,
524 409 567 438 ut
587 399 761 452 plerique
778 396 940 451 faciunt,
962 397 1001 434 in
1019 408 1097 447 quo
1115 393 1232 430 etiam
1249 400 1327 429 erat
1346 389 1484 442 aliquis
1505 388 1683 440 quaestus,

278 468 340 507 sed
373 469 404 506 is
439 466 618 505 honestus
653 475 768 517 atque
799 462 1023 507 conceffus;
1055 459 1314 514 frumentum,
1351 456 1536 509 quoniam
1571 454 1683 492 vilius

277 543 368 578 erat,
402 547 449 571 ne
480 531 651 570 emisses:
685 528 892 582 sumpsisses
925 529 964 566 id
986 538 1254 569 nummorum,
1292 522 1397 576 quod
1418 521 1491 560 tibi
1523 520 1684 564 senatus,

280 600 392 639 cellae
412 599 585 643 nomine,
607 597 847 635 concefferat.

334 666 543 704 LXXXV.
576 664 667 702 Hoc
702 676 790 701 vero
825 660 921 714 quid
952 660 1034 698 est?
1067 672 1186 711 quam
1216 656 1333 694 habet
1366 655 1570 698 rationem,
1606 666 1685 691 non

281 746 410 786 quaero
430 731 635 785 aequitatis,
657 730 719 768 sed
739 729 853 782 ipfius
874 727 1151 780 improbitatis,
1173 733 1287 776 atque
1308 720 1583 775 impudentiae?
1602 720 1689 758 Ne-

280 813 355 852 que
374 799 480 837 enim
499 798 551 836 est
570 796 648 835 fere
665 796 895 849 quidquam,
917 793 1022 846 quod
1042 792 1222 830 homines
1243 790 1369 843 palam
1390 787 1512 826 facere
1529 786 1691 824 audeant

284 867 324 905 in
346 865 581 918 magistratu,
615 863 791 916 quamvis
813 861 997 914 improbi,
1031 859 1127 912 quin
1159 859 1238 910 ejus
1261 856 1364 901 faeti,
1387 855 1412 893 fi
1434 868 1512 892 non
1533 854 1690 897 bonam,

282 942 320 971 at
339 933 508 984 aliquam
529 931 716 969 rationem
736 928 868 967 afferre
897 927 1053 966 soleant.
1091 926 1182 964 Hoc
1203 923 1299 976 quid
1325 922 1405 960 est?
1438 920 1557 959 Venit
1586 921 1689 958 Prae-

285 1009 373 1037 tor:
404 997 664 1041 frumentum,
701 996 842 1048 inquit,
880 1007 943 1032 me
973 993 1038 1031 abs
1072 1001 1108 1031 te
1138 1004 1265 1029 emere
1298 996 1462 1042 oportet.
1510 987 1690 1039 Optime.

284 1064 472 1104 Modiam
492 1064 659 1102 denario.
699 1063 883 1114 Benigne,
916 1073 958 1098 ac
978 1058 1185 1098 liberaliter
1203 1072 1211 1095 :
1250 1070 1340 1094 nam
1360 1069 1430 1108 ego
1453 1054 1574 1092 tribus
1596 1052 1690 1090 H-S

286 1145 365 1170 non
385 1130 534 1184 poffum
565 1129 739 1168 vendere.
787 1127 897 1166 Mihi
927 1125 1125 1164 frumento
1157 1138 1235 1162 non
1266 1135 1362 1175 opus
1397 1121 1475 1159 est:
1508 1130 1692 1158 nummos

287 1197 375 1236 volo
393 1212 402 1235 :
434 1211 524 1235 nam
543 1196 788 1249 speraveram,
822 1194 950 1245 inquit
970 1202 1104 1236 arator,
1138 1204 1200 1228 me
1222 1190 1267 1227 ad
1288 1188 1459 1226 denarios
1483 1193 1690 1239 perventu·

288 1277 405 1302 rum:
437 1262 514 1306 sed,
550 1262 576 1299 fi
609 1263 663 1299 ita
683 1260 824 1299 necesse
844 1259 910 1304 est,
947 1258 1082 1310 quanti
1116 1256 1360 1295 frumentum
1392 1254 1450 1298 fit,
1483 1251 1688 1290 considera.

289 1329 416 1366 Video
436 1327 507 1366 effe
528 1328 628 1366 binis
649 1328 758 1365 H-S.
791 1325 901 1377 Qid
919 1338 1009 1376 ergo
1029 1338 1049 1361 a
1070 1337 1133 1361 me
1153 1322 1225 1360 tibi
1247 1332 1502 1358 nummorum
1523 1317 1603 1355 dari
1623 1330 1694 1369 po-

289 1395 373 1440 test,
395 1408 488 1432 cum
508 1393 656 1432 senatus
692 1393 763 1431 tibi
784 1400 986 1444 quaternos
1008 1390 1100 1428 H-S
1123 1387 1267 1426 dederit
1286 1387 1298 1424 ?
1332 1385 1440 1437 Qid
1460 1383 1607 1437 poscat,
1633 1392 1692 1420 at-

290 1461 464 1500 tendite:
495 1470 533 1500 et
551 1473 632 1505 vos,
654 1458 793 1512 quaeso,
829 1457 956 1501 fimu1,
987 1456 1152 1509 judices,
1191 1454 1412 1506 aequitatem
1435 1450 1610 1489 Praetoris
1632 1458 1690 1487 at·-

294 1528 457 1567 tendite.

357 1595 573 1644 Qaternos
596 1593 703 1637 H-S,
735 1604 831 1642 quos
854 1589 954 1628 mihi
975 1589 1122 1626 senatus
1143 1586 1325 1630 decrevit,
1356 1593 1394 1622 et
1414 1598 1460 1622 ex
1481 1583 1609 1622 aerario
1629 1582 1696 1620 de-

297 1660 368 1705 dit,
389 1673 460 1712 ego
480 1658 645 1702 habebo,
679 1666 716 1694 et
747 1657 787 1694 in
807 1656 941 1694 cistam
963 1653 1186 1693 transferam
1206 1666 1252 1690 ex
1272 1651 1377 1689 fisco.
1410 1649 1518 1700 Qid
1538 1648 1663 1701 postea
1683 1648 1696 1685 ?

297 1725 420 1778 quid?
452 1738 521 1778 pro
553 1723 710 1776 singulis
732 1721 886 1767 modiis,
919 1734 1014 1773 quos
1047 1719 1119 1757 tibi
1139 1719 1303 1771 impero,
1340 1726 1382 1754 tu
1414 1714 1513 1753 mihi
1541 1716 1697 1752 ostonos

300 1792 391 1830 H-S
422 1790 522 1828 dato.
556 1790 644 1840 Qa
677 1788 850 1826 ratione?
883 1787 991 1838 Qid
1025 1785 1161 1838 quaeris
1197 1781 1411 1822 rationem?
1443 1794 1520 1819 non
1552 1789 1698 1817 tantam

298 1859 487 1897 rationem
514 1870 569 1895 res
603 1855 732 1900 habet,
769 1863 952 1907 quantam
987 1853 1210 1896 utilitatem,
1245 1859 1360 1902 atque
1393 1847 1572 1900 praedam.
1606 1846 1698 1891 Dic,

300 1925 378 1969 dic,
400 1924 528 1976 inquit
549 1922 629 1968 ille,
650 1922 816 1975 planius.
850 1922 1006 1958 Senatus
1027 1928 1063 1957 te
1083 1918 1208 1956 voluit
1238 1915 1337 1954 mihi
1369 1927 1552 1952 nummos
1585 1913 1698 1958 dare,

302 2004 366 2029 me
397 1990 470 2028 tibi
496 1989 739 2028 frumentum
761 1988 904 2026 metiri.
936 1987 1002 2024 Tu
1033 1999 1096 2023 eos
1116 1996 1315 2027 nummos,
1348 1995 1443 2034 quos
1476 1978 1574 2018 mihi
1596 1979 1700 2017 sena-

303 2067 364 2095 tus
385 2057 463 2095 dari
483 2056 620 2100 voluit,
656 2056 734 2107 ipse
766 2053 956 2098 habebis,
988 2067 1008 2090 a
1028 2066 1104 2096 me,
1136 2052 1199 2089 cui
1231 2048 1397 2101 singulos
1432 2047 1601 2085 denarios
1622 2045 1701 2083 dari

303 2123 487 2176 oportuit,
510 2123 620 2160 binos
641 2121 761 2160 aufers
779 2122 791 2157 ?
813 2130 850 2159 et
869 2119 962 2158 huic
982 2119 1115 2171 praedae
1135 2131 1176 2155 ac
1198 2116 1419 2169 direptioni,
1438 2113 1542 2152 cellae
1559 2126 1702 2150 nomen

303 2188 473 2241 imponis
493 2188 505 2224 ?

361 2256 458 2293 Haec
480 2254 606 2292 deerat
636 2252 788 2305 injuria,
823 2260 861 2288 et
880 2249 962 2289 haec
983 2250 1177 2288 calamitas
1209 2247 1432 2290 aratoribus,
1466 2256 1502 2282 te
1524 2245 1702 2286 Praetore,

307 2335 382 2373 qua
412 2321 571 2373 reliquis
606 2318 771 2358 fortunis
804 2317 986 2361 omnibus
1028 2324 1298 2354 everterentur.
1359 2312 1464 2349 Nam
1506 2309 1599 2360 quid
1633 2307 1704 2344 effe

308 2387 446 2439 reliqui
475 2396 623 2439 poterat
651 2386 699 2431 ei,
731 2385 799 2438 qui
832 2397 898 2437 per
926 2382 1026 2422 hanc
1062 2382 1243 2434 injuriam
1276 2392 1351 2416 non
1380 2376 1496 2413 modo
1525 2373 1702 2411 frumen-

311 2462 397 2491 tum
430 2466 545 2491 omne
573 2453 760 2507 amittere,
806 2451 867 2490 sed
898 2450 1014 2488 etiam
1049 2460 1165 2488 omne
1197 2445 1497 2483 instrumentum
1528 2440 1703 2483 vendere,
