2201 2792
543 156 618 198 312
967 138 1057 178 IN
1132 137 1512 176 VERREM

539 254 673 280 omnes
694 247 811 284 erant,
835 237 903 277 nifi
923 239 968 276 ad
989 251 1051 276 eos
1074 237 1259 276 Metellus
1292 238 1419 275 Roma
1448 237 1574 274 literas
1607 233 1772 280 mififfet,
1804 233 1839 272 se
1871 233 1940 272 de-

540 320 673 346 cumas
694 307 777 358 lege
798 305 1010 344 Hieronica
1029 304 1302 348 venditurum3
1335 314 1373 341 et
1394 303 1462 341 nifi
1495 303 1541 340 ab
1568 302 1613 339 iis
1644 301 1719 339 hoc
1740 299 1940 353 petivisset,

542 383 586 412 ut
606 374 767 411 sererent
786 386 903 424 quam
924 371 1139 423 plurimum
1158 384 1167 407 ι
1191 370 1296 421 quod
1316 370 1374 406 illi
1395 369 1541 421 semper
1561 368 1617 406 sui
1637 368 1744 406 causa
1759 366 1942 411 fecerant,

541 453 635 477 cum
655 452 716 477 eos
742 451 856 476 nemo
877 445 1036 487 rogaret,
1052 434 1239 486 quamdiu
1253 433 1534 485 intelligebant,
1554 433 1626 470 sese
1645 433 1727 477 fibi,
1745 441 1782 470 et
1796 431 1942 484 populo

542 506 737 549 Romano,
762 516 837 541 non
859 502 971 539 Verri
990 510 1029 538 et
1049 501 1223 553 Apronio
1244 499 1373 544 serere,
1395 499 1629 551 impendere,
1651 498 1832 536 laborare.
1856 499 1945 549 Jam

543 585 646 616 vero,
669 570 838 621 Judices,
872 568 897 605 fi
926 567 1145 605 Siculorum
1166 565 1338 604 fortunas
1366 565 1591 617 negligitis;
1624 565 1663 609 fi,
1686 564 1943 616 quemadmo-

545 638 639 676 dum
662 637 752 675 socii
773 635 908 689 populi
929 633 1099 671 Romani
1123 647 1142 670 a
1163 632 1444 685 magistratibus
1466 632 1599 669 nostris
1622 632 1841 675 traetentur,
1868 643 1946 668 non

545 703 752 746 laboratis;
785 710 822 738 at
852 713 918 737 vos
949 712 1202 736 communem
1227 696 1361 750 populi
1382 698 1551 736 Romani
1582 696 1731 734 causam
1752 695 1944 748 suscipite,

546 779 660 820 atque
682 766 889 805 defendite.
913 765 1065 816 Ejectos
1085 774 1245 802 aratores
1266 763 1336 800 effe
1355 763 1467 808 dico,-
1491 776 1597 815 agros
1614 762 1813 814 veRigales
1830 775 1946 799 vexa-

547 844 605 873 tos
626 843 740 885 atque
759 831 972 869 exinanitos
994 844 1013 868 a
1042 830 1184 874 Verre;
1216 829 1440 882 populatam
1471 839 1722 880 vexatamque
1751 828 1948 880 provinci-

546 914 633 939 am:
670 899 752 937 haec
773 898 905 936 omnia
925 897 1043 935 doceo
1064 896 1183 934 literis
1204 896 1420 940 civitatum,
1442 904 1479 933 et
1498 895 1653 948 privatis
1674 895 1948 947 primariorum

546 968 718 1005 virorum
739 964 980 1003 testimoniis.

602 1033 715 1071 LIlI.
739 1029 848 1083 Qid
869 1030 984 1067 vultis
1005 1028 1202 1081 amplius?
1226 1042 1322 1066 num
1343 1028 1562 1081 expeehtis,
1585 1027 1679 1065 dum
1702 1028 1750 1065 L.
1765 1025 1950 1065 Metellus

546 1100 594 1145 is,
612 1099 680 1151 qui
701 1097 844 1136 multos
866 1097 906 1134 in
927 1096 1043 1134 istum
1064 1094 1174 1133 testes
1191 1095 1356 1147 imperio
1376 1104 1414 1132 et
1434 1094 1615 1147 potestate
1631 1094 1828 1138 deterruit,
1846 1093 1952 1131 idem

548 1165 679 1204 absens
700 1165 747 1202 de
768 1163 872 1201 istius
894 1162 1044 1206 scelere,
1067 1161 1329 1214 improbitate,
1356 1161 1511 1198 audacia
1532 1161 1796 1199 testimonium
1818 1157 1950 1197 dicat?

550 1247 643 1277 non,
665 1232 815 1284 opinor.
847 1231 902 1267 At
923 1229 953 1267 is
982 1228 1144 1280 optime,
1166 1228 1235 1279 qui
1255 1227 1426 1265 succeffit
1449 1227 1524 1271 isti,
1554 1228 1682 1279 potuit
1708 1225 1949 1279 cognoscere.

550 1299 609 1336 Ita
627 1297 705 1335 est:
737 1309 872 1334 verum
900 1293 1072 1332 amicitia
1101 1293 1327 1346 impeditur.
1359 1294 1413 1330 At
1441 1293 1553 1330 debet
1583 1306 1652 1330 nos
1684 1292 1860 1330 certiores
1891 1290 1951 1329 fa-

550 1378 648 1409 cere,
679 1376 757 1415 quo
778 1363 887 1415 pacto
914 1361 950 1398 se
969 1359 1107 1398 habeat
1136 1359 1346 1412 provincia.
1393 1359 1549 1404 Debet3
1582 1368 1848 1397 verumtamen
1874 1371 1954 1396 non

552 1431 719 1482 cogitur.
752 1429 863 1467 Num
885 1427 971 1479 quis
993 1426 1032 1463 in
1050 1425 1211 1463 Verrem
1232 1426 1281 1463 L.
1300 1425 1456 1463 Metelli
1476 1425 1739 1463 testimonium
1760 1422 1921 1476 requirit
1938 1424 1952 1461 ?

553 1511 682 1537 nemo.
706 1496 819 1534 Num
839 1495 925 1547 quis
947 1493 1139 1547 postulat?
1172 1506 1264 1539 non,
1297 1493 1447 1546 opinor.
1481 1492 1588 1544 Qid
1609 1493 1634 1530 s1
1663 1492 1882 1530 testimonio
1903 1492 1952 1530 L.

554 1563 711 1603 Metelli
745 1575 787 1600 ac
818 1562 937 1599 literis
972 1559 1053 1598 haec
1084 1560 1215 1597 omnia
1243 1573 1330 1597 vera
1359 1559 1430 1597 effe
1465 1559 1638 1597 docebo?
1662 1559 1756 1611 quid
1787 1558 1954 1596 dicetis?

554 1640 688 1668 utrum
710 1627 921 1666 Metellum
948 1626 1086 1664 falsum
1107 1625 1268 1664 scribere
1290 1626 1302 1662 ?
1334 1639 1381 1664 an
1412 1626 1583 1664 amicum
1604 1625 1767 1663 laedendi
1793 1624 1864 1662 effe
1883 1637 1956 1663 cu-

556 1695 728 1749 pidum?
773 1707 821 1731 an
857 1694 1077 1737 Praetorem,
1124 1691 1459 1744 quemadmodum
1491 1692 1687 1744 provincia
1713 1690 1844 1729 affe-sta
1884 1691 1956 1736 fit,

557 1761 728 1799 nescire?
776 1759 914 1797 Recita
947 1758 1071 1796 literas
1099 1759 1148 1796 L.
1185 1757 1356 1802 Metelli,
1402 1771 1494 1810 quas
1526 1757 1572 1795 ad
1607 1759 1681 1795 Cn.
1709 1756 1955 1809 Pompeium,

556 1837 594 1865 et
629 1828 691 1865 M.
715 1824 889 1864 Craffum
923 1823 1122 1868 Consules,
1158 1836 1249 1875 quas
1284 1823 1330 1860 ad
1356 1824 1420 1861 M.
1453 1823 1702 1861 Mummium
1738 1824 1957 1867 Praetorem,

557 1906 650 1945 quas
671 1892 716 1929 ad
737 1890 950 1941 Qaestores
973 1889 1093 1933 urbis,
1128 1889 1243 1926 mifit.
1277 1890 1508 1926 EPISTOLA
1532 1889 1578 1926 L.
1603 1889 1840 1926 METELLI.
1874 1889 1957 1926 De—

558 1955 873 2009 cumasj3*·21771c⁷72tt'
888 1955 959 2006 lege
980 1953 1176 1992 Hieronica
1201 1953 1355 1992 vendidi.
1389 1955 1493 1992 Cum
1514 1953 1660 1998 scribit,
1693 1954 1727 1991 se
1747 1954 1831 2006 lege
1859 1954 1959 1991 Hie·-

560 2025 689 2062 ronica
718 2019 938 2064 vendidisse,
979 2020 1073 2071 quid
1109 2019 1239 2057 scribit
1259 2020 1270 2056 ?
1303 2020 1355 2057 ita
1396 2020 1431 2057 se
1465 2019 1685 2065 vendidisse,
1728 2028 1770 2057 ut
1809 2032 1958 2065 omnes,

561 2099 696 2143 praeter
718 2088 890 2124 Verrem.
925 2088 1027 2124 Cum
1050 2086 1194 2130 scribit,
1226 2085 1261 2123 se
1281 2086 1364 2138 lege
1385 2086 1596 2124 Hieronica
1616 2085 1835 2131 vendidisse,
1867 2085 1963 2138 quid

562 2155 720 2195 scribit?
754 2154 788 2192 se
820 2167 886 2205 per
907 2152 1020 2190 istum
1048 2162 1174 2204 erepta
1196 2152 1333 2190 Siculis
1369 2153 1559 2205 majorum
1579 2152 1794 2190 nostrorum
1816 2151 1961 2190 benefi-

563 2224 634 2266 cia,
663 2223 676 2273 j
687 2234 725 2258 us
763 2219 945 2271 ipsorum,
991 2218 1256 2255 conditionem
1290 2218 1494 2263 societatis,
1540 2219 1735 2261 amicitiae,
1770 2217 1963 2254 foederum

564 2285 774 2325 reddidisse.
809 2284 930 2328 Dicit,
954 2283 1086 2335 quanti
1107 2283 1290 2335 cujusque
1319 2284 1398 2335 agri
1418 2284 1597 2321 decumas
1620 2282 1844 2320 vendiderit.
1879 2282 1962 2318 De-

564 2354 652 2391 inde
683 2351 777 2403 quid
810 2349 971 2387 scribit?
1004 2349 1140 2386 Recita
1173 2348 1219 2385 de
1250 2349 1406 2401 epistola
1436 2349 1594 2399 reliqua.
1627 2349 1770 2386 Summa
1803 2347 1847 2386 vi
1876 2346 1964 2385 data

565 2419 609 2471 (st
629 2428 734 2470 opem
766 2432 788 2454 (l
808 2430 872 2459 mr,
905 2425 946 2453 ut
967 2429 1070 2467 quam
1097 2414 1253 2467 plurimo
1280 2413 1439 2452 decumas
1458 2413 1655 2452 venderem.
1717 2416 1798 2451 Cur
1831 2412 1964 2465 igitur,

566 2486 656 2524 Met
680 2483 752 2528 lle,
798 2495 876 2521 ron
910 2481 963 2521 ita
995 2494 1136 2536 magno
1165 2480 1398 2521 vendidisti?
1488 2480 1549 2518 uia
1583 2479 1739 2519 desertas
1768 2480 1965 2524 arationes,
