2201 2792
547 206 893 247 ACTIONIS
936 208 989 248 ΙΙ.
1050 209 1260 248 LIBER
1293 211 1367 250 III.
1575 215 1652 268 287

246 322 338 348 cum
357 306 498 362 pugnis
519 316 557 346 et
581 308 751 346 calcibus
772 308 976 347 conscissus
1007 308 1094 348 effet
1110 328 1121 355 3
1137 310 1224 363 qui
1247 322 1331 348 Dcc
1355 310 1565 350 medimnis
1586 313 1654 352 de-

245 376 367 414 cidere
388 374 578 420 noluiffet‚
601 375 711 414 mille
731 376 919 428 promisit.

298 441 515 480 Eubulides
546 442 598 480 est
619 441 836 495 Grosphus,
859 444 1155 496 Centuripinus,
1191 443 1313 483 homo
1344 459 1436 483 cum
1457 445 1598 484 virtute
1618 454 1656 484 et

242 509 444 547 nobilitate
464 508 572 546 domi
594 508 678 553 suae,
702 518 786 547 tum
807 510 922 548 etiam
945 511 1107 562 pecunia
1126 511 1320 564 princeps.
1354 513 1462 550 Huic
1483 510 1653 558 homini,

241 575 411 626 Judices,
433 573 701 613 honestiffimae
724 576 887 614 civitatis
915 575 1192 620 honestiffinm,
1226 592 1304 617 non
1326 578 1447 616 modo
1464 577 1655 617 frumenti

239 641 387 686 scitote,
406 640 469 679 sed
488 642 604 679 etiam
620 642 707 679 vitae
723 651 760 679 et
781 642 973 695 sanguinis
992 652 1143 681 tantum
1162 644 1340 682 relietum
1358 644 1443 690 effe,
1460 654 1653 697 quantum

240 708 407 760 Apronii
428 707 550 745 libido
571 707 676 745 tulit.
708 708 815 746 Nam
834 709 885 754 vi,
908 710 1025 755 malo,
1049 710 1170 762 plagis
1192 711 1377 749 adduetus
1404 711 1469 756 est,
1493 721 1536 749 ut
1564 710 1651 749 fru-

239 773 362 811 menti
383 773 500 817 daret‚
524 787 600 811 non
622 782 812 825 quantum
833 773 1004 820 haberet,
1026 775 1088 813 sed
1110 786 1299 828 quantum
1322 787 1536 829 cogeretur.

293 839 492 885 Sostratus,
525 849 563 877 et
584 840 822 885 Numenius,
856 850 894 878 et
926 841 1236 894 Nymphodorus
1268 843 1438 895 ejusdem
1466 844 1648 889 civitatis,

236 919 329 944 cum
363 919 410 944 ex
440 906 539 958 agris
575 916 648 943 tres
670 905 803 944 fratres
824 907 1015 945 consortes
1036 907 1304 960 profugissent,
1338 908 1443 960 quod
1476 909 1522 946 iis
1558 910 1647 961 plus

235 971 425 1010 frumenti
457 973 741 1024 imperabatur,
773 986 892 1024 quam
924 983 1116 1025 quantum
1150 984 1370 1013 exararant:
1417 973 1647 1013 hominibus

235 1039 389 1084 coaffls,
412 1039 451 1076 in
473 1052 605 1076 eorum
628 1039 812 1076 arationes
832 1041 1030 1092 Apronius
1052 1042 1169 1086 venit,
1198 1055 1314 1079 omne
1341 1041 1646 1080 instrumentum

234 1106 408 1159 diripuit,
440 1105 629 1143 familiam
650 1105 826 1150 abduxit,
861 1120 978 1158 pecus
1015 1107 1155 1159 abegit.
1189 1108 1320 1146 Postea
1349 1122 1441 1146 cum
1472 1109 1517 1146 ad
1552 1122 1645 1147 eum

234 1170 545 1224 Nymphodorus
567 1171 721 1209 venisset
741 1173 916 1217 AEtnam,
946 1182 984 1210 et
1005 1183 1140 1218 oraret,
1163 1183 1206 1211 ut
1227 1174 1296 1211 fibi
1317 1174 1380 1212 sua
1399 1174 1643 1212 restitueren-

232 1247 321 1282 tur;
353 1236 556 1275 hominem
578 1238 733 1290 corripi,
770 1251 812 1276 ac
833 1238 1007 1291 suspendi
1038 1239 1145 1291 juffit
1178 1241 1218 1277 in
1252 1240 1411 1278 oleastro
1441 1240 1640 1292 quodam:

231 1318 316 1357 quae
335 1304 388 1342 est
415 1305 539 1349 arbor,
561 1305 734 1356 Judices,
767 1305 807 1342 in
828 1304 926 1343 foro.
959 1306 1132 1344 Tamdiu
1154 1307 1338 1359 pependit
1364 1307 1405 1344 in
1425 1307 1558 1345 arbore
1578 1306 1640 1344 so—

231 1372 312 1413 cius
344 1371 566 1423 amicusque
585 1371 723 1424 populi
743 1372 927 1417 Romani,
951 1373 996 1410 in.
1013 1372 1205 1411 sociorum
1233 1374 1327 1411 urbe
1347 1387 1388 1411 ac
1409 1372 1508 1418 foro,
1530 1373 1640 1412 colo-

230 1452 301 1477 nus
322 1448 520 1491 aratorque
541 1438 670 1483 vester,
694 1439 882 1490 quamdiu
903 1439 1078 1478 voluntas
1096 1440 1262 1493 Apronii
1283 1440 1389 1479 tulit.

290 1493 442 1543 Genera
455 1505 690 1557 jamdudum
710 1506 1056 1544 innumerabilium
1090 1507 1334 1557 injuriarum,
1355 1507 1530 1558 Judices,
1560 1507 1637 1545 fin-

227 1571 329 1623 gulis
364 1571 589 1609 nominibus
620 1569 797 1623 profero:
844 1571 1038 1610 infinitam
1074 1572 1373 1610 multitudinem
1408 1573 1638 1624 injuriarum

227 1638 490 1689 praetermitto.
522 1637 602 1673 Vos
623 1646 709 1674 ante
729 1637 861 1674 oculos
883 1637 1107 1689 animosque
1132 1637 1286 1682 vestros,
1319 1647 1399 1676 tota
1418 1638 1548 1676 Sicilia
1567 1639 1637 1677 de-

226 1716 482 1742 cumanorum
503 1702 572 1740 hos
594 1703 779 1755 impetus,
810 1713 1001 1741 aratorum
1023 1704 1271 1756 direptiones,
1299 1703 1416 1756 hujus
1438 1705 1634 1758 importu-

225 1771 402 1815 nitatem,
435 1769 602 1822 Apronii
632 1783 796 1822 regnum
830 1770 1048 1823 proponite.
1082 1771 1326 1823 Contempsit
1347 1771 1521 1810 Siculos:
1555 1785 1635 1811 non

222 1836 336 1874 duxit
362 1835 555 1879 homines,
580 1849 648 1873 nec
669 1835 767 1888 ipsos
799 1836 846 1874 ad
871 1836 1179 1888 persequendum
1202 1836 1443 1875 vehementes
1464 1836 1559 1883 fore,
1594 1847 1635 1877 et

223 1917 288 1941 vos
309 1917 443 1942 eorum
464 1903 622 1954 injurias
641 1903 776 1941 leviter
795 1903 938 1941 laturos
959 1903 1204 1942 existimavit.

281 1969 432 2009 XXIV.
469 1969 590 2007 Esto:
627 1968 760 2007 falsam
796 1970 844 2007 de
877 1969 952 2008 illis
978 1968 1117 2009 habuit
1148 1971 1389 2023 opinionem,
1422 1970 1565 2009 malam
1586 1970 1634 2009 de

223 2036 358 2075 vobis:
391 2045 641 2073 veruntamen
675 2049 768 2073 cum
803 2036 849 2073 de
869 2036 1008 2074 Siculis
1036 2037 1135 2074 male
1156 2048 1380 2082 mereretur,
1412 2038 1514 2075 cives
1545 2039 1630 2076 Ro-

222 2115 356 2141 manos
377 2101 513 2145 coluit,
534 2099 595 2138 his
615 2101 786 2146 indulsit,
807 2115 942 2139 eorum
959 2102 1149 2140 voluntati
1165 2113 1201 2141 et
1216 2104 1344 2156 gratiae
1365 2103 1516 2142 deditus
1537 2102 1629 2142 fuit.

223 2169 294 2206 Iste
329 2169 430 2205 cives
466 2167 699 2205 Romanos?
731 2169 786 2205 At
814 2168 943 2206 nullus
979 2169 1200 2215 inimicior,
1233 2180 1298 2208 aut
1330 2169 1502 2208 infestior
1534 2169 1627 2207 fuit.

221 2236 346 2273 Mitto
372 2234 524 2279 vincla,
553 2234 670 2272 mitto
703 2247 919 2279 carcerem,
945 2235 1063 2273 mitto
1096 2236 1264 2281 verbera,
1301 2237 1417 2274 mitto
1452 2236 1623 2273 secures:

219 2315 377 2339 crucem
404 2301 569 2354 denique
600 2301 707 2338 illam
729 2302 996 2353 praetermitto,
1018 2316 1137 2355 quam
1167 2303 1233 2341 iste
1263 2303 1414 2341 civibus
1436 2301 1625 2339 Romanis

219 2367 352 2405 testem
369 2367 620 2406 humanitatis
638 2368 677 2406 in
695 2381 774 2413 eos,
795 2382 836 2406 ac
855 2368 1128 2407 benevolentia:
1143 2369 1215 2407 suae
1232 2369 1354 2406 voluit
1373 2367 1444 2404 effe
1459 2381 1468 2404 z
1491 2367 1624 2411 mitto,

219 2434 393 2485 inquam,
414 2433 496 2472 haec
517 2434 661 2479 omnia,
694 2444 809 2487 atque
836 2435 875 2472 in
896 2435 1001 2473 aliud
1021 2435 1176 2473 dicendi
1198 2444 1351 2486 tempus
1384 2432 1516 2484 rejicio
1534 2446 1543 2470 :
1576 2432 1623 2470 de

218 2498 390 2537 decumis
408 2528 418 2544 ,
460 2500 507 2538 de
547 2500 693 2539 civium
731 2501 1002 2540 Romanorum
1040 2500 1262 2540 conditione
1301 2499 1342 2537 in
1387 2498 1623 2537 arationibus
