2201 2792
452 199 501 254 58
976 199 1330 239 ORATIO

449 297 564 349 hujus
586 293 756 336 hominis
778 297 1077 337 innocentissimi
1099 299 1281 344 miserias,
1304 307 1341 337 et
1361 298 1520 337 illorum
1540 297 1736 338 audaciam
1756 312 1851 352 cog·-

448 363 600 402 noscere
620 364 778 416 pofiitis,
801 373 838 401 et
859 364 1079 417 reipublicae
1101 365 1373 404 calamitatem.

501 430 574 468 VI.
608 431 693 467 Sex.
715 429 904 474 Roscius,
940 440 1044 482 pater
1074 430 1246 482 hujusce,
1281 431 1482 484 municeps
1514 431 1738 476 Amerinus,
1774 429 1851 468 fuit

446 494 538 534 cum
569 510 721 548 genere,
743 506 780 534 et
800 497 1016 542 nobilitate,
1050 507 1086 535 et
1106 499 1282 550 pecunia,
1309 512 1387 536 non
1414 498 1532 536 modo
1551 498 1606 536 sui
1627 498 1848 550 municipii,

446 576 580 602 verum
602 563 718 600 etiam
740 564 820 614 ejus
839 563 1046 601 vicinitatis
1067 562 1178 602 facile
1195 565 1358 617 primus,
1381 575 1466 602 turn
1486 565 1606 617 gratia
1625 573 1739 616 atque
1759 563 1848 602 hos-

445 630 552 680 pitiis
588 629 724 667 florens
758 628 968 668 hominum
1000 630 1338 669 nobiliffimorum.
1390 631 1497 669 Nam
1531 644 1623 669 cum
1658 630 1849 674 Metellis,

446 695 628 740 Serviliis,
651 695 896 748 Scipionibus
917 704 995 734 erat
1024 697 1060 734 ei
1087 710 1165 734 non
1186 697 1304 735 modo
1324 696 1550 749 hospitium,
1578 709 1712 734 verum
1733 695 1850 733 etiam

446 761 676 799 domesticus
710 762 795 799 usus
828 771 866 800 et
885 763 1149 808 consuetudo;
1182 777 1274 816 quas
1308 764 1369 815 (ut
1389 777 1544 816 aequum
1564 763 1634 814 est)
1666 761 1848 806 familias,

443 827 664 873 honestatis,
696 829 1040 882 amplitudinisque
1059 831 1179 883 gratia
1198 831 1373 869 nomino.
1406 832 1540 883 Itaque
1561 843 1607 868 ex
1625 829 1698 868 suis
1717 829 1848 868 omni-

444 894 516 933 bus
537 895 755 934 commodis
775 894 851 934 hoc
871 896 995 934 solum
1015 897 1097 934 filio
1118 897 1290 949 reliquit.
1337 896 1443 935 Nam
1463 897 1744 950 patrimonium
1776 895 1848 933 do-

443 961 592 999 mestici
612 962 806 1014 praedones
826 963 864 1000 vi
898 972 1074 1015 ereptum
1094 963 1310 1015 poffident;
1342 962 1445 1000 fama
1475 971 1513 999 et
1532 962 1610 999 vita
1630 960 1849 1000 innocentis

443 1027 490 1064 ab
511 1027 730 1079 hospitibus
751 1027 960 1078 amicisque
980 1028 1146 1079 paternis
1165 1027 1398 1064 defenditur.

496 1093 580 1130 Hic
611 1106 704 1130 cum
738 1093 848 1130 omni
880 1102 1053 1145 tempore
1084 1093 1298 1131 nobilitati-s
1317 1091 1445 1131 fautor
1477 1091 1618 1136 fuisset,
1651 1100 1738 1130 tum
1771 1089 1850 1129 hoc

440 1159 617 1197 tumultu
649 1159 843 1211 proximo,
879 1171 973 1196 cum
1007 1159 1187 1196 omnium
1208 1159 1403 1196 nobilium
1435 1158 1600 1210 dignitas
1631 1165 1670 1195 et
1687 1157 1784 1196 salus
1806 1158 1849 1195 in

440 1225 646 1263 discrimen
678 1225 836 1269 veniret,
869 1233 1003 1277 praeter
1036 1234 1191 1263 caeteros
1217 1225 1257 1262 in
1288 1237 1330 1263 ea
1350 1224 1546 1262 vicinitate
1577 1237 1660 1262 eam
1682 1233 1845 1276 partem,

440 1290 670 1343 causamque
690 1303 816 1343 opera,
838 1289 978 1335 studio,
1015 1291 1252 1336 auctoritate,
1287 1289 1475 1328 defendit.
1508 1291 1667 1329 Etenim
1695 1292 1845 1329 redtum

439 1357 613 1410 putabat,
644 1370 714 1410 pro
734 1370 869 1394 eorum
889 1355 1083 1395 honestate
1103 1357 1138 1395 se
1158 1371 1339 1410 pugnare,
1370 1366 1527 1410 propter
1546 1370 1641 1409 quos
1670 1356 1749 1408 ipse
1768 1355 1844 1394 ho-

439 1423 670 1461 nestiffimus
701 1424 800 1461 inter
819 1423 903 1461 suos
935 1424 1221 1462 numerabatur.
1254 1423 1504 1475 Posteaquam
1524 1423 1682 1462 victoria
1702 1422 1845 1461 consti-

439 1499 523 1529 tuta
542 1490 608 1535 est,
639 1490 685 1528 ab
706 1490 896 1542 armisque
915 1490 1132 1529 receffimus
1146 1509 1158 1536 3
1190 1504 1282 1529 cum
1303 1489 1628 1543 proscriberentur
1648 1489 1843 1535 homines,

437 1565 553 1609 atque
583 1570 631 1595 ex
661 1557 770 1595 omni
804 1557 958 1609 regione
978 1566 1203 1610 caperentur
1222 1558 1264 1603 ii,
1296 1557 1365 1610 qui
1384 1556 1579 1595 adversarii
1600 1556 1709 1595 fuiffe
1728 1564 1843 1609 puta-

437 1624 578 1662 bantur
591 1642 602 1669 3
635 1632 713 1661 erat
746 1623 813 1661 ille
833 1624 971 1662 Romae
992 1623 1184 1676 frequens,
1216 1634 1330 1677 atque
1360 1624 1399 1661 in
1421 1623 1518 1669 foro,
1549 1634 1586 1662 et
1607 1623 1647 1661 in
1668 1636 1733 1660 ore
1752 1635 1843 1661 om-

436 1690 549 1727 nium
571 1689 745 1741 quotidie
765 1689 1004 1735 versabatur;
1037 1690 1160 1743 magis
1179 1699 1224 1728 ut
1250 1690 1419 1728 exultare
1439 1689 1597 1728 vidtorifi
1627 1688 1842 1727 nobilitatis

436 1756 641 1801 videretur,
664 1769 783 1808 quam
803 1756 952 1801 timere,
971 1770 1021 1794 *ne
1042 1757 1136 1809 quid
1155 1771 1201 1796 ex
1222 1771 1264 1796 ea
1283 1757 1509 1796 calamitatis
1529 1757 1599 1795 fibi
1620 1755 1822 1794 accideret.

491 1823 612 1860 Erant
646 1822 681 1859 ei
715 1831 857 1859 veteres
892 1822 1111 1860 inimicitiae
1136 1837 1228 1861 cum
1263 1824 1412 1861 duobus
1448 1823 1598 1861 Rosciis
1625 1821 1838 1867 Amerinis,

436 1902 605 1940 quorum
626 1888 789 1925 alterum
811 1887 934 1924 sedere
956 1888 995 1925 in
1015 1888 1279 1926 accusatorum
1300 1888 1484 1926 subselliis
1505 1888 1642 1933 video;
1675 1888 1840 1926 alterum

435 1954 508 1991 tria
526 1952 686 2004 hujusce
706 1952 845 2005 praedia
864 1952 1047 2005 poffidere
1067 1954 1180 1992 audio
1198 1969 1207 1992 t
1241 1967 1333 2006 quas
1365 1954 1587 1992 inimicitias
1608 1954 1634 1991 fi
1666 1963 1745 1992 tam
1773 1966 1838 1992 ca·-

438 2033 522 2057 vere
555 2019 756 2072 potuisset,
803 2032 921 2070 quam
952 2028 1121 2058 metuere
1147 2020 1314 2066 solebat,
1343 2021 1498 2058 viveret.
1545 2020 1686 2073 Neque
1717 2021 1837 2066 enim,

434 2086 607 2137 Judices,
629 2086 769 2137 injuria
789 2086 985 2124 metuebat
1005 2101 1013 2124 ε
1037 2101 1126 2125 nam
1147 2088 1224 2126 duo
1244 2088 1302 2125 isti
1319 2088 1406 2125 sunt
1426 2089 1479 2126 T.
1496 2087 1628 2125 Roscii
1652 2088 1840 2140 (quorum

435 2151 542 2190 alteri
564 2151 746 2203 Capitoni
766 2165 981 2204 cognomen
1004 2152 1082 2198 est,
1114 2153 1196 2198 iste,
1227 2154 1293 2206 qui
1316 2152 1429 2198 adest,
1462 2154 1631 2206 Magnus
1660 2154 1835 2205 vocatur)

434 2217 614 2256 homines
634 2218 821 2270 ejusmodi
841 2233 848 2255 :
872 2218 964 2256 alter
983 2219 1241 2270 plurimarum
1262 2220 1478 2272 palmarum
1500 2228 1607 2257 vetus
1629 2232 1671 2256 ac
1693 2219 1836 2257 nobilis

435 2284 621 2336 gladiator
640 2283 829 2329 habetur,
860 2282 926 2321 hic
946 2293 1075 2322 autem
1096 2298 1217 2337 nuper
1248 2285 1283 2322 se
1303 2286 1348 2323 ad
1379 2299 1469 2322 eum
1490 2284 1663 2322 lanistam
1695 2293 1836 2322 contu-

435 2350 505 2394 lit;
538 2351 620 2402 qui,
643 2364 733 2388 cum
755 2359 841 2387 ante
861 2348 960 2387 hanc
989 2364 1159 2403 pugnam
1180 2351 1253 2389 tiro
1274 2350 1362 2388 essct
1383 2351 1551 2395 scicntia,
1579 2349 1691 2388 facile
1710 2351 1837 2403 ipsum

435 2416 660 2467 magistrum
681 2417 818 2455 scelere
838 2416 1069 2469 audaciaque
1090 2417 1290 2469 superavit.

490 2482 582 2520 VII.
616 2483 723 2521 Nam
744 2497 836 2521 cum
856 2482 921 2521 hic
942 2486 1028 2522 Sex.
1052 2483 1214 2522 Roscius
1233 2482 1320 2522 ess‘et
1342 2484 1521 2529 Ameriae,
1544 2484 1597 2522 T.
1617 2493 1746 2522 autem
1768 2483 1835 2522 iste

436 2547 597 2587 Roscius
615 2549 781 2596 Romae,
804 2563 895 2589 cum
916 2548 981 2590 hic
1002 2549 1105 2590 filius
1126 2550 1289 2590 afliduus
1310 2550 1350 2589 in
1370 2550 1520 2605 praediis
1541 2550 1642 2597 efflet,
1664 2562 1834 2604 cumque
