2201 2792
635 199 982 239 ACTIONIS
1019 200 1072 237 II.
1133 200 1343 238 LIBER
1383 202 1414 239 Ι.
1667 218 1738 258 179

331 301 541 340 hominum
562 299 795 338 existimatio
817 313 894 337 non
914 299 1096 338 movebat
1108 317 1120 344 ς
1153 312 1200 336 ne
1221 298 1320 336 illud
1350 299 1509 351 quidem
1530 301 1740 352 cogitabas,

329 366 444 420 hujus
464 365 740 420 improbiffimi
760 365 869 412 furti,
892 365 966 404 five
987 366 1080 404 adeo
1100 364 1252 403 nefariae
1269 365 1417 418 przfflae,
1436 374 1515 403 tam
1538 365 1740 412 illustrem,

326 446 370 471 ac
391 441 471 472 tam
492 432 667 472 nobilem
687 433 886 472 civitatem
920 432 1053 471 testem
1074 431 1247 470 futuram
1267 431 1280 468 ?
1323 433 1403 477 An,
1440 432 1531 484 quia
1551 441 1635 469 tum
1664 434 1740 471 Cn.

324 499 534 539 Dolabella
552 500 594 539 in
614 514 720 546 eum,
759 500 827 553 qui
847 501 881 538 ei
900 500 1128 553 myoparoni
1153 497 1369 552 praefuerat‚
1401 498 1642 551 Milesiisque
1662 513 1741 536 rem

318 566 470 619 ‚gestam
504 567 755 613 renuntiarat,
786 566 1087 606 animadvertere
1122 576 1190 605 tuo
1221 575 1357 619 rogatu
1389 575 1549 604 conatus
1584 565 1650 610 est,
1682 579 1740 603 re-

326 634 694 687 nuntiationemque
714 635 811 687 ejus,
834 648 919 687 quae
940 642 1018 672 erat
1038 634 1079 671 in
1098 633 1277 687 publicas
1298 632 1424 671 literas
1446 632 1563 670 relata
1581 632 1743 670 illorum

326 699 491 753 legibus,
515 701 601 740 tolli
614 701 770 755 jufferat
786 719 798 747 ς
830 701 977 740 idcirco
996 710 1033 740 te
1052 714 1100 739 ex
1119 699 1196 739 hoc
1216 700 1380 739 crimine
1400 698 1571 753 elapsum
1591 698 1662 738 effe
1681 712 1741 738 ar-

325 766 515 805 bitrabere
529 767 543 803 ?

380 833 554 873 XXXV.
587 833 770 873 RIultum
793 844 828 872 te
859 833 926 872 ista
944 832 1085 872 fefellit
1112 833 1261 886 opinio,
1293 841 1330 872 et
1351 832 1511 885 quidem
1532 832 1667 871 multis
1701 832 1743 870 in

324 900 435 939 locis.
468 904 626 955 Semper
645 902 752 940 enim
773 901 1010 947 existimasti,
1047 911 1085 940 et
1106 902 1277 940 maxime
1295 901 1336 939 in
1368 900 1510 945 Sicilia,
1542 900 1628 938 satis
1649 913 1740 938 cau-

326 975 414 1004 tum
448 968 523 1005 tibi
553 969 600 1006 ad
631 968 891 1007 defensionem
926 967 1022 1013 fore,
1055 969 1081 1006 fi
1112 978 1177 1006 aut
1211 966 1341 1005 referri
1371 966 1519 1019 aliquid
1546 967 1587 1004 in
1614 967 1740 1004 literas

325 1033 500 1086 publicas
523 1033 696 1073 vetuisses
713 1052 725 1078 3
756 1042 836 1078 aut,
868 1035 974 1086 quod
994 1035 1161 1072 relatum
1182 1033 1285 1078 esset,
1314 1033 1401 1072 tolli
1422 1032 1616 1086 coegiffes.
1649 1034 1741 1072 Hoc

325 1114 446 1153 quam
466 1099 568 1139 nihil
589 1100 647 1145 fit,
676 1100 824 1138 tametfi
846 1114 893 1138 ex
914 1099 1050 1139 multis
1073 1100 1212 1138 Siciliae
1232 1100 1455 1138 civitatibus
1475 1100 1601 1152 priore
1621 1100 1741 1138 actio-

323 1181 373 1205 ne
392 1166 573 1211 didicisti,
596 1175 727 1204 tamen
747 1167 866 1204 etiam
892 1166 932 1204 in
953 1165 1025 1204 hac
1045 1167 1123 1219 ipsa
1144 1166 1299 1204 civitate
1319 1166 1521 1219 cognosce.
1564 1166 1663 1205 Sunt
1682 1167 1742 1205 illi

324 1232 488 1286 quidem
508 1231 612 1270 dicto
631 1230 844 1276 audientes,
867 1231 1056 1283 quamdiu
1076 1231 1212 1269 adsunt
1232 1232 1274 1276 ii,
1297 1233 1365 1283 qui
1386 1233 1602 1285 imperant:
1627 1232 1742 1271 simul

323 1313 366 1338 ac
387 1298 647 1344 discesserunt,
678 1312 758 1337 non
790 1297 917 1337 solum
946 1298 1047 1336 illud
1079 1297 1334 1351 perscribunt,
1365 1299 1471 1350 quod
1492 1308 1577 1336 tum
1604 1298 1742 1351 prohi-

251 1407 255 1410 Α
283 1420 288 1424 .
324 1366 399 1405 biti
419 1366 520 1412 sunt,
551 1365 615 1404 sed
647 1366 764 1403 etiam
786 1364 938 1403 causam
958 1364 1194 1410 adscribunt,
1226 1378 1295 1403 cur
1328 1378 1408 1403 non
1436 1373 1523 1403 tum
1552 1365 1594 1403 in
1614 1364 1742 1405 literas

323 1432 491 1471 relatum
522 1432 580 1471 fit.
613 1432 779 1471 Manent
806 1431 883 1470 istae
914 1430 1032 1470 literae
1063 1431 1199 1470 Mileti
1214 1450 1226 1477 3
1260 1440 1433 1476 manent,
1465 1440 1517 1476 et,
1548 1431 1644 1469 dum
1671 1431 1744 1470 erit

322 1498 391 1538 illa
421 1499 570 1544 civitas,
600 1498 831 1538 manebunt.
877 1499 1028 1537 Decem
1055 1499 1161 1536 enim
1190 1511 1316 1543 naves,
1343 1498 1446 1551 jufi‘u
1478 1499 1526 1536 L.
1548 1499 1741 1544 Murenae,

325 1566 494 1620 populus
527 1565 705 1605 Milesius
737 1579 785 1604 ex
818 1565 985 1619 pecunia
1014 1565 1193 1619 vectigali
1223 1565 1361 1619 populi
1383 1565 1554 1603 Romani
1585 1563 1741 1611 fecerat,

324 1632 421 1670 ficut
441 1647 511 1685 pro
531 1633 595 1671 sua
626 1645 790 1685 quaeque
822 1641 929 1686 parte
949 1631 1048 1670 Afiae
1075 1640 1219 1671 caeterae
1239 1632 1427 1670 civitates.
1472 1632 1743 1683 Qamobrem

324 1711 443 1736 unam
473 1712 521 1737 ex
547 1699 697 1742 decem,
727 1711 808 1736 non
842 1698 1069 1751 praedonum
1100 1698 1304 1750 repentino
1334 1697 1515 1741 adventu,
1544 1697 1606 1735 sed
1627 1698 1742 1750 legati

323 1763 543 1810 latrocinio,
575 1777 653 1802 non
686 1763 724 1802 vi
754 1762 1006 1816 tempestatis,
1037 1762 1100 1801 sed
1126 1762 1198 1801 hac
1225 1762 1405 1801 horribili
1439 1762 1660 1815 tempestate
1681 1763 1741 1801 so-

324 1832 491 1876 ciorum,
528 1830 715 1876 amiffam,
751 1831 791 1869 in
825 1831 953 1869 literas
989 1830 1164 1883 publicas
1199 1830 1430 1869 retulerunt.
1474 1831 1570 1868 Sunt
1601 1830 1742 1869 Romae

324 1899 441 1952 legati
462 1897 622 1943 Milefii,
654 1896 835 1936 homines
867 1897 1110 1942 nobiliffimi,
1142 1910 1185 1934 ac
1213 1896 1407 1949 principes
1428 1896 1624 1935 civitatis:
1656 1898 1740 1950 qui,

324 1964 473 2003 tametfi
496 1964 668 2004 mensem
690 1963 961 2008 Februarium,
993 1972 1030 2001 et
1053 1961 1272 2001 Consulum
1292 1961 1576 2015 designatorum
1597 1976 1742 2001 nomen

325 2033 542 2083 expectant,
574 2040 703 2069 tamen
737 2029 813 2068 hoc
844 2038 998 2068 tantum
1020 2028 1170 2068 facinus
1205 2043 1284 2067 non
1311 2028 1430 2067 modo
1461 2042 1598 2082 negare
1619 2029 1741 2068 inter-

325 2098 462 2149 rogati,
495 2097 556 2135 sed
588 2111 636 2134 ne
669 2096 846 2149 producti
881 2096 1042 2149 quidem
1071 2096 1229 2134 reticere
1260 2105 1470 2148 poterunt:
1503 2096 1647 2141 dicent,
1678 2097 1741 2134 in-

325 2177 459 2216 quam,
492 2172 529 2201 et
549 2163 736 2215 religione
757 2162 925 2207 adducti,
957 2172 995 2200 et
1016 2162 1314 2201 domesticarum
1335 2162 1470 2215 legum
1491 2172 1614 2208 metu,
1646 2162 1741 2214 quid

323 2231 394 2269 illo
424 2243 660 2283 myoparone
689 2228 838 2267 factum
859 2229 917 2268 fit.
962 2229 1190 2275 Ostendent,
1224 2230 1272 2268 C.
1296 2229 1456 2268 Verrem
1479 2229 1520 2267 in
1548 2243 1590 2266 ea
1616 2227 1737 2272 classe,

324 2310 410 2349 quae
442 2305 575 2335 contra
602 2296 741 2349 piratas
776 2295 959 2334 aedificata
989 2295 1048 2341 sit,
1085 2296 1247 2349 piratam
1279 2295 1407 2349 ipsum
1439 2294 1740 2333 consceleratum

325 2362 449 2402 fuiffe.

382 2430 575 2468 XXXVI.
608 2431 656 2469 C.
681 2429 871 2469 Malleolo
903 2429 1102 2482 Qaestore
1134 2431 1209 2468 Cn.
1234 2426 1447 2467 Dolabellae
1473 2424 1613 2470 occiso,
1650 2425 1741 2464 duas

328 2493 397 2540 fibi
418 2494 655 2534 haereditates
669 2496 808 2535 veniffe
824 2496 1028 2535 arbitratus
1047 2495 1119 2541 est;
1143 2507 1261 2533 unam
1278 2491 1484 2545 quaestoriae
1499 2493 1740 2544 procuratio·-

328 2559 402 2605 nis,
428 2560 536 2611 (nam
556 2576 577 2600 a
596 2562 801 2601 Dolabella
819 2563 946 2602 statim
964 2575 1036 2615 pro
1052 2560 1247 2613 Qaestore
1262 2557 1384 2612 juffus
1404 2558 1457 2597 est
1473 2557 1559 2612 effe)
1582 2558 1740 2597 alteram

1357 2625 1390 2665 Z
1414 2637 1437 2665 2
