2201 2792
579 203 660 240 410
1011 189 1101 228 IN
1173 188 1556 229 VERREM

576 291 681 329 dem.
719 289 1037 342 Syracusanorum
1071 289 1240 342 aliquis?
1272 290 1450 330 minime.
1493 290 1594 342 Qis
1628 289 1749 344 igitur
1769 290 1978 329 Praetorem

576 357 771 411 appellat?
795 357 864 409 qui
885 356 1060 408 Qaestor
1078 356 1185 394 istius
1206 355 1344 402 fuerat,
1366 357 1561 397 Caecilius.
1586 358 1623 395 O
1645 371 1728 396 rem
1748 355 1971 395 ridiculam!

575 437 600 462 o
619 424 810 462 desertum
831 422 1036 461 hominem
1056 422 1063 459 Ι
1095 436 1119 461 o
1139 422 1393 476 desperatum,
1424 437 1466 461 ac
1497 424 1675 462 reliCtum
1706 438 1727 462 a
1751 423 1976 477 magistratu

575 490 730 528 Siculo!
754 490 819 528 Ne
839 488 1237 527 senatus-consultum
1259 489 1379 528 Siculi
1399 487 1579 529 homines
1599 490 1722 529 facere
1742 490 1904 544 poffent,
1926 503 1975 528 ne

574 557 689 595 suum
713 557 778 609 jus
799 556 873 595 suis
894 555 1084 601 moribus,
1115 555 1191 594 suis
1212 556 1364 609 legibus
1385 556 1560 595 obtinere
1578 556 1739 610 possent,
1772 571 1851 596 non
1871 557 1971 595 ami-

573 636 642 661 cus
662 623 784 668 istius,
817 636 894 661 non
914 621 1063 675 hospes,
1096 635 1173 661 non
1194 623 1362 675 denique
1392 623 1532 676 aliquis
1555 622 1720 668 Siculus,
1752 622 1813 661 sed
1834 623 1970 675 Qaes-

573 699 634 729 tor
655 691 862 729 Praetorem
882 689 1062 743 appellat.
1096 688 1196 741 Qis
1217 688 1293 728 hoc
1314 690 1439 728 vidit?
1471 699 1537 728 aut
1557 691 1644 743 quis
1661 690 1836 729 audivit?
1867 690 1971 729 Prae-

573 764 632 795 tor
651 771 781 811 aequus
802 765 839 795 et
859 756 1017 809 sapiens,
1049 756 1196 794 dimitti
1223 756 1338 809 jubet
1367 757 1554 795 senatum.
1587 756 1796 795 Concurrit
1826 756 1874 795 ad
1906 770 1970 795 me

571 824 743 862 maxima
773 823 1012 861 multitudo:
1045 823 1219 875 primum
1249 823 1434 861 senatores
1466 823 1646 868 clamare,
1676 823 1773 876 eripi
1803 822 1871 861 fibi
1890 823 1970 875 jus,

571 891 667 944 eripi
688 890 906 929 libertatem
926 905 935 928 :
968 889 1135 942 populus
1157 889 1329 928 senatum
1349 890 1514 935 laudare,
1545 890 1682 943 gratias
1703 903 1835 942 agere:
1867 890 1970 928 cives

570 958 742 995 Romani
761 971 781 995 a
801 971 864 995 me
884 956 1074 1009 nusquam
1095 956 1298 995 discedere.
1331 957 1423 1008 Qo
1443 956 1604 1009 quidem
1625 957 1686 995 die
1714 955 1813 995 nihil
1834 957 1970 1009 aegrius

571 1023 717 1062 fidium
737 1024 804 1069 est,
836 1023 963 1062 multo
984 1023 1112 1061 labore
1132 1037 1234 1069 meo,
1265 1037 1383 1077 quam
1416 1033 1459 1061 ut
1480 1037 1614 1062 manus
1636 1024 1682 1061 ab
1703 1023 1773 1061 illo
1799 1023 1969 1076 appella—

568 1099 650 1129 tore
671 1090 960 1129 abstinerentur.
985 1091 1091 1128 Cum
1112 1090 1158 1127 ad
1175 1091 1382 1128 Praetorem
1403 1090 1442 1128 in
1458 1091 1522 1143 jus
1539 1089 1756 1135 adiffemus,
1775 1090 1970 1142 excogitat

569 1157 654 1195 sane
675 1157 892 1210 diligenter,
927 1164 966 1194 et
996 1166 1119 1201 caute,
1152 1156 1247 1209 quid
1279 1157 1482 1196 decernat:
1515 1171 1605 1195 nam
1637 1165 1725 1195 ante
1745 1170 1863 1209 quam
1883 1170 1968 1194 ver-

567 1225 665 1263 bum
685 1223 868 1269 facerem,
890 1224 937 1261 de
958 1224 1047 1261 sella
1067 1223 1242 1269 surrexit,
1265 1233 1378 1276 atque
1398 1224 1508 1263 abiit.
1540 1225 1675 1277 Itaque
1696 1232 1781 1262 tum
1801 1224 1847 1262 de
1867 1222 1966 1269 foro,

567 1304 658 1329 cum
676 1292 758 1343 jam
779 1289 1110 1342 advesperasceret,
1132 1290 1379 1328 disceffimus.

622 1357 773 1396 LXVI.
811 1355 997 1395 Postridie
1028 1369 1141 1394 mane
1171 1356 1218 1394 ab
1250 1370 1294 1394 eo
1314 1355 1479 1409 postulo,
1512 1364 1556 1394 ut
1577 1354 1814 1408 Syracusanis
1835 1355 1967 1394 liceret

566 1422 961 1462 senatus-consultum
976 1451 987 1467 ‚
1022 1422 1128 1475 quod
1161 1423 1283 1475 pridie
1317 1421 1503 1467 feciffent,
1540 1421 1642 1460 mihi
1677 1421 1845 1460 reddere.
1897 1421 1966 1460 Ille

566 1490 764 1528 enimvero
784 1497 898 1542 negat
916 1503 925 1527 ι
956 1496 994 1526 et
1015 1489 1082 1534 ait,
1113 1488 1322 1542 indignum
1348 1487 1498 1527 facinus
1519 1487 1604 1533 effe,
1626 1487 1732 1541 quod
1752 1501 1824 1541 ego
1844 1487 1885 1526 in
1906 1488 1963 1526 se-

565 1565 657 1594 natu
680 1557 818 1594 Groeco
839 1555 953 1593 verba
978 1553 1150 1593 fecifl'em
1169 1570 1177 1593 :
1210 1554 1316 1608 quod
1347 1554 1508 1608 quidem
1528 1554 1630 1608 apud
1650 1555 1807 1593 Graecos
1829 1555 1965 1593 Graece

564 1622 717 1661 locutus
737 1622 866 1667 essem,
897 1621 936 1660 id
969 1620 1059 1660 ferri
1078 1620 1188 1660 nullo
1209 1622 1327 1660 modo
1347 1620 1462 1675 poffe.
1504 1620 1702 1675 Respondi
1721 1619 1891 1666 homini,
1922 1631 1968 1660 ut

563 1691 689 1742 potui,
713 1699 755 1728 ut
775 1689 894 1734 volui,
928 1697 972 1727 ut
992 1689 1123 1728 debui.
1156 1690 1267 1728 Tum
1289 1689 1426 1734 multa,
1453 1698 1540 1727 tum
1561 1689 1677 1727 etiam
1697 1686 1773 1726 hoc
1793 1701 1857 1726 me
1877 1702 1963 1727 me-

564 1757 662 1796 mini
683 1757 821 1802 dicere,
844 1755 957 1794 facile
978 1755 1049 1794 effe
1069 1756 1332 1809 perspicuum,
1365 1765 1558 1810 quantum
1584 1755 1685 1794 inter
1704 1753 1826 1801 hunc,
1854 1764 1892 1793 et
1911 1755 1962 1793 il-

560 1824 645 1862 lum
671 1822 951 1868 Numidicum,
984 1835 1121 1861 verum
1153 1833 1191 1861 et
1221 1836 1452 1876 germanum
1483 1822 1712 1868 Metellum,
1744 1821 1960 1861 interefl‘et:

561 1890 675 1927 illum
697 1888 857 1927 noluiffe
875 1888 938 1926 sua
958 1887 1176 1927 laudatione
1190 1889 1323 1940 juvare
1343 1890 1392 1927 L.
1408 1888 1640 1933 Lucullum,
1662 1887 1798 1925 sororis
1818 1887 1961 1933 virum,

560 1957 722 2008 quicum
743 1955 893 2009 optime
912 1954 1144 1992 conveniffet
1162 1973 1174 1999 3
1205 1953 1313 1992 hunc
1332 1954 1487 1993 homini
1507 1953 1732 1993 alieniffimo
1752 1965 1772 1991 a
1791 1953 1960 1992 civitati-

560 2022 631 2058 bus
653 2020 889 2058 laudationes
910 2032 978 2072 per
998 2020 1094 2066 vim,
1116 2029 1154 2058 et
1174 2029 1326 2058 metum
1347 2033 1581 2074 comparare.

616 2088 736 2138 Qiod
768 2087 833 2125 ubi
866 2086 1069 2132 intellexi,
1102 2087 1274 2126 multum
1306 2087 1407 2140 apud
1438 2087 1553 2126 illum
1585 2095 1754 2125 recentes
1785 2085 1958 2132 nuntios,

560 2154 733 2193 multum
765 2153 911 2192 tabulas
944 2167 1020 2192 non
1053 2154 1404 2199 commendatitias,
1437 2154 1498 2192 sed
1529 2154 1745 2192 tributarias
1777 2153 1957 2198 valuiffe3

559 2221 761 2259 admonitu
782 2219 952 2273 ipsorum
975 2220 1293 2271 Syracusanorum
1316 2221 1510 2274 impetum
1530 2221 1571 2258 in
1592 2234 1651 2258 eas
1673 2220 1820 2258 tabulas
1842 2218 1957 2263 facio,

557 2289 597 2326 in
619 2287 761 2340 quibus
781 2287 926 2339 singula
945 2286 1154 2340 perscr1pta
1173 2297 1292 2325 erant.
1326 2288 1429 2325 Ecce
1463 2296 1592 2325 autem
1625 2299 1722 2324 nova
1742 2285 1867 2330 turba,
1898 2294 1957 2323 at-

558 2368 632 2406 que
666 2354 759 2393 rixa.
791 2353 855 2391 Ne
887 2361 1014 2390 tamen
1037 2352 1151 2390 istum
1183 2354 1346 2390 omnino
1376 2352 1564 2404 Syracusis
1596 2351 1673 2390 fine
1698 2351 1849 2396 amicis,
1879 2350 1957 2389 fine

556 2420 789 2474 hospitibus,
826 2419 937 2472 plane
968 2419 1119 2457 nudum
1153 2418 1237 2464 effe,
1283 2433 1324 2457 ac
1359 2418 1550 2458 desertum
1581 2419 1752 2471 putetis;
1796 2418 1958 2456 retinere

557 2487 677 2538 coepit
712 2486 858 2525 tabulas
891 2485 1177 2525 Theomnastus
1210 2486 1383 2539 quidam,
1421 2484 1542 2523 homo
1577 2485 1739 2523 ridicule
1772 2484 1925 2522 insanus
1942 2513 1954 2530 ‚

556 2568 673 2606 quem
697 2553 914 2605 Syracusani
938 2552 1204 2592 Theoradtum
1225 2562 1362 2592 vocant
1382 2567 1391 2591 ε
1424 2553 1493 2605 qui
1514 2552 1595 2590 illic
1615 2551 1804 2605 ejusmodi
1825 2551 1890 2597 est,
1914 2559 1956 2589 ut
