2201 2792
598 173 942 214 ACTIONIS
985 176 1038 214 ΙΙ.
1099 177 1305 217 LIBER
1339 181 1411 218 III.
1622 198 1698 240 333

300 268 419 307 literis
439 269 606 323 publicis
627 272 845 318 civitatum,
879 284 916 313 et
936 288 983 314 ex
1005 276 1230 316 testimoniis
1261 279 1454 332 publicis:
1495 281 1533 319 in
1555 283 1697 334 quibus

299 334 397 373 nihil
417 336 566 382 fictum,
589 337 688 376 nihil
709 340 754 377 ad
776 350 928 394 tempus
950 344 1289 383 accommodatum
1320 346 1559 399 intelligetis.
1594 349 1699 386 Om-

298 403 373 447 nia,
405 417 489 455 quae
523 405 703 450 dicimus,
736 408 946 446 rationibus
977 410 1214 462 populorum
1246 426 1323 450 non
1345 413 1591 466 interpositis,
1628 428 1697 452 ne-

297 481 372 520 que
391 471 635 522 perturbatis,
667 486 790 524 neque
824 476 1059 527 repentinis;
1092 477 1153 515 sed
1179 479 1306 523 certis,
1335 479 1533 524 institutis,
1564 481 1698 519 ordine

296 534 422 580 relata,
454 546 567 589 atque
597 537 769 576 confec‘ta
799 539 898 578 sunt.
945 541 1082 579 Recita
1116 543 1278 581 rationes
1301 545 1586 584 Halefinorum.
1619 548 1698 584 Cui

295 602 498 652 pecuniam
519 603 645 641 datam
667 604 761 642 dicit
781 606 793 642 ?
826 606 917 650 Dic,
950 607 1012 644 dic
1033 608 1148 646 etiam
1170 609 1321 655 clarius,
1356 612 1524 656 Volcatio,
1547 610 1696 651 Timar-

294 667 399 713 chidi,
419 670 572 708 Maevio.

344 735 534 773 LXXVI.
558 737 666 788 Qid
686 737 751 782 est,
774 739 908 778 Verres
928 741 940 778 ?
964 755 1011 779 ne
1032 742 1138 781 illam
1161 744 1320 796 quidem
1343 745 1414 783 tibi
1435 744 1695 786 defensionem

294 799 482 853 reliquam
503 801 640 847 fecisti,
672 806 866 858 mancipes
889 807 928 844 in
951 807 1026 845 istis
1049 809 1159 846 rebus
1181 809 1250 847 effe
1281 811 1442 849 versatos
1462 812 1474 848 ?
1498 813 1694 866 mancipes

291 864 535 906 frumentum
557 869 815 922 improbasse?
853 873 1046 926 mancipes
1078 876 1200 927 pretio
1226 890 1317 914 cum
1348 877 1566 916 civitatibus
1586 879 1693 916 deci-

293 931 396 976 diffe,
438 942 476 970 et
509 933 659 972 eosdem
689 936 754 973 abs
789 946 840 981 te,
877 937 1030 976 illarum
1066 941 1268 979 civitatum
1305 943 1475 987 nomine,
1513 945 1692 996 pecunias

292 996 507 1043 abstuliffe5
541 999 676 1037 deinde
698 1001 796 1053 ipsos
832 1003 900 1040 fibi
920 1002 1162 1043 frumentum
1185 1007 1360 1045 coemiffe
1379 1023 1388 1046 :
1426 1008 1524 1047 nihil
1545 1008 1626 1047 haec
1644 1011 1693 1047 ad

293 1072 330 1101 te
363 1065 583 1117 pertinere?
616 1066 723 1104 Mala
757 1067 991 1114 mehercule,
1028 1084 1069 1108 ac
1101 1072 1235 1109 misera
1269 1073 1447 1119 defensio,
1486 1076 1690 1114 Praetorem

291 1127 368 1168 hoc
394 1131 532 1177 dicere,
564 1133 651 1184 Ego
671 1132 915 1173 frumentum
950 1149 1074 1188 neque
1095 1138 1219 1190 attigi,
1252 1153 1374 1191 neque
1395 1141 1545 1193 aspexi3
1578 1155 1690 1179 man-

288 1196 440 1248 cipibus
473 1198 698 1250 potestatem
733 1200 934 1251 probandi,
965 1202 1287 1256 improbandique
1318 1207 1494 1257 permisi:
1538 1209 1689 1245 manci-

288 1275 354 1314 pes
375 1276 395 1300 a
414 1264 633 1302 civitatibus
654 1267 833 1317 pecunias
854 1268 1091 1306 extorserunt
1112 1288 1121 1312 ;
1154 1283 1224 1322 ego
1254 1282 1396 1316 autem,
1431 1286 1548 1324 quam
1568 1287 1688 1326 pecu-

288 1329 394 1367 niam
425 1331 577 1384 populis
613 1331 699 1369 dare
725 1333 854 1379 debui,
889 1336 1130 1388 mancipibus
1151 1337 1252 1375 dedi.
1297 1339 1404 1376 Mala
1424 1339 1475 1377 est
1494 1339 1576 1377 haec
1597 1341 1687 1392 qui-

278 1394 393 1440 dem,
417 1405 459 1434 ut
479 1396 573 1441 dixi,
607 1396 773 1436 defenfio
805 1400 979 1438 criminis
998 1419 1009 1445 ;
1042 1402 1102 1439 sed
1125 1412 1250 1440 tamen
1273 1402 1342 1441 hac
1364 1405 1440 1457 ipsa
1461 1404 1546 1450 tibi,
1584 1407 1607 1443 s1
1631 1409 1687 1444 uti

285 1462 430 1514 cupias,
454 1477 530 1501 non
561 1463 664 1502 licet.
698 1465 812 1503 Vetat
845 1476 880 1503 te
901 1467 1114 1513 Volcatius,
1148 1479 1235 1513 tuae,
1259 1481 1492 1524 tuorumque
1526 1472 1686 1517 deliciae,

286 1529 528 1567 mentionem
549 1530 736 1583 mancipis
757 1530 892 1570 facere.
912 1533 1182 1572 Timarchides
1204 1545 1346 1580 autem,
1366 1537 1548 1575 columen
1569 1537 1687 1576 fami-

286 1592 346 1630 liae
366 1595 505 1639 vestrae,
529 1596 669 1647 premit
689 1595 816 1634 fauces
838 1597 1064 1636 defenfionis
1087 1610 1160 1638 tuae
1179 1615 1187 1638 :
1220 1602 1282 1638 cui
1304 1601 1431 1646 simul,
1453 1613 1490 1640 et
1508 1604 1688 1644 Volcatio

285 1660 449 1710 pecunia
479 1673 499 1696 a
531 1661 684 1698 civitate
719 1673 916 1700 numerata
946 1664 1010 1701 est.
1045 1665 1132 1715 Jam
1154 1679 1242 1703 vero
1273 1666 1393 1704 scriba
1422 1677 1510 1706 tuus
1543 1669 1687 1707 annulo

286 1738 398 1764 aureo
419 1727 498 1771 suo,
535 1741 652 1779 quem
673 1741 720 1766 ex
741 1727 801 1765 his
833 1730 944 1768 rebus
976 1731 1136 1776 invenit,
1168 1732 1235 1770 ista
1270 1742 1305 1770 te
1336 1735 1480 1772 ratione
1515 1736 1571 1772 uti
1606 1749 1685 1774 non

286 1792 391 1831 finet.
425 1794 533 1847 Qid
555 1795 673 1847 igitur
691 1795 742 1833 est
764 1795 974 1848 reliquum,
997 1798 1064 1836 niti
1092 1800 1148 1837 uti
1168 1798 1319 1845 fateare,
1350 1810 1385 1838 te
1407 1802 1577 1840 Romam
1598 1802 1683 1840 fru-

284 1868 462 1898 mentum
483 1870 662 1913 emptum
683 1862 902 1900 Siculorum
922 1864 1085 1916 pecunia
1105 1865 1266 1911 mififfe3
1300 1867 1495 1919 publicam
1519 1869 1682 1920 pecuni-

283 1939 345 1964 am
366 1927 530 1965 domum
552 1937 659 1966 tuam
679 1929 900 1968 convertiffe
918 1931 931 1967 ?
964 1932 1001 1967 O
1022 1932 1256 1970 consuetudo
1278 1934 1474 1986 peccandi,
1498 1945 1682 1986 quantam

282 1990 398 2029 habes
414 1994 700 2044 jucunditatem
721 1995 761 2032 in
782 1995 983 2048 improbis,
1002 2007 1038 2034 et
1059 1998 1278 2044 audacibus,
1301 2014 1391 2038 cum
1413 2014 1525 2053 poena
1541 2000 1682 2046 abfuit,

282 2066 319 2095 et
339 2057 495 2096 licentia
513 2059 713 2098 consecuta
732 2061 783 2098 est
804 2061 810 2097 !

338 2123 409 2162 Iste
442 2125 482 2161 in
516 2124 591 2162 hoc
625 2139 760 2177 genere
782 2128 977 2179 peculatus
1011 2143 1087 2168 non
1122 2144 1224 2169 nunc
1250 2132 1423 2184 primum
1456 2134 1678 2178 invenitur;

280 2189 343 2227 sed
378 2204 481 2228 nunc
516 2191 676 2229 demum
703 2200 865 2231 tenetur.
898 2195 1080 2233 Vidimus
1117 2196 1209 2234 huic
1241 2198 1287 2235 ab
1319 2199 1445 2236 aerario
1475 2200 1678 2250 pecuniam

280 2258 471 2295 numerari
537 2257 681 2296 uaestori
716 2258 761 2296 ad
787 2259 987 2312 sumptum
1020 2263 1208 2301 exercitus
1243 2264 1476 2302 consularis:
1510 2264 1678 2301 vidimus

280 2325 409 2373 paucis
429 2325 513 2377 post
533 2325 725 2363 mensibus
747 2336 784 2364 et
804 2328 1032 2373 exercitum,
1055 2338 1092 2367 et
1114 2330 1323 2367 Consulem
1345 2329 1562 2381 spoliatum.
1606 2330 1677 2367 Illa

279 2388 406 2425 omnis
439 2391 599 2441 pecunia
629 2391 742 2429 latuit
774 2392 812 2430 in
847 2393 913 2431 illa
943 2395 1120 2446 caligine,
1153 2408 1194 2431 ac
1227 2395 1404 2437 tenebris,
1435 2407 1519 2445 quae
1551 2403 1674 2433 totam

281 2456 562 2506 rempublicam
602 2466 687 2495 tum
725 2470 1016 2512 occupaverant.
1078 2461 1223 2497 Iterum
1256 2459 1364 2512 geffit
1396 2459 1674 2499 haereditariam

280 2520 506 2570 quaesturam
527 2536 618 2561 cum
640 2524 839 2563 Dolabella
861 2541 869 2563 τ
904 2539 1081 2578 magnam
1103 2526 1307 2578 pecuniam
1327 2526 1460 2565 avertit
1479 2541 1486 2565 :
1511 2525 1571 2564 sed
1591 2527 1673 2577 ejus
