2201 2792
385 89 435 128 52
906 79 1264 118 ORATIO

382 188 496 231 atque
516 179 560 217 ad
578 178 777 217 florentem
798 178 912 217 aliam
933 180 1129 225 devolare;
1159 193 1237 218 non
1257 179 1418 233 profusis
1440 179 1657 233 sumptibus
1678 181 1788 220 vive·

383 259 420 283 re
433 264 445 289 3
478 259 556 283 non
577 259 707 283 ornare
729 245 949 298 magnifice,
972 246 1245 299 splendideque
1265 247 1490 285 convivium
1506 266 1518 292 3
1551 261 1628 286 non
1648 246 1790 286 habere

382 313 546 351 domum
578 313 744 350 clausam
764 313 903 365 pudori
935 323 972 351 et
994 313 1265 359 sanctimonice,
1301 323 1511 366 patentem,
1544 324 1659 367 atque
1692 315 1787 353 adeo

381 380 592 432 expolitam
627 380 829 432 cupiditati
861 389 898 417 et
919 380 1210 432 voluptatibus:
1243 389 1390 426 contra,
1423 381 1491 419 fibi
1511 381 1703 427 officium,
1735 381 1784 419 fi-

381 445 485 490 dem,
508 445 766 497 diligentiam,
799 445 919 483 vitam
939 446 1102 484 omnino
1123 445 1270 498 semper
1289 444 1484 484 horridam
1505 455 1620 499 atque
1640 447 1783 485 aridam

381 512 488 550 cordi
507 511 639 550 fuiffe:
671 511 738 548 ista
757 511 946 564 superiora
963 511 1048 557 effe,
1082 526 1124 550 ac
1145 512 1363 566 plurimum
1383 512 1485 566 poffe
1509 512 1571 551 his
1592 513 1782 558 moribus,

380 577 508 617 sentit.
552 577 662 629 Qid
681 591 771 630 ergo
791 578 843 616 est
861 578 874 615 ?
905 579 999 617 Non
1020 579 1138 632 usque
1168 592 1212 617 eo
1232 588 1376 624 tamen,
1408 588 1451 617 ut
1470 580 1511 618 in
1531 580 1669 633 capite,
1700 578 1782 617 for-

379 644 561 697 tunisque
594 643 803 683 hominum
824 643 1173 684 honestiffimorum
1194 646 1444 685 dominentur
1463 647 1505 692 ii,
1538 646 1620 699 qui,
1653 645 1784 683 relictfi

378 711 569 750 bonorum
589 712 760 750 virorum
782 712 994 766 disciplina,
1025 721 1063 750 et
1093 713 1280 765 quaestum
1306 722 1345 750 et
1374 713 1574 766 sumptum
1607 712 1783 750 Gallonii

377 777 483 830 sequi
503 778 736 823 maluerunt,
769 787 883 831 atque
903 779 1035 824 etiam,
1063 779 1169 831 quod
1189 780 1230 817 in
1250 779 1320 817 illo
1340 793 1418 817 non
1438 778 1528 824 fuit,
1550 793 1643 817 cum
1663 779 1781 817 auda-

376 844 436 882 cia
454 844 688 897 perfidiaque
706 845 899 883 vixerunt.
931 845 970 883 Si
990 846 1082 883 licet
1102 846 1225 884 vivere
1244 859 1350 891 eum,
1371 859 1490 898 quern
1512 848 1596 884 Sex.
1620 846 1780 884 Naevius

375 923 453 948 non
473 911 585 956 vult;
618 912 644 949 fi
665 911 718 949 est
736 910 890 949 homini
910 910 1069 950 honesto
1088 912 1196 950 locus
1218 913 1259 950 in
1284 913 1452 956 civitate,
1475 913 1598 950 invito
1616 912 1753 950 Naevio
1766 929 1779 956 3

374 977 401 1014 fi
420 976 476 1015 fas
496 978 549 1015 est
568 977 745 1030 respirare
766 979 810 1015 P.
835 978 1061 1028 Qintium,
1084 987 1216 1016 contra
1235 987 1376 1015 nutum
1399 978 1667 1029 ditionemque
1683 978 1781 1016 Nae-

374 1043 426 1080 vii
439 1062 450 1088 ;
483 1044 523 1088 fi,
547 1058 631 1096 quae
650 1044 796 1095 pudore
815 1052 1038 1081 ornamenta
1057 1043 1125 1080 fibi
1145 1043 1306 1096 peperit,
1332 1056 1373 1080 ea
1405 1043 1527 1095 potest
1548 1052 1680 1081 contra
1710 1056 1783 1096 pe·-

373 1109 590 1154 tulantiam,
623 1118 659 1147 te
689 1108 933 1154 defendente,
967 1109 1166 1154 obtinere;
1199 1110 1280 1161 spes
1311 1109 1378 1153 est,
1409 1118 1447 1146 et
1470 1108 1576 1146 hunc
1598 1109 1782 1147 miserum

372 1185 486 1228 atque
505 1174 705 1213 infelicem
725 1175 931 1225 aliquando
953 1174 1107 1211 tandem
1130 1174 1231 1225 poffe
1251 1173 1461 1211 confistere.
1495 1175 1559 1211 Sin
1581 1184 1618 1211 et
1637 1175 1781 1226 poterit

372 1241 533 1280 Naevius
553 1240 607 1285 id,
629 1240 735 1292 quod
755 1239 863 1283 libet,
885 1247 923 1276 et
943 1240 978 1276 ei
998 1238 1149 1283 libebit,
1172 1238 1277 1291 quod
1297 1252 1375 1276 non
1396 1238 1488 1277 licet
1505 1257 1517 1284 3
1547 1240 1640 1293 quid
1662 1253 1778 1292 agen-

371 1308 468 1345 dum
488 1306 568 1344 est?
600 1306 668 1359 qui
689 1306 796 1344 Deus
817 1305 1065 1358 appellandus
1087 1304 1139 1343 est
1157 1306 1169 1342 ?
1193 1306 1301 1357 cujus
1321 1304 1494 1344 hominis
1515 1305 1607 1344 fides
1628 1306 1778 1358 implo-

372 1374 487 1411 randa
515 1372 596 1410 est?
628 1372 698 1425 qui
728 1372 895 1424 denique
915 1371 1083 1424 questus,
1119 1372 1188 1425 qui
1210 1385 1354 1410 moeror
1376 1372 1515 1425 dignus
1546 1372 1710 1410 inveniri
1737 1373 1778 1410 in

370 1440 588 1478 calamitate
610 1447 713 1476 tanta
732 1437 851 1491 potest
870 1437 882 1474 ?

425 1507 578 1544 XXXI.
602 1505 794 1543 Miserum
814 1505 866 1543 est
885 1504 1078 1543 exturbari
1097 1503 1263 1543 fortunis
1280 1505 1462 1543 omnibus
1479 1524 1490 1550 ς
1514 1505 1687 1544 miserius
1709 1505 1776 1551 est,

372 1574 523 1626 injuriii.
547 1573 747 1611 Acerbum
768 1572 820 1610 est
840 1572 886 1611 ab
907 1572 1038 1624 aliquo
1052 1572 1348 1617 circumveniri;
1367 1572 1556 1618 acerbius,
1575 1586 1595 1610 a
1614 1574 1777 1625 propin-

370 1654 461 1692 quo.
496 1639 774 1678 Calamitosum
796 1639 848 1677 est
869 1639 980 1677 bonis
996 1640 1138 1684 everti;
1171 1639 1440 1684 calamitofius‚
1463 1653 1555 1677 cum
1577 1639 1773 1677 dedecore.

370 1706 581 1744 Funestum
601 1705 653 1743 est
684 1719 704 1742 a
722 1704 815 1742 forti
835 1714 950 1757 atque
981 1704 1140 1743 honesto
1167 1706 1249 1743 v'iro
1264 1705 1435 1758 jugulari
1452 1724 1464 1750 3
1497 1705 1697 1751 funestius,
1728 1706 1777 1743 ab

367 1787 426 1818 eo,
454 1774 563 1824 cujus
584 1786 659 1810 vox
679 1772 718 1809 in
740 1772 934 1825 proeconio
960 1771 1105 1824 quaestu
1125 1772 1306 1825 prostitit.
1351 1772 1563 1825 Indignum
1584 1772 1635 1810 est
1655 1786 1674 1809 a
1694 1772 1775 1824 pari

368 1839 486 1883 vinci,
528 1835 594 1876 aut*
623 1838 837 1891 superiore;
869 1837 1082 1889 indignius,
1112 1838 1159 1874 ab
1191 1837 1372 1875 inferiore
1405 1846 1520 1889 atque
1545 1836 1772 1874 humiliore.

370 1904 609 1942 Liistuosurn
626 1903 678 1940 est
699 1903 794 1940 tradi
815 1902 923 1940 alteri
944 1916 1036 1940 cum
1053 1903 1189 1948 bonis3
1212 1902 1434 1947 luctuosius,
1454 1903 1630 1940 inimico.
1664 1903 1774 1941 Hor-

368 1971 480 2009 ribile
501 1971 553 2008 est
573 1970 722 2008 causam
744 1969 879 2022 capitis
911 1969 1060 2015 dicere;
1091 1968 1331 2014 horribilius,
1359 1970 1483 2022 priore
1514 1970 1601 2008 loco
1631 1970 1770 2007 dicere.

369 2038 515 2075 Omnia
535 2036 807 2089 circumspexit
825 2036 1027 2088 Qintius,
1050 2037 1181 2074 onmia
1196 2036 1431 2089 periclitatus
1452 2036 1517 2081 est,
1542 2038 1588 2074 C.
1608 2037 1742 2089 Aquili
1760 2052 1769 2075 ε

368 2118 445 2142 non
467 2105 673 2141 Praetorem
693 2103 824 2148 modo,
853 2117 873 2140 a
891 2116 969 2155 quo
987 2104 1051 2155 jus
1073 2103 1307 2155 impetraret,
1330 2103 1499 2141 invenire
1521 2116 1597 2140 non
1625 2103 1770 2156 potuit,

367 2180 480 2222 atque
501 2170 592 2208 adeo
610 2183 657 2207 ne
678 2169 778 2206 unde
799 2169 982 2207 arbitratu
1002 2169 1162 2222 quidem
1184 2170 1250 2207 suo
1272 2169 1490 2222 postularet,
1519 2169 1581 2207 sed
1602 2183 1649 2207 ne
1669 2170 1770 2206 ami--

367 2250 432 2274 cos
454 2236 612 2288 quidem
635 2238 721 2274 Sex.
744 2236 901 2280 Naevii;
938 2250 1105 2288 quorum
1138 2236 1244 2289 saepe,
1276 2244 1314 2273 et
1340 2236 1407 2274 diu
1438 2236 1483 2274 ad
1509 2236 1622 2288 pedes
1647 2236 1771 2287 jacuit

368 2302 515 2347 stratus,
547 2302 742 2340 obsecrans
776 2314 842 2355 per
864 2302 968 2339 Deos
988 2302 1241 2347 immortales,
1270 2310 1312 2339 ut
1338 2310 1403 2339 aut
1424 2301 1551 2339 secum
1567 2302 1654 2352 jure
1674 2314 1770 2338 con*

367 2368 578 2413 tenderent,
596 2378 661 2406 aut
681 2368 860 2420 injuriam
878 2368 954 2406 fine
974 2367 1190 2420 ignominia
1205 2368 1275 2406 fibi
1295 2368 1552 2420 imponerent.
1586 2367 1770 2419 Denique

367 2433 480 2485 ipsius
517 2435 669 2473 inimici
701 2434 855 2475 vultum
877 2434 1187 2487 superbiffimum
1209 2434 1354 2480 subiit,
1385 2434 1500 2487 ipfius
1533 2435 1618 2472 Sex.
1642 2433 1771 2472 Naevii
