2201 2792
663 82 953 120 ACTIO
1023 81 1332 120 PRIMA.
1629 95 1702 135 147

293 184 370 224 tuis
392 184 526 222 debeas
539 200 551 227 ς
583 179 644 219 fac
665 179 738 218 tibi
760 187 925 233 paternae
942 179 1036 233 legis
1057 180 1194 218 Aciliae
1215 181 1341 220 veniat
1362 182 1401 219 in
1421 189 1606 226 mentem,
1629 193 1704 232 qua

294 252 377 304 lege
398 248 563 302 populus
585 247 788 285 Romanus
821 245 868 284 de
888 246 1064 300 pecuniis
1084 246 1320 300 repetundis,
1351 247 1512 300 optimis
1527 247 1701 297 judiciis,

291 312 820 367 severiffimisquejudicibus
841 312 929 351 usus
950 313 1016 353 est.
1049 313 1313 352 Circumstant
1334 322 1370 352 te
1391 313 1550 351 summae
1570 314 1701 351 aueco-

292 382 434 427 ritates,
457 394 542 434 quae
563 389 600 420 te
618 380 796 419 oblivisci
815 379 939 419 laudis
960 380 1178 419 domesticae
1198 394 1276 418 non
1295 380 1417 419 sinant
1432 399 1444 425 3
1466 393 1551 432 quae
1569 388 1604 417 te
1624 379 1702 416 dies

290 447 496 501 noetesque
515 456 805 492 commoneant,
833 445 1087 485 fortiffimum
1108 446 1180 485 tibi
1201 455 1364 499 patrem,
1386 445 1701 500 sapientissimum

290 525 422 559 avum,
453 513 718 567 gravissimum
749 512 924 551 socerum
955 511 1078 552 fuisse.
1111 514 1241 564 Qare
1271 513 1298 552 fi
1330 513 1553 552 Glabrionis
1587 511 1702 565 patris

290 582 372 621 vim
391 590 430 620 et
450 581 701 628 acrimoniam
724 580 868 634 ceperis
894 579 943 619 zid
974 579 1222 619 resistendum
1252 578 1482 619 hominibus
1503 578 1703 618 audaciffi·

289 649 366 687 mis
382 667 394 694 ς
427 649 453 687 fi
485 649 544 687 avi
565 648 739 687 Scaevolae
758 647 1006 701 prudentiam
1037 647 1083 686 ad
1103 647 1388 701 prospiciendas
1422 647 1587 694 infidias,
1619 662 1704 701 quae

290 723 369 754 tuce
387 725 503 769 atque
535 714 680 754 horum
710 714 824 754 famae
843 723 1140 769 comparantur,
1172 715 1198 753 fi
1220 714 1337 754 soceri
1364 715 1495 755 Scauri
1525 716 1703 754 constan-

290 782 401 829 tiam,
435 791 478 822 ut
498 797 546 822 ne
565 783 652 836 quis
674 791 712 821 te
743 783 791 821 de
819 795 905 822 vera
933 791 972 822 et
1001 791 1104 821 certa
1134 782 1247 836 poffit
1267 782 1452 821 sententia
1472 783 1701 828 demovere3

291 848 484 904 intelliget
503 850 671 905 populus
686 851 904 896 Romanus,
922 850 1175 903 integerrimo
1190 858 1307 902 atque
1321 848 1584 889 honestissimo
1600 851 1702 889 Prae-

292 923 388 960 tore,
424 916 649 969 delectoque
682 917 862 963 consilio,
897 917 1053 956 nocenti
1088 930 1150 955 reo
1186 916 1500 969 magnitudinem
1530 916 1704 969 pecuniae

293 978 383 1031 plus
402 978 573 1019 habuiss'e
590 983 784 1020 momenti
802 982 850 1019 ad
870 982 1126 1035 suspicionem
1151 982 1341 1027 criminis,
1374 995 1492 1035 quam
1513 981 1560 1020 ad
1586 982 1702 1021 ratio-

294 1058 387 1084 nem
408 1046 554 1085 salutis.

337 1113 492 1152 XVIII.
512 1112 621 1151 Mihi
642 1122 792 1152 certum
813 1114 866 1152 est
886 1127 962 1151 non
984 1114 1244 1159 committere,
1262 1123 1305 1152 ut
1324 1116 1364 1152 in
1383 1112 1454 1152 hac
1475 1114 1582 1152 causa
1601 1116 1703 1153 Prae-

293 1186 355 1216 tor
373 1179 499 1223 nobis,
521 1179 804 1230 consiliumque
824 1188 1014 1217 mutetur.
1060 1181 1154 1217 Non
1176 1181 1296 1231 patiar
1316 1194 1398 1218 rem
1429 1182 1469 1218 in
1491 1181 1530 1218 id
1551 1190 1704 1234 tempus

291 1243 446 1289 adduci,
469 1253 512 1282 ut
533 1243 666 1289 Siculi,
696 1258 792 1296 quos
821 1243 949 1282 adhuc
970 1243 1062 1281 servi
1083 1244 1368 1296 designatorum
1391 1245 1607 1284 Consulum
1626 1261 1705 1284 non

292 1319 513 1355 moverunt,
536 1324 628 1348 cum
650 1323 713 1348 eos
735 1324 837 1349 novo
857 1309 1038 1363 exemplo
1059 1310 1251 1349 universos
1272 1311 1505 1356 arcesserent,
1527 1325 1590 1350 eos
1619 1321 1705 1351 tum

249 1408 254 1412 .
292 1376 444 1415 Ιίἑὶοῑεε
464 1377 683 1415 Consulum
703 1386 866 1422 vocent;
899 1386 942 1415 ut
962 1376 1142 1416 homines
1175 1378 1316 1423 miseri,
1341 1386 1449 1416 antea
1470 1378 1561 1418 socii
1591 1388 1706 1432 atque

292 1442 410 1480 amici
440 1442 578 1496 populi
599 1442 786 1488 Romani,
817 1456 922 1481 nunc
954 1444 1049 1481 servi
1080 1457 1122 1481 ac
1144 1444 1350 1497 supplices,
1387 1458 1466 1483 non
1497 1445 1615 1484 modo
1639 1447 1705 1498 jus

292 1509 406 1548 suum
425 1509 674 1562 fortunasque
693 1524 828 1549 omnes
848 1523 983 1548 eorum
1015 1510 1180 1563 imperio
1206 1511 1401 1557 amittant,
1434 1525 1568 1550 verum
1588 1513 1705 1551 etiam

292 1576 517 1629 deplorandi
531 1577 631 1628 juris
652 1576 708 1614 sui
729 1576 953 1629 potestatem
975 1591 1053 1615 non
1073 1576 1254 1616 habeant,
1293 1578 1387 1616 Non
1408 1578 1528 1616 finam
1549 1578 1703 1631 profec-

293 1650 348 1686 to,
380 1641 488 1680 causa
520 1655 541 1679 a
571 1656 635 1680 me
666 1652 850 1694 perorata,
886 1643 1138 1695 quadraginta
1167 1644 1302 1682 diebus
1334 1645 1581 1696 interpositis,
1618 1656 1703 1683 tum

294 1707 407 1745 nobis
428 1708 594 1759 denique
614 1707 877 1760 respondeant,
914 1721 1007 1745 cum
1042 1708 1230 1746 accusatio
1251 1708 1375 1746 nostra
1395 1709 1435 1746 in
1465 1709 1703 1747 oblivionem

293 1773 545 1812 diuturnitate
565 1773 726 1811 adducta
746 1774 817 1812 s1t:
851 1788 928 1811 non
959 1775 1222 1819 committam,
1247 1783 1288 1812 ut
1311 1784 1396 1812 tum
1418 1775 1701 1826 resjudicetur‚

292 1853 386 1878 cum
413 1839 496 1878 haec
516 1839 733 1892 frequentia
758 1842 876 1878 totius
900 1840 1018 1878 Italia:
1040 1840 1171 1878 Rom-51
1191 1840 1421 1885 discesserim
1454 1855 1538 1893 quae
1559 1855 1702 1880 conve-

293 1907 351 1944 nit
381 1920 460 1944 uno
482 1915 656 1959 tempore
691 1907 877 1960 undique,
915 1907 1183 1952 comitiorum,
1212 1907 1470 1959 judiciorum,
1503 1908 1702 1946 censendi-

294 1985 369 2024 que
388 1971 510 2010 causa.
543 1973 675 2025 Hujus
691 1973 846 2025 judicii,
877 1982 915 2010 et
936 1973 1056 2011 laudis
1085 1973 1273 2018 frustum,
1295 1982 1332 2011 et
1363 1973 1579 2012 offenfionis
1601 1976 1703 2027 peri-

292 2038 443 2083 culum,
457 2039 649 2084 vestrum3
673 2040 859 2085 laborem,
878 2040 1273 2091 sollicitudinemque,
1293 2040 1479 2085 nostram3
1503 2037 1702 2078 scientiam

294 2103 391 2156 quid
410 2113 555 2156 agatur,
591 2106 899 2158 memoriamque
933 2106 1028 2157 quid
1048 2119 1067 2143 a
1088 2119 1244 2158 quoque
1264 2106 1411 2146 dictum
1433 2107 1491 2152 fit,
1521 2108 1701 2145 omnium

293 2178 391 2223 puto
410 2169 481 2208 esse
499 2179 690 2223 oportere.

349 2237 506 2274 Faciam
527 2235 603 2275 hoc
624 2250 702 2275 non
723 2250 883 2283 novum,
906 2237 967 2275 sed
989 2239 1035 2276 ab
1057 2238 1117 2283 iis,
1139 2239 1208 2291 qui
1230 2252 1333 2277 nunc
1354 2239 1547 2292 principes
1568 2237 1702 2276 nostrae

291 2302 458 2341 civitatis
481 2302 582 2348 sunt,
609 2313 695 2341 ante
717 2303 877 2349 fastum,
913 2314 956 2342 ut
987 2304 1144 2344 testibus
1176 2315 1260 2344 utar
1281 2305 1421 2343 statim.
1455 2304 1557 2342 Illud
1591 2317 1611 2340 a
1638 2318 1701 2342 me

293 2382 456 2415 novum,
495 2371 669 2421 Judices,
707 2371 960 2424 cognoscetis,
1007 2373 1112 2424 quod
1146 2373 1198 2410 ita
1233 2372 1339 2409 testes
1376 2370 1621 2415 constituam,
1658 2380 1701 2409 ut

294 2435 443 2475 crimen
462 2445 591 2476 totum
612 2438 832 2490 explicem:
861 2439 929 2477 ubi
950 2440 988 2477 id
1010 2438 1292 2490 interrogandO,
1315 2436 1565 2489 argumentis,
1588 2447 1702 2491 atque

1314 2504 1352 2540 T
1375 2516 1396 2542 2
