2201 2792
664 151 801 188 PRO
861 152 924 190 M.
986 153 1336 193 FONTEIO.
1616 161 1694 212 489

304 246 429 285 ullum
450 246 584 285 fufium
605 248 832 300 probrosum
853 262 930 287 non
963 250 1081 288 modo
1101 251 1263 296 crimen,
1298 252 1359 290 sed
1380 266 1426 290 ne
1447 254 1694 294 maledictum

304 313 476 363 quidem,
510 313 677 352 audistis.
719 315 866 366 Ecquis
889 329 1059 367 unquam
1081 330 1180 362 reus,
1214 317 1420 370 praesertim
1447 319 1487 356 in
1518 318 1589 357 hac
1610 322 1695 358 vitae

302 378 446 415 ratione
468 378 645 424 versatus,
677 380 718 417 in
739 379 951 418 honoribus
972 382 1157 432 petendis,
1188 383 1228 420 in
1262 383 1523 435 potestatibus,
1554 385 1594 422 in
1616 386 1694 423 im—

300 444 429 495 periis,
461 446 652 497 gerendis,
683 446 732 484 fic
753 447 946 484 accusatus
969 447 1034 492 est,
1068 456 1110 485 ut
1130 449 1284 486 nullum
1305 451 1506 502 probrum,
1539 452 1695 490 nullum

300 508 465 555 facinus,
488 511 594 548 nulla
616 512 828 564 turpitudo,
851 526 934 565 quae
954 526 974 550 a
993 512 1168 559 libidine,
1191 524 1254 553 aut
1275 529 1295 552 a
1314 516 1540 568 petulantia,
1562 527 1626 555 aut
1647 519 1693 556 ab

300 575 467 622 audacia,
491 587 576 616 nata
596 578 698 623 effer,
731 579 777 617 ab
809 579 1023 616 accusatore
1053 581 1299 631 objiceretur,
1321 582 1346 620 si
1368 596 1442 620 non
1466 597 1562 628 vera,
1595 593 1692 622 atta-

232 634 242 637 *
299 655 390 680 men
412 643 510 688 ficta,
533 658 625 682 cum
646 644 773 696 aliqua
793 645 950 689 ratione,
971 658 1014 683 ac
1034 645 1244 699 suspic10ne
1267 648 1280 684 ?

353 709 469 746 XIII.
502 709 565 747 M.
588 710 798 748 AEmilium
820 711 1021 756 Scaurum,
1053 711 1252 750 summum
1283 714 1416 752 nostrae
1446 715 1612 754 civitatis
1632 717 1690 754 vi-

300 787 402 819 rum,
425 774 567 813 scimus
589 776 807 814 accusatum
827 790 847 813 a
868 777 930 815 M.
955 778 1087 815 Bruto.
1120 779 1266 817 Extant
1286 780 1489 826 orationes,
1521 795 1568 819 ex
1599 784 1689 834 qui-

298 840 370 877 bus
392 841 558 893 intelligi
578 842 713 894 potest,
737 843 860 881 multa
889 843 930 881 in
950 843 1065 882 illum
1100 845 1227 897 ipsum
1249 847 1433 884 Scaurum
1460 846 1530 884 esse
1561 848 1688 887 dieta:

297 904 404 950 falso,
441 907 527 958 quis
564 917 675 960 negat
695 909 707 944 ?
750 917 997 947 veruntamen
1029 910 1075 947 ab
1110 911 1272 948 inimico
1308 912 1421 956 dieta,
1456 922 1494 950 et
1526 906 1689 965 objestass

299 973 431 1023 Qam
453 974 577 1011 multa
597 975 672 1013 M'.
696 975 878 1027 Aquilius
901 977 1045 1015 audivit
1072 977 1110 1014 in
1133 977 1199 1015 suo
1213 978 1391 1029 judicio?
1423 993 1537 1032 quam
1567 982 1690 1019 multa

297 1039 346 1076 L.
371 1040 514 1077 Cotta?
546 1040 711 1093 denique
743 1043 787 1079 P.
811 1042 1000 1087 Rutilius,
1033 1043 1116 1095 qui,
1152 1044 1217 1082 ets1
1253 1044 1452 1083 damnatus
1487 1046 1552 1091 est,
1588 1046 1690 1085 mihi

297 1105 447 1144 videtur
468 1115 596 1144 tamen
627 1107 727 1145 inter
757 1102 859 1146 viros
882 1109 1066 1161 optimOS,
1100 1118 1213 1162 atque
1244 1111 1586 1158 innocentiffimos,
1617 1113 1688 1151 effe

295 1172 568 1210 numerandus.
601 1173 672 1210 Ille
703 1174 822 1226 igitur
841 1174 933 1226 ipse,
964 1173 1085 1213 homo
1115 1175 1364 1215 sanstiffimus
1396 1190 1438 1215 ac
1470 1187 1686 1230 temperan-

295 1237 473 1283 tiffimus,
496 1238 620 1276 multa
639 1239 785 1277 audivit
805 1240 845 1277 in
866 1240 928 1278 sua
948 1241 1069 1285 causa,
1091 1255 1175 1293 quae
1195 1244 1241 1280 ad
1261 1243 1515 1295 suspicionem
1536 1245 1685 1297 stupro-

295 1317 381 1341 rum
402 1317 445 1342 ac
465 1304 674 1342 libidinum
695 1306 941 1358 pertinerent.
974 1307 1092 1344 Extat
1113 1307 1234 1346 oratio
1264 1307 1450 1353 hominis,
1482 1318 1525 1347 ut
1554 1311 1687 1362 opinio

294 1382 380 1407 mea
399 1368 486 1415 fert,
519 1370 735 1409 nostrorum
756 1370 965 1410 hominum
991 1373 1106 1425 longe
1138 1374 1424 1426 ingeniofiffimi
1456 1385 1569 1427 atque
1603 1377 1684 1414 elo-

294 1436 544 1487 quentiffimi‚
568 1438 615 1475 C.
640 1437 838 1482 Gracchi;
871 1452 947 1490 qua
965 1439 1005 1476 in
1025 1440 1194 1477 oratione
1225 1441 1417 1492 permulta
1442 1442 1481 1479 in
1504 1443 1552 1480 L.
1576 1442 1684 1481 Piso-

292 1515 384 1540 nem
405 1504 531 1556 turpia
550 1517 591 1542 ac
612 1503 796 1555 flagitiosa
817 1505 1013 1542 dicuntur.
1045 1506 1100 1543 At
1119 1506 1160 1543 in
1181 1520 1298 1557 quern
1320 1507 1445 1545 virum
1464 1508 1476 1543 ?
1509 1509 1575 1560 qui
1598 1518 1684 1547 tan-

292 1577 330 1605 ta
349 1569 489 1606 virtute
509 1578 623 1620 atque
643 1570 860 1622 integritate
881 1569 972 1615 fuit,
1004 1580 1047 1608 ut
1067 1571 1183 1609 etiam
1212 1572 1288 1610 illis
1315 1573 1474 1625 optimis
1496 1576 1682 1627 tempori-

293 1633 378 1678 bus,
411 1647 502 1671 cum
523 1633 724 1672 hominem
747 1636 916 1672 invenire
935 1649 1102 1688 nequam
1124 1637 1317 1674 neminem
1340 1637 1471 1690 posses,
1504 1639 1602 1677 solus
1624 1650 1683 1678 ta-

291 1712 382 1737 men
416 1700 535 1752 Frugi
567 1701 839 1738 nominaretur.
874 1702 1005 1752 Qem
1036 1716 1127 1740 cum
1160 1703 1198 1740 in
1230 1704 1459 1741 concionem
1481 1705 1682 1744 Gracchus

291 1766 418 1802 vocari
433 1766 600 1816 juberet,
632 1776 668 1803 et
690 1767 809 1804 viator
840 1777 1036 1818 quaereret,
1069 1781 1186 1819 quern
1209 1768 1417 1806 Pisonem?
1452 1771 1556 1821 quod
1577 1781 1683 1809 erant

288 1829 416 1882 plures
433 1849 445 1874 5
479 1831 584 1883 Cogis
603 1845 667 1875 me,
689 1832 832 1883 inquit,
868 1832 981 1870 dicere
1000 1833 1176 1871 7'772'micum
1196 1848 1320 1878 meum,
1339 1835 1472 1886 Frugi.
1508 1837 1542 1872 Is
1564 1837 1682 1887 igitur

288 1896 360 1940 vir,
382 1910 499 1948 quem
520 1910 567 1934 ne
588 1897 768 1935 inimicus
790 1898 948 1950 quidem
969 1898 1054 1936 satis
1075 1899 1114 1936 in
1135 1899 1361 1951 appellando
1381 1900 1589 1952 significare
1610 1916 1680 1954 po-

290 1971 398 2007 terat,
430 1963 499 2000 nifi
520 1972 605 2001 ante
626 1963 828 2009 laudasset,
861 1965 928 2016 qui
949 1979 1026 2003 uno
1046 1966 1277 2018 cognomine
1298 1966 1571 2012 declarabatur,
1603 1982 1681 2006 non

289 2028 409 2066 modo
429 2029 514 2080 quis
535 2028 636 2074 effer,
669 2029 731 2067 sed
751 2031 868 2067 etiarn
889 2031 1010 2082 qualis
1030 2030 1145 2075 effet;
1179 2041 1306 2069 tamen
1333 2032 1374 2069 in
1405 2031 1536 2071 falsam
1567 2043 1681 2086 atque

287 2093 464 2146 iniquam
485 2094 715 2147 probrorum
738 2095 1065 2134 insimulationem
1087 2097 1303 2134 vocabatur.
1337 2097 1399 2136 M.
1424 2100 1608 2137 Fonteius
1631 2102 1681 2137 ita

288 2160 435 2199 duabus
456 2161 668 2199 aetionibus
689 2162 882 2200 accusatus
903 2162 968 2207 est,
991 2172 1034 2200 ut
1053 2163 1247 2214 objectum
1269 2162 1369 2201 nihil
1389 2165 1447 2210 fit,
1465 2179 1542 2217 quo
1562 2166 1678 2217 figni-

287 2226 393 2264 ficari
414 2227 617 2280 vestigium
638 2228 824 2273 libidinis,
857 2228 1089 2280 petulantiae,
1111 2229 1361 2275 crudelitatis,
1385 2232 1562 2276 audaciae,
1591 2232 1678 2283 pos-

287 2291 331 2329 slt
349 2307 358 2330 ε
387 2307 465 2331 non
486 2294 603 2332 modo
623 2294 777 2333 nullum
798 2293 947 2332 facinus
968 2294 1083 2347 hujus
1104 2297 1360 2348 protulerunt,
1383 2297 1444 2334 sed
1465 2311 1511 2334 ne
1531 2298 1677 2334 dietum

287 2358 446 2410 quidem
467 2360 623 2411 aliquod
643 2359 978 2413 reprehenderunt.

342 2424 455 2461 XIV.
487 2425 604 2475 Qod
624 2425 664 2470 fi,
697 2436 763 2464 aut
783 2435 967 2479 quantam
987 2428 1225 2466 voluntatem
1247 2426 1388 2464 habent
1408 2426 1452 2463 ad
1479 2426 1582 2464 hunc
1603 2441 1674 2479 op-

286 2489 552 2541 primendum,
585 2499 649 2529 aut
669 2500 854 2544 quantam
879 2491 924 2530 ad
945 2493 1254 2532 maledicendum
1282 2492 1491 2537 licentiam,
1526 2503 1676 2531 tantum

369 2556 435 2593 To
449 2568 499 2593 M.
523 2556 593 2593 IV.
1237 2558 1331 2609 (ξς
1352 2571 1375 2607 q
