2201 2792
532 232 606 286 338
955 231 1045 271 IN
1121 231 1501 269 VERREM

522 339 709 383 praetum,
731 340 765 370 et
785 331 842 369 hic
860 331 895 369 in
911 331 1031 369 Sicilia
1043 332 1207 384 vmssn‘us
1226 346 1260 369 es
1274 347 1287 369 :
1318 331 1358 369 ob
1377 331 1477 384 hcfic’
1495 345 1565 375 res,
1596 330 1758 384 qnoniam
1777 338 1813 369 te
1830 330 1927 369 locu-

522 398 679 449 pletavi,
701 397 763 436 hoc
782 398 911 435 annulo
930 411 1036 435 aum
1055 396 1152 434 dono.
1186 396 1285 434 Vera
1305 395 1387 434 haec
1407 395 1534 434 fuisset
1550 397 1669 434 oratio
1687 411 1695 434 :
1725 410 1801 434 non
1822 396 1928 434 enim

528 464 596 501 iste
615 464 777 501 annulus
800 476 946 507 aureus,
977 462 1042 500 abs
1077 471 1114 499 te
1145 462 1267 507 datus,
1299 462 1413 500 istum
1434 463 1560 500 virum
1586 462 1742 507 fortem,
1771 462 1833 500 sed
1852 461 1927 500 ho-

529 530 678 567 minem
700 529 935 581 locupletem
955 528 1025 566 effe
1053 528 1229 566 declarat.
1263 529 1320 566 Ita
1350 529 1515 566 eundern
1550 528 1741 567 annulum
1773 528 1820 566 ab
1854 528 1930 566 alio

530 596 678 640 datum,
713 596 844 633 testem
865 595 1018 633 virtutis
1046 595 1299 640 duceremu83
1331 595 1396 633 abs
1434 603 1471 632 te
1505 595 1706 640 donatum,
1742 595 1929 632 comitem

529 663 702 715 pecuniae
716 663 952 714 judicamus.

584 730 774 766 LXXXI.
808 729 985 774 Distum,
1007 728 1178 780 Judices,
1214 728 1266 766 est
1286 728 1332 766 de
1352 728 1566 766 decumano
1586 727 1807 766 frumento:
1844 727 1929 765 dic-

531 804 617 832 tum
639 794 684 832 de
706 803 863 846 empto:
896 803 1114 833 extremum
1144 804 1181 832 et
1201 795 1397 847 reliquum
1417 794 1482 840 est,
1515 795 1561 833 de
1581 795 1763 833 aestimato
1781 809 1790 832 :
1823 793 1930 845 quod

528 858 621 898 cum
643 860 910 912 magnitudine
930 861 1118 912 pecuniae,
1152 870 1237 898 turn
1268 860 1416 913 injuriae
1447 874 1584 912 genere
1609 860 1784 912 quemvis
1816 859 1931 896 debet

530 938 775 963 commovere
793 939 801 962 :
835 935 920 962 tum
942 939 1030 963 vero
1051 939 1096 963 eo
1117 926 1253 978 magis,
1288 925 1393 977 quod
1423 926 1469 963 ad
1499 925 1575 963 hoc
1596 926 1743 962 crimen
1769 937 1847 962 non
1867 924 1930 961 in-

530 991 680 1044 geniosa
700 991 827 1043 aliqua
847 990 1027 1036 defenfio,
1065 990 1125 1029 sed
1146 991 1427 1044 improbiffima
1446 991 1640 1036 confeffio,
1673 999 1929 1043 comparatur.

530 1059 636 1096 Nam
659 1071 751 1095 cum
783 1070 829 1095 ex
860 1057 1209 1095 senatus-consulto
1240 1067 1277 1095 et
1308 1071 1354 1095 ex
1386 1057 1536 1110 legibus
1562 1057 1804 1095 frumentum
1834 1056 1867 1094 ei
1889 1057 1931 1094 in

529 1124 667 1162 cellam
689 1123 836 1161 sumere
867 1123 1024 1168 liceret,
1057 1123 1174 1175 idque
1194 1122 1437 1162 frumentum
1457 1123 1604 1162 senatus
1636 1125 1687 1161 ita
1707 1122 1930 1168 aestimaffet,

530 1189 724 1242 quaternis
747 1189 838 1226 H-S
861 1189 980 1226 tritici
1015 1189 1208 1234 modium,
1241 1189 1355 1234 binis,
1390 1188 1548 1234 hordei5
1581 1189 1660 1234 iste,
1697 1202 1858 1226 numero
1885 1187 1931 1226 ad

530 1256 723 1294 summam
745 1255 864 1293 tritici
889 1256 1048 1306 adjeeto,
1081 1256 1200 1293 tritici
1232 1256 1383 1293 modios
1404 1255 1570 1308 fingulos
1601 1269 1693 1293 cum
1722 1255 1931 1293 aratoribus

531 1322 692 1360 denariis
714 1321 831 1359 ternis
852 1320 1063 1359 aestimavit.
1096 1321 1192 1359 Non
1217 1320 1270 1359 est
1301 1322 1341 1359 in
1364 1320 1438 1359 hoc
1460 1322 1622 1366 crimen,
1645 1321 1851 1366 Hortenfi3
1884 1334 1931 1358 ne

530 1387 628 1426 forte
648 1386 789 1425 adhoc
820 1386 1028 1432 meditere3
1060 1387 1204 1426 multos
1239 1387 1332 1440 saepe
1364 1388 1463 1426 viros
1491 1388 1626 1433 bonos,
1661 1397 1698 1425 et
1731 1386 1862 1432 fortes,
1893 1395 1931 1424 et

530 1456 754 1493 innocentes
775 1467 868 1491 cum
901 1454 1123 1498 aratoribus,
1158 1463 1195 1492 et
1225 1468 1318 1492 cum
1348 1454 1569 1493 civitatibus
1602 1454 1859 1499 frumentum,
1890 1454 1931 1490 in

531 1520 670 1559 cellam
691 1519 796 1571 quod
817 1518 915 1556 sumi
936 1528 1141 1572 oporteret,
1164 1519 1367 1565 aestimafl‘e,
1384 1528 1422 1557 et
1442 1521 1645 1572 pecuniam
1666 1533 1734 1572 pro
1754 1519 1931 1557 frumen-

532 1595 572 1625 to
592 1585 792 1624 abstuliffe.
827 1585 927 1630 Scio,
964 1586 1058 1637 quid
1090 1585 1205 1623 soleat
1238 1585 1319 1623 fieri
1337 1601 1346 1624 t
1380 1586 1469 1631 scio,
1504 1587 1597 1639 quid
1630 1586 1754 1624 liceat.
1799 1584 1929 1629 Nihil,

532 1652 637 1704 quod
658 1643 766 1689 antea
786 1649 908 1688 fuerat
928 1651 967 1688 in
989 1651 1263 1689 consuetudine
1284 1652 1491 1697 bonorum,
1524 1665 1625 1690 nunc
1646 1652 1686 1689 in
1707 1651 1812 1689 istius
1832 1650 1933 1689 facto

531 1717 848 1771 reprehenditur:
872 1716 947 1754 hoc
968 1708 1219 1769 reprehendo,
1237 1718 1342 1770 quod
1361 1732 1453 1756 curn
1474 1718 1514 1756 in
1535 1718 1664 1756 Sicilia
1684 1718 1774 1755 H—S
1801 1731 1837 1756 11
1861 1717 1932 1755 tri-

532 1785 581 1822 ici
605 1783 757 1826 modius
773 1782 876 1828 effer,
898 1792 940 1820 ut
961 1782 1067 1820 istius
1088 1783 1244 1836 epistola
1264 1784 1310 1821 ad
1331 1793 1367 1822 te
1388 1783 1494 1822 miffa
1522 1784 1700 1828 declarat,
1732 1783 1930 1821 summum

535 1852 624 1889 Iri-S
648 1850 777 1894 ternis,
802 1850 859 1901 (id
879 1849 984 1900 quod
1004 1859 1042 1887 et
1073 1850 1301 1888 testimoniis
1331 1850 1530 1894 omnibus,
1561 1859 1598 1887 et
1633 1849 1773 1887 tabulis
1807 1858 1930 1887 arato-

532 1930 618 1954 rum
640 1916 800 1968 planum
820 1914 965 1952 saecum
986 1924 1094 1952 antea
1113 1915 1181 1966 est)
1202 1925 1286 1953 tum
1306 1916 1373 1954 iste
1393 1929 1462 1968 pro
1482 1915 1600 1953 tritici
1617 1915 1756 1953 modiis
1774 1915 1931 1966 fingulis

532 1993 658 2021 ternos
680 1983 728 2019 ab
758 1981 966 2019 aratoribus
988 1981 1158 2020 denarios
1179 1983 1319 2034 exegit.
1353 1983 1443 2020 Hoc
1463 1982 1610 2020 crimen
1631 1981 1712 2027 est;
1743 1990 1787 2019 ut
1813 1981 1930 2019 intel-

531 2050 641 2101 ligaS,
673 2061 748 2085 non
770 2061 816 2084 ex
837 2047 1098 2092 aestimatione,
1131 2062 1254 2100 neque
1274 2062 1320 2087 ex
1352 2049 1467 2087 ternis
1489 2048 1650 2086 denariis
1670 2048 1834 2101 pendere
1853 2048 1930 2086 cri-

531 2129 638 2158 men,
661 2113 721 2151 sed
742 2127 787 2151 ex
808 2113 1029 2151 coauecione
1049 2127 1219 2159 annonae,
1242 2124 1356 2167 atque
1376 2114 1648 2153 aestimationis.

589 2180 798 2218 LXXXII.
823 2180 981 2216 Etenim
1003 2179 1084 2217 haec
1101 2181 1297 2218 :estimatio
1318 2190 1404 2219 nata
1424 2181 1488 2226 est,
1510 2182 1680 2232 Judices,
1704 2180 1829 2224 initio,
1853 2193 1930 2217 non

532 2262 580 2285 ex
602 2248 812 2284 Praetorum
848 2254 912 2282 aut
934 2245 1164 2290 Consulum,
1202 2247 1263 2284 sed
1283 2261 1330 2285 ex
1359 2256 1550 2286 aratorum
1577 2256 1690 2298 atque
1711 2246 1929 2289 civitatum,

533 2312 755 2351 commodo.
787 2311 920 2349 Nemo
936 2312 1040 2348 enim
1060 2311 1137 2349 fuit
1157 2312 1270 2350 initio
1290 2322 1368 2351 tam
1389 2313 1609 2365 impudens,
1629 2312 1710 2363 qui,
1732 2324 1822 2348 cum
1845 2310 1929 2348 fru-

534 2389 711 2418 mentum
749 2377 962 2421 deberetur,
994 2378 1197 2429 pecuniam
1231 2378 1413 2430 posceret.
1460 2380 1572 2416 Certe
1605 2377 1680 2415 hoc
1710 2376 1757 2414 ab
1788 2386 1930 2415 aratore

535 2446 706 2498 primum
728 2445 780 2481 est·
801 2443 1030 2496 profectum,
1050 2454 1114 2482 aut
1135 2444 1180 2481 ab
1201 2457 1242 2481 ca
1262 2445 1428 2489 civitate,
1450 2444 1513 2482 cui
1533 2443 1815 2496 imperabatur:
1838 2457 1931 2481 cum

535 2521 598 2549 aut
620 2510 861 2548 frumentum
884 2510 1118 2555 vendidifl'et‚
1140 2520 1204 2548 aut
1224 2510 1363 2549 servare
1384 2511 1511 2556 vellet,
1528 2520 1591 2548 aut
1612 2511 1651 2548 in
1671 2523 1760 2547 eum
1782 2509 1930 2554 locum,

535 2591 613 2629 quo
648 2577 927 2629 imperabatur,
959 2586 1106 2629 portare
1136 2576 1283 2616 nollet:
1330 2577 1466 2630 petivit
1495 2577 1536 2616 in
1568 2575 1745 2615 beneficii
1778 2574 1863 2614 loco
1893 2584 1931 2613 et
