2201 2792
666 86 1012 126 ACTIONIS
1054 90 1108 127 II.
1168 91 1378 132 LIBER
1410 95 1459 133 V.
1677 110 1754 151 425

361 186 683 225 memorabuntur
697 206 710 233 ς
742 188 783 226 in
804 188 947 241 quibus
968 203 1061 228 cum
1083 189 1262 243 frequens
1283 193 1423 239 fuiss'et,
1457 204 1584 235 tamen
1605 212 1675 236 oere
1695 200 1756 237 di-

361 263 469 292 rutus
490 254 555 292 est.
588 255 721 293 Multa
742 256 822 308 ejus
850 257 892 294 in
912 257 1108 310 stipendiis
1131 259 1270 298 damna
1291 260 1561 313 proferentur,
1594 279 1678 318 quae
1709 267 1756 304 ab

359 318 442 364 isto,
466 320 583 358 aetatis
603 319 732 359 fructu
748 321 937 368 dissoluta,
960 332 999 361 et
1019 325 1264 377 compensata
1287 326 1388 365 sunt.

414 387 503 437 Jam
525 400 626 432 vero,
648 401 740 425 cum
762 388 803 426 in
823 389 1012 441 ejusmodi
1033 392 1217 444 patientia
1237 393 1503 446 turpitudinis,
1525 396 1660 441 aliena,
1681 411 1758 435 non

359 451 423 490 sua
443 453 610 492 satietate
639 455 903 502 obduruiffet3
936 457 1005 510 qui
1035 459 1093 496 vir
1126 458 1257 504 fuerit,
1294 471 1391 513 quot
1420 462 1603 514 praefidia,
1639 477 1757 516 quam

358 520 524 565 munita,
546 521 719 573 pudoris,
751 531 790 560 et
810 523 1022 576 pudicitur,
1055 525 1091 562 vi
1123 535 1162 563 et
1195 527 1351 565 audacia
1371 529 1529 581 ceperit,
1566 529 1663 582 quid
1694 544 1759 569 me

357 587 496 625 attinet
526 588 666 633 dicere,
705 598 770 627 aut
801 591 1037 643 conjungere
1071 605 1163 630 cum
1195 593 1301 632 istius
1333 594 1493 647 flagitio,
1529 596 1758 649 cujusquam

355 663 534 706 praeterea
555 655 719 693 dedecus
739 656 752 693 ?
784 669 862 694 non
894 656 1049 702 faciam,
1072 659 1258 710 Judices:
1291 662 1423 700 omnia
1448 671 1574 701 vetera
1600 673 1756 717 praeter-

357 720 526 759 mittam.
561 722 653 760 Duo
673 722 750 760 sola
781 724 946 763 recentia
965 724 1042 763 fine
1073 726 1302 779 cujusquam
1329 727 1488 767 infamia
1507 744 1648 782 ponam
1667 750 1679 776 ;
1711 746 1759 771 ex

357 786 499 838 quibus
534 788 796 839 conjecturam
815 788 939 828 facere
969 790 1016 828 de
1042 792 1227 830 omnibus
1259 793 1420 845 poffitis.
1470 796 1608 834 Unum
1642 797 1756 843 illud,

357 854 462 905 quod
483 854 535 892 ita
554 854 631 893 fuit
651 855 810 902 illustre,
834 867 1051 911 notumque
1071 861 1269 906 omnibus,
1298 871 1341 899 ut
1361 875 1482 901 nemo
1499 872 1577 902 tam
1599 865 1756 903 rustica-

357 933 429 958 nus
464 919 599 966 homo,
633 923 682 961 L.
706 923 889 969 Lucullo,
925 935 963 962 et
996 926 1060 964 M.
1084 927 1201 965 Cotta
1222 927 1472 974 Consulibus,
1507 930 1679 969 Romam
1709 945 1758 970 ex

358 987 440 1025 ullo
462 988 679 1041 municipio
699 990 910 1029 vadimonii
934 992 1041 1030 causa
1060 994 1220 1039 venerit,
1251 995 1349 1046 quin
1368 995 1492 1041 sciret,
1520 997 1608 1048 jura
1627 999 1758 1037 omnia

357 1053 533 1091 Praetoris
570 1055 730 1100 urbani,
768 1066 889 1102 nutu,
928 1067 1042 1110 atque
1075 1059 1233 1097 arbitrio
1254 1058 1482 1099 Chelidonis
1503 1063 1758 1102 meretriculae

355 1120 587 1171 gubernari:
620 1121 799 1167 alterum,
833 1123 953 1176 quod,
984 1138 1077 1163 cum
1098 1125 1300 1178 paludatus
1332 1127 1475 1173 exisset,
1497 1137 1662 1182 votaque
1688 1145 1757 1183 pro

355 1186 522 1238 imperio
542 1187 623 1232 suo,
656 1190 940 1242 communique
960 1191 1097 1244 populi
1119 1193 1290 1230 Romani
1326 1194 1589 1247 nuncupasset,
1624 1198 1755 1241 noctu,

355 1252 475 1305 stupri
496 1253 618 1298 causa,
649 1254 783 1293 lectica
803 1256 843 1294 in
865 1257 1001 1297 urbem
1023 1257 1217 1296 introferri
1238 1259 1370 1298 solitus
1396 1260 1449 1298 est
1468 1261 1514 1298 ad
1536 1261 1755 1309 mulierem,

354 1329 518 1372 nuptam
538 1320 620 1364 uni,
656 1322 889 1373 propofitam
923 1323 1121 1369 omnibus,
1157 1335 1289 1363 contra
1308 1325 1379 1371 fas,
1411 1335 1545 1366 contra
1576 1328 1757 1383 auspicia,

331 1400 336 1403 ·
354 1395 488 1424 contra
508 1400 643 1424 omnes
673 1387 834 1434 divinas,
866 1398 982 1441 atque
1001 1388 1190 1429 humanas
1208 1391 1427 1445 religiones.

410 1453 525 1492 XIV.
559 1453 595 1490 O
618 1453 688 1491 Dii
719 1453 986 1493 immortales!
1020 1456 1116 1508 quid
1147 1456 1302 1496 interest
1330 1459 1432 1497 inter
1451 1468 1601 1498 mentes
1621 1459 1755 1500 homi-

353 1532 466 1565 num,
488 1529 526 1558 et
545 1520 799 1573 cogitationes
819 1521 831 1558 ?
864 1523 922 1560 Ita
942 1521 1042 1560 mihi
1064 1536 1191 1563 meam
1212 1525 1467 1574 voluntatem,
1489 1526 1675 1581 spemque
1694 1542 1756 1567 re-

354 1585 470 1637 liquae
491 1587 577 1625 vitae
597 1586 728 1632 vestra,
762 1588 978 1640 populique
999 1590 1168 1628 Romani
1188 1591 1421 1631 existimatio
1446 1595 1689 1647 comprobet,
1712 1604 1757 1635 ut

355 1664 440 1703 ego,
464 1665 561 1704 quos
583 1652 709 1691 adhuc
736 1652 835 1691 mihi
866 1655 1107 1707 magistratus
1128 1657 1295 1710 populus
1317 1659 1517 1698 Romanus
1544 1661 1753 1707 mandavit,

353 1717 404 1754 fic
425 1731 488 1756 eos
510 1720 652 1772 accepi,
686 1728 729 1757 ut
752 1733 814 1758 me
832 1722 1014 1759 omnium
1035 1722 1255 1761 officiorum
1277 1725 1462 1778 obstringi
1488 1726 1673 1778 religione
1693 1741 1752 1766 ar-

353 1783 522 1823 bitrarer.
559 1786 617 1823 Ita
638 1786 813 1837 Qaestor
844 1787 926 1825 sum
949 1787 1084 1833 faetus,
1120 1799 1161 1826 ut
1189 1789 1287 1827 mihi
1312 1789 1499 1829 honorem
1522 1792 1635 1830 illum
1667 1802 1753 1832 tum

352 1864 432 1888 non
453 1851 576 1889 solum
599 1852 747 1897 datum,
771 1853 831 1891 sed
852 1855 968 1892 etlam
990 1856 1196 1901 creditum,
1228 1871 1270 1895 ac
1292 1858 1539 1896 commiffum
1561 1869 1752 1911 putarem.

353 1917 414 1955 Sic
435 1918 588 1956 obtinui
611 1920 837 1972 quaesturam
860 1922 898 1958 in
922 1923 1119 1973 provincia
1141 1923 1283 1968 Sicilia,
1305 1933 1345 1962 ut
1366 1925 1545 1963 omnium
1563 1926 1695 1965 oculos
1714 1928 1754 1965 in

354 1997 416 2020 me
437 1998 560 2022 unum
579 1987 771 2037 conjectos
793 1988 1009 2032 arbitrar<3r3
1034 1998 1075 2026 ut
1093 2003 1170 2033 me,
1185 1991 1493 2043 quzesturamque
1511 2005 1636 2030 meam
1651 1995 1753 2045 quasi

354 2050 393 2086 in
414 2050 543 2102 aliquo
564 2052 667 2089 orbis
690 2062 795 2091 terrae
813 2053 961 2091 theatro
981 2055 1111 2092 versari
1134 2057 1390 2095 existimarem
1408 2077 1419 2102 ς
1443 2067 1485 2096 ut
1501 2059 1633 2097 omnia
1653 2059 1752 2097 scm-

352 2129 430 2167 per‚
447 2130 530 2168 quae
546 2118 720 2169 jucunda
742 2119 919 2157 videntur
939 2120 1022 2165 effe,
1043 2135 1117 2159 non
1141 2123 1257 2161 modo
1277 2122 1337 2161 his
1355 2125 1660 2168 extraordinariis
1683 2140 1751 2163 cu-

352 2182 592 2234 piditatibus,
617 2184 677 2222 sed
698 2186 812 2223 etiam
835 2186 901 2237 ipfi
925 2197 1080 2232 naturoe,
1103 2202 1145 2226 ac
1167 2190 1386 2235 neceffitati,
1411 2191 1649 2244 denegarem.

409 2248 531 2286 Nunc
554 2249 636 2287 sum
658 2251 872 2304 designatus
890 2252 1030 2290 AEdilis
1051 2268 1060 2291 :
1094 2252 1216 2292 habeo
1238 2257 1438 2300 rationem,
1462 2257 1553 2308 quid
1576 2270 1593 2293 a
1610 2257 1753 2308 populo

354 2314 534 2352 Romano
555 2318 770 2369 acceperim
791 2333 798 2354 :
832 2316 931 2363 mihi
964 2319 1074 2356 ludos
1099 2320 1342 2359 saneiiffimos
1365 2323 1535 2358 maxima
1566 2335 1656 2358 cum
1678 2336 1751 2359 ca:-

353 2381 525 2418 remonia
559 2384 703 2429 Cereri,
735 2385 891 2430 Libero,
934 2385 1161 2437 Liberaeque
1196 2387 1389 2425 faciendos
1409 2402 1417 2424 :
1461 2387 1560 2425 mihi
1598 2387 1753 2427 Floram

438 2447 504 2485 To
518 2460 568 2485 M.
593 2449 664 2487 IV.
1316 2454 1356 2490 ΙΙ
1379 2452 1405 2489 h
1427 2452 1453 2489 h
