2201 2792
614 195 904 236 ACTIO
976 192 1285 233 PRIMA.
1582 211 1658 251 137

249 299 393 353 (neque
423 295 531 334 enim
564 295 644 347 agit
663 294 936 348 occultiffime)
969 294 1154 348 proponit
1185 293 1313 332 inania
1343 290 1446 331 mihi
1472 292 1658 331 nobilita-

247 367 311 411 tis,
340 363 417 403 hoc
437 362 504 408 est,
535 360 748 401 hominum
767 362 1046 416 arrogantium,
1078 361 1239 400 nomina
1253 379 1266 406 3
1299 359 1368 413 qui
1388 373 1467 398 non
1489 368 1569 397 tam
1596 373 1659 396 me

245 430 479 484 impediunt,
502 429 608 482 quod
627 429 780 468 nobiles
810 428 913 474 sunt,
944 441 1064 481 quam
1083 427 1279 480 adjuvant,
1310 425 1416 479 quod
1436 425 1522 464 noti
1542 424 1630 462 sunt
1648 439 1657 463 z

244 497 398 537 fimulat
418 496 453 535 se
472 509 610 535 eorum
630 495 803 550 praefidio
823 495 1032 542 confidere,
1063 509 1157 534 cum
1177 495 1319 533 interea
1339 493 1445 532 aliud
1473 491 1661 546 quiddam

240 566 324 619 jam
344 565 412 604 diu
428 563 688 603 machinetur.

301 631 436 684 Qam
455 630 562 685 spem
582 644 688 669 nunc
707 629 847 669 habeat
867 630 908 669 in
928 629 1124 675 manibus,
1158 637 1196 666 et
1227 627 1323 681 quid
1343 626 1541 672 moliatur,
1572 625 1660 664 bre-

245 699 344 738 viter
357 700 456 752 jam,
478 698 651 750 Judices,
672 712 893 752 exponam:
927 698 988 737 sed
1019 698 1140 751 priuS‚
1171 705 1215 734 ut
1246 696 1294 734 ab
1315 695 1427 733 initio
1448 708 1506 733 res
1540 694 1588 732 ab
1618 706 1664 732 eo

247 766 457 805 constituta
474 766 534 812 fit,
565 766 706 820 quaeso,
728 766 961 820 cognoscite.
993 767 1052 804 Ut
1076 765 1251 818 primum
1272 777 1292 801 e
1312 762 1513 817 provincia
1533 760 1663 806 rediit,

247 832 464 887 redemptio
494 832 548 872 est
566 832 843 886 hujusjudicii
874 831 972 870 faeta
991 831 1128 885 grandi
1153 831 1346 884 pecunia:
1379 843 1422 867 ea
1454 828 1593 868 manfit
1623 827 1665 865 in

249 900 487 946 conditione,
508 909 624 953 atque
643 902 754 953 paeto
775 899 896 952 usque
916 899 962 937 ad
982 912 1074 937 eum
1094 897 1229 944 finem,
1251 898 1346 936 dum
1361 896 1512 949 judices
1535 893 1666 948 rejeeti

251 964 353 1003 sunt.
385 966 638 1017 Posteaquam
657 966 812 1017 rejeffio
827 966 1009 1018 judicum
1030 964 1129 1004 faeta
1148 964 1199 1002 est
1216 983 1227 1010 ;
1251 964 1356 1017 quod
1376 972 1414 1002 et
1434 963 1474 1001 in
1495 961 1666 1001 sortitio-

252 1043 301 1068 ne
320 1030 426 1069 istius
446 1030 555 1083 spem
573 1029 729 1068 fortuna
748 1031 885 1083 populi
905 1032 1091 1074 Romani,
1113 1040 1152 1067 et
1171 1030 1212 1067 in
1233 1029 1451 1081 rejiciendis
1465 1027 1667 1081 judicibus

254 1110 340 1136 mea
360 1096 562 1149 diligentia
581 1095 741 1135 istorum
761 1096 1047 1149 impudentiam
1068 1095 1211 1133 vicerat
1227 1114 1239 1140 ;
1271 1095 1488 1133 renuntiata
1507 1094 1561 1132 est
1588 1101 1669 1132 tota

255 1162 443 1202 conditio.
475 1161 659 1200 Praeclare
679 1162 716 1200 se
736 1175 792 1200 res
813 1161 994 1200 habebat.
1026 1162 1173 1199 Libelli
1204 1161 1414 1199 nominum
1440 1160 1667 1205 vestrorum,

253 1227 478 1280 consiliique
497 1226 630 1280 hujuS‚
651 1227 693 1265 in
712 1227 893 1266 manibus
914 1238 1022 1264 erant
1041 1226 1223 1264 omnium
1242 1241 1251 1264 :
1284 1227 1391 1264 nulla
1412 1234 1513 1271 nota,
1537 1225 1671 1264 nullus

252 1295 373 1341 color,
404 1294 521 1333 nullae
542 1293 665 1333 sordes
685 1294 916 1333 videbantur
947 1292 1008 1332 his
1043 1292 1239 1332 sententiis
1270 1293 1380 1332 allini
1413 1291 1517 1346 poffe
1532 1310 1544 1338 ς
1576 1305 1671 1331 cum

252 1362 321 1401 iste
341 1371 497 1416 repente
517 1375 565 1401 ex
579 1361 694 1401 alacri
714 1371 830 1416 atque
858 1361 961 1408 laeto,
983 1361 1033 1401 fic
1053 1371 1132 1400 erat
1151 1359 1316 1400 humilis
1337 1370 1453 1413 atque
1473 1359 1670 1406 demiffus,

251 1427 300 1468 xut
319 1442 399 1468 non
419 1427 538 1468 modo
557 1429 704 1482 populo
724 1430 923 1473 Romano,
953 1429 1016 1467 sed
1045 1429 1164 1467 etiam
1191 1428 1261 1467 fibi
1291 1428 1370 1481 ipse
1390 1427 1672 1466 condemnatus

255 1496 460 1535 videretur.
492 1496 599 1534 Ecce
618 1504 748 1534 autem
769 1504 940 1550 repente,
971 1493 1033 1534 his
1054 1495 1190 1534 diebus
1210 1496 1359 1549 paucis,
1381 1495 1553 1534 comitiis
1574 1509 1672 1534 con-

256 1563 443 1601 sularibus
463 1561 588 1609 saetis,
619 1562 752 1602 eadem
783 1563 850 1601 illa
868 1571 996 1601 vetera
1015 1562 1172 1602 confilia
1202 1563 1368 1616 pecunia
1388 1563 1533 1616 majore
1562 1575 1673 1615 repe·

259 1638 410 1674 tuntur,
431 1629 653 1682 eaedemque
684 1629 813 1667 vestrae
843 1629 956 1668 famae
976 1628 1220 1682 fortunisque
1239 1630 1422 1668 omnium
1442 1629 1586 1667 infidiae
1606 1640 1675 1681 per

257 1695 409 1734 eosdem
429 1693 610 1733 homines
630 1704 916 1748 comparantur.
940 1695 1040 1746 Qae
1060 1708 1117 1732 res
1140 1695 1283 1747 primo,
1303 1695 1475 1745 Judices,
1496 1693 1676 1746 pertenui

258 1763 371 1801 nobis
391 1770 620 1815 argumento
641 1760 866 1814 indicioque
886 1760 1073 1814 patefaera
1092 1761 1144 1799 est
1161 1778 1172 1805 3
1204 1760 1302 1813 post,
1335 1769 1466 1813 aperto
1486 1759 1674 1812 suspicio-

259 1829 317 1867 nis
338 1829 517 1874 introitu,
550 1827 597 1866 ad
616 1828 748 1867 omnia
778 1828 919 1867 intima
948 1827 1109 1866 istorum
1140 1826 1296 1866 confilia
1326 1827 1402 1865 fine
1433 1825 1516 1865 ullo
1550 1839 1676 1865 errore

259 1896 520 1950 pervenimus.

316 1964 395 2002 VII
425 1963 533 2002 Nam
554 1970 598 2001 ut
618 1960 865 2008 Hortensius,
899 1961 1045 2001 Consul
1067 1961 1295 2014 defignatus,
1329 1961 1494 1999 domum
1515 1959 1676 1998 reduce-

259 2029 372 2069 batur
391 2043 412 2068 e
430 2043 584 2082 campo,
615 2042 708 2068 cum
728 2030 901 2068 maxima
919 2029 1151 2082 frequentia,
1183 2042 1203 2066 a
1223 2027 1504 2073 multitudine3
1537 2026 1582 2066 fit
1601 2027 1678 2065 ob·-

261 2096 366 2135 viam
386 2096 473 2135 casu
491 2097 526 2133 ei
546 2096 794 2135 multitudini
816 2097 863 2135 C.
888 2097 1009 2135 Curio
1023 2115 1034 2141 3
1067 2109 1185 2148 quem
1203 2109 1274 2149 ego
1291 2094 1497 2133 hominem
1518 2093 1677 2133 honoris

263 2161 407 2215 potius,
439 2175 559 2214 quam
589 2161 839 2200 contumelia:
870 2161 992 2207 causa,
1025 2162 1274 2201 nominatum
1306 2162 1409 2200 volo.
1455 2161 1615 2198 Etenim
1636 2172 1678 2196 ea

264 2228 407 2274 dicam,
429 2241 515 2281 quae
536 2228 616 2273 ille,
638 2228 665 2267 fi
685 2229 987 2267 commemorari
1007 2228 1200 2273 noluiffet,
1218 2242 1296 2266 non
1318 2237 1425 2266 tanto
1446 2228 1485 2264 in
1507 2238 1676 2264 conven-

265 2304 322 2341 tu,
345 2305 424 2334 tam
445 2305 586 2349 aperte,
610 2296 815 2348 palamque
846 2295 1018 2335 dixiffet:
1052 2310 1138 2348 quae
1160 2306 1288 2334 tamen
1309 2309 1329 2332 a
1353 2308 1416 2332 me
1438 2290 1677 2345 pedetentim

265 2372 453 2414 cauteque
473 2361 680 2409 dicentur3
710 2372 753 2401 ut
774 2371 812 2401 et
823 2362 1012 2402 ‘amicitiae
1032 2362 1239 2407 iiostrae„et
1261 2360 1459 2413 dignitatis
1479 2357 1584 2394 illius
1606 2355 1677 2394 ha-

267 2426 347 2465 bita
367 2428 463 2466 ratio
483 2428 554 2467 effe
574 2429 829 2482 intelligatur.

324 2492 443 2530 Videt
475 2494 522 2532 ad
553 2494 680 2546 ipsum
714 2494 906 2533 fornicem
942 2495 1160 2533 Fabianum
1190 2493 1230 2529 in
1255 2490 1367 2528 turba
1386 2488 1576 2526 Verrem:
1608 2501 1678 2539 ap-

270 2557 386 2611 pellat
406 2557 624 2607 hominem,
662 2570 701 2600 et
734 2561 769 2600 ei
790 2575 882 2600 voce
903 2561 1073 2600 maxima
1092 2552 1305 2612 gratulatur
1323 2572 1331 2596 :
1364 2556 1434 2609 ipsi
1456 2553 1679 2600 Hortcnfio,

353 2626 418 2663 To
432 2638 482 2664 M.
507 2626 578 2664 IV.
1355 2626 1376 2662 S
