2201 2792
514 116 1052 155 ARGUMENTA
1120 118 1653 156 ORATIONUM.
1758 134 1801 157 22

312 199 488 249 petundis,
514 213 533 235 a
556 200 598 235 C.
623 199 813 241 Memmio,
839 209 886 241 et,
915 198 1077 246 quamvis
1106 197 1315 234 defendente
1342 200 1523 242 Cicerone,
1551 202 1803 238 condemnatus

311 251 370 287 est.
422 251 485 285 Lis
506 249 673 285 aestimata
698 249 747 284 est
771 248 917 283 totidem
943 248 1091 289 talentis,
1119 258 1206 295 quot
1230 258 1419 295 acceperat.
1473 250 1568 295 Quae
1590 250 1723 285 summa
1742 265 1802 299 pe-

310 299 424 335 cuniae
442 310 523 334 cum
542 310 585 333 ex
605 297 702 333 bonis
721 297 862 332 Gabinii
887 298 1022 332 redacta
1053 308 1121 332 non
1145 298 1237 339 esset,
1263 299 1386 333 eadem
1411 299 1488 345 lege
1511 298 1606 343 Julia
1628 299 1803 336 accusatus

309 348 358 384 est
382 348 546 383 Rabirius
572 347 771 389 Postumus,
799 359 906 394 eques
936 348 1130 389 Romanus,
1157 347 1252 392 quod
1277 348 1318 382 ad
1341 359 1422 382 eum
1443 359 1520 395 pars
1539 347 1628 382 illius
1646 350 1802 395 pecuniae

307 397 525 444 pervenisset,
553 406 592 431 ut
619 397 658 438 is,
684 397 781 443 quod
804 397 949 431 summae
972 396 1094 431 decem
1122 396 1271 431 millium
1295 396 1462 432 talentum
1483 397 1620 439 deesset,
1648 398 1800 434 solveret.

309 446 371 482 Est
401 458 484 494 ergo
510 445 607 480 causa
637 445 771 480 Rabirii
797 445 1029 492 appendicula
1055 445 1162 480 causae
1192 446 1414 489 Gabinianae,
1442 447 1566 481 eodem
1596 447 1800 491 accusatore,

308 495 433 531 eodem
452 494 628 530 defensore
647 495 730 530 afta.
784 494 1002 530 Defensionis
1023 494 1096 529 haec
1116 494 1198 530 inita
1216 495 1263 530 est
1282 498 1369 531 ratio
1387 508 1405 530 a
1424 496 1607 538 Cicerone,
1635 506 1673 530 ut
1690 497 1801 531 osten-

307 545 407 580 deret
429 545 555 591 prim0,
582 544 661 591 lege
684 545 728 579 de
751 544 953 592 repetundis
977 544 1170 591 equestrem
1190 545 1347 580 ordinem
1369 556 1436 579 non
1467 545 1587 586 teneri,
1615 557 1696 592 quae
1721 558 1800 580 ava-

307 594 394 630 ritiae
418 593 681 641 magistratuum
705 594 972 641 provincialium
997 593 1196 628 coercendae
1219 594 1316 629 causa
1340 594 1406 629 lata
1431 594 1494 629 fit:
1523 594 1649 629 deinde
1668 596 1709 629 ad
1730 595 1801 630 Ra-

309 644 438 678 birium
464 643 593 678 nullam
619 652 751 690 partem
773 643 930 690 pecuniae
948 643 1149 690 pervenisse,
1176 642 1231 678 sed
1250 655 1330 679 eum
1349 643 1467 691 potius
1486 653 1620 678 tanturn
1641 645 1800 690 pecuniae

308 693 503 728 Ptolemaeo
528 692 718 734 credidisse,
746 702 798 735 ut,
825 704 907 727 cum
926 704 966 727 ea
984 693 1132 739 pecunia
1150 692 1283 728 reddita
1302 705 1370 727 non
1389 693 1483 734 esset,
1510 693 1677 728 omnibus
1701 694 1801 728 bonis

308 742 443 778 eversus
459 750 495 778 et
513 740 591 778 foro
608 741 731 778 cedere
754 742 892 778 coaetus
915 741 1008 784 esset,
1037 741 1097 776 nifi
1114 741 1190 777 Caii
1210 741 1351 777 Caesaris
1376 742 1561 777 liberalitas
1583 754 1668 778 eum
1691 743 1800 778 suble-v

311 791 426 828 vaffet.

420 891 580 945 Argum.
865 891 945 929 Pro
966 892 1030 930 M.
1052 891 1246 930 Marcello.
1645 904 1684 944 p.
1706 902 1799 942 241.

359 977 417 1012 M.
445 978 691 1012 MARCELLUS
720 976 1015 1023 Pompeianarum
1044 977 1195 1023 partium
1221 977 1254 1012 in
1287 977 1380 1012 bello
1411 976 1505 1012 civili
1533 975 1658 1018 fuerat,
1686 989 1800 1025 neque

311 1035 426 1061 tamen
443 1036 597 1061 extrema
617 1025 810 1071 persecutus
829 1035 913 1068 erat,
932 1026 1000 1068 sed,
1020 1025 1112 1061 vic‘to
1129 1028 1171 1061 ad
1192 1026 1389 1062 Pharsalum
1409 1026 1591 1073 Pompeio,
1609 1026 1800 1072 Mitylenas

309 1075 342 1110 se
369 1076 573 1116 contulerat,
601 1074 720 1120 ibique
747 1073 873 1109 otiosus
902 1076 935 1109 in
964 1075 1070 1110 literis
1100 1075 1246 1116 vixerat,
1276 1076 1343 1110 fine
1373 1075 1443 1110 ullo
1472 1075 1593 1122 patriae
1621 1076 1798 1112 defiderio.
1840 1081 1844 1083 ’

309 1124 409 1158 Huic
428 1133 466 1158 ut
485 1124 620 1158 veniam
643 1123 752 1165 daret,
779 1132 814 1156 et
841 1123 990 1158 reditum
1016 1126 1048 1158 in
1069 1125 1214 1170 patriam
1234 1124 1451 1171 permitteret
1469 1124 1594 1166 Caesar,
1618 1136 1699 1160 cum
1718 1126 1801 1161 effet

308 1184 327 1207 a
349 1171 453 1207 fratre
475 1171 546 1218 ejus
575 1182 609 1206 et
633 1171 793 1206 universo
814 1171 941 1206 Senatu
964 1171 1162 1220 suppliciter
1180 1184 1335 1219 rogatus,
1364 1174 1519 1208 dolorem
1539 1174 1637 1208 suum
1656 1175 1799 1210 Senatui

308 1221 528 1256 condonavit.
580 1222 666 1268 Qo
692 1219 795 1263 facto,
824 1220 886 1255 hac
912 1222 1068 1256 oratione
1089 1222 1215 1269 gratias
1234 1220 1359 1257 Caesari
1376 1222 1596 1269 amplissimas
1616 1224 1649 1258 in
1670 1224 1797 1259 Senatu

306 1271 381 1317 egit
406 1269 540 1305 Cicero.
596 1271 648 1305 Ea
672 1269 758 1305 duas
786 1279 898 1315 partes
927 1270 1051 1306 habet:
1086 1283 1235 1317 quarum
1260 1271 1372 1318 prima
1395 1272 1429 1306 in
1459 1272 1559 1307 laude
1587 1271 1688 1317 hujus
1716 1272 1795 1307 faeti

308 1318 474 1361 versatur,
501 1330 536 1354 et
561 1319 609 1355 est
636 1319 977 1366 magnificentisiimis
1003 1321 1116 1356 verbis
1142 1321 1286 1369 scripta3
1314 1322 1419 1357 altera
1446 1332 1562 1356 autem
1589 1322 1729 1357 Caesaris
1753 1323 1799 1358 de

308 1368 435 1404 insidiis
451 1367 655 1417 suspiciones
674 1368 790 1404 inanes
808 1369 872 1404 effe
890 1369 1047 1405 ostendit.

418 1468 573 1519 Argum.
748 1466 827 1507 Pro
846 1469 897 1520 Q
915 1469 1072 1521 Ligario
1093 1470 1145 1508 ad
1163 1470 1353 1522 Caestzrem.
1648 1483 1681 1522 p.
1704 1483 1724 1509 2
1732 1485 1752 1525 5
1766 1483 1795 1510 ι.

357 1555 414 1602 Q
435 1555 638 1590 chARms
665 1554 799 1602 legatus
824 1556 976 1591 Confidii
1001 1556 1210 1603 proconsulis
1236 1557 1268 1591 in
1296 1556 1471 1603 provincia
1496 1555 1613 1591 Africa
1633 1556 1723 1591 fuit:
1753 1569 1797 1592 ex

306 1615 377 1651 qua
401 1615 483 1639 cum
509 1604 691 1639 decederet
714 1605 908 1648 Considius,
937 1606 967 1640 ei
995 1605 1151 1652 ptaefecit
1174 1605 1373 1653 Ligarium,
1400 1606 1495 1653 quod
1522 1615 1557 1640 et
1580 1605 1728 1652 dignum
1755 1617 1797 1641 eo

307 1653 438 1688 honore
464 1654 621 1699 putabat,
648 1663 683 1688 et
706 1655 894 1700 gratiosum
919 1655 983 1689 effe
1005 1656 1039 1689 in
1063 1655 1238 1702 provincia
1264 1656 1415 1690 videbat.
1470 1655 1613 1689 Interim
1637 1653 1729 1689 fama
1752 1656 1797 1691 de

307 1702 398 1737 bello
417 1702 508 1737 civili
526 1712 602 1737 orto
620 1702 655 1737 in
676 1702 833 1739 Africam
857 1704 904 1738 est
923 1703 1073 1750 perlata:
1102 1716 1172 1751 qua
1190 1705 1358 1738 commoti
1377 1705 1481 1744 cives,
1509 1705 1568 1750 qui
1588 1704 1620 1738 in
1640 1704 1698 1738 ista
1717 1716 1796 1750 pro-

306 1752 420 1786 vincia
445 1761 555 1793 erant,
582 1761 617 1786 et
637 1752 758 1798 reliqui
776 1753 1015 1799 provinciales,
1041 1754 1136 1800 quod
1158 1753 1313 1799 Pompeii
1333 1754 1365 1787 in
1384 1753 1507 1800 primis
1526 1753 1662 1788 studiosi
1685 1763 1795 1796 erant,

306 1812 389 1836 eum
412 1801 536 1836 ducem
561 1801 619 1835 fibi
646 1801 710 1836 effe
729 1802 925 1845 voluerunt,
953 1814 1025 1849 quo
1043 1812 1163 1837 contra
1181 1801 1351 1838 Caesarem
1370 1812 1560 1837 uterentur.
1612 1802 1697 1837 Hoc
1717 1814 1796 1838 mu-

305 1862 371 1885 nus
390 1862 471 1885 cum
491 1850 549 1885 iste
568 1849 746 1893 recusaret,
775 1852 910 1895 accidit,
939 1862 978 1887 ut
998 1852 1036 1887 P.
1056 1852 1162 1886 Atius
1180 1851 1307 1894 Varus,
1334 1852 1394 1899 qui
1413 1851 1576 1899 praetorio
1595 1850 1741 1898 imperio
1759 1852 1795 1887 in

306 1898 428 1935 Africa
446 1898 571 1941 fuerat,
590 1900 734 1935 Uticam
753 1901 899 1943 veniret,
917 1911 951 1936 et
966 1901 1126 1936 oblatum
1147 1901 1206 1936 fibi
1226 1901 1411 1948 imperium
1430 1901 1584 1947 privatus
1601 1900 1794 1948 susciperet.

306 1949 400 1984 Haec
424 1948 510 1983 durn
534 1958 718 1996 geruntur,
747 1951 962 1998 QTubero
979 1962 1022 1985 ex
1040 1951 1074 1986 S.
1094 1952 1135 1986 C.
1156 1951 1189 1986 in
1209 1951 1424 1997 provinciam
1448 1950 1552 1985 venit.
1604 1950 1673 1984 Sed
1697 1951 1794 1997 quod

306 1997 493 2045 imperium
513 1996 587 2043 jam
612 1998 654 2032 ab
673 1999 740 2034 alio
757 2009 828 2034 erat
847 2010 1072 2046 occupatum,
1091 2011 1133 2036 ex
1152 2012 1191 2035 ea
1211 1999 1378 2046 repulsus,
1406 1999 1439 2034 in
1458 1999 1563 2034 castra
1584 1999 1744 2046 Pompeii
1762 1999 1795 2034 se

303 2047 464 2088 contulit,
492 2048 611 2095 ibique
630 2059 749 2082 contra
767 2049 938 2084 Caesarem
959 2061 1053 2084 arma
1071 2049 1162 2084 tulit.
1207 2049 1339 2084 Verum
1366 2049 1537 2094 Pompeio
1561 2058 1713 2091 mortuo,
1741 2058 1793 2083 to·

307 2106 415 2144 toque
440 2096 531 2130 bello
557 2098 762 2143 composito,
788 2110 868 2133 cum
893 2098 1005 2133 Caesar
1033 2098 1121 2133 inter
1143 2098 1226 2133 alios
1251 2097 1356 2132 etiam
1383 2097 1568 2132 Tuberoni
1594 2097 1796 2144 ignovisset,

302 2146 393 2181 filius
417 2144 489 2190 ejus
510 2145 706 2192 Ligarium,
733 2147 793 2193 qui
817 2148 934 2182 Roma
956 2148 1085 2189 aberat,
1112 2157 1147 2183 et
1166 2148 1336 2182 Caesarem
1357 2148 1482 2182 iratum
1504 2146 1665 2188 habebat,
1693 2146 1791 2192 quod

304 2205 342 2230 et
373 2194 440 2242 ipse
472 2195 742 2241 Pompeinarum
768 2197 918 2242 partium
944 2195 1070 2239 fuerat,
1097 2197 1271 2232 absentem
1299 2195 1469 2231 accusavit
1491 2196 1534 2230 de
1563 2195 1609 2236 vi,
1635 2195 1731 2241 quod
1757 2196 1791 2230 in

305 2242 427 2279 Africa
453 2243 649 2279 Caesarianis
670 2244 825 2291 partibus
849 2246 1008 2281 inimicus
1030 2245 1156 2281 fuisset.
1206 2245 1302 2281 Eum
1327 2244 1484 2281 defendit
1503 2245 1636 2285 Cicero,
1664 2244 1723 2286 ita,
1750 2253 1792 2279 ut

303 2293 471 2329 concedat
499 2293 652 2338 quidem,
680 2305 761 2328 eum
789 2295 1010 2341 Pompeianae
1036 2297 1145 2330 causae
1167 2294 1295 2337 faviffe,
1323 2295 1377 2330 sed
1399 2293 1505 2328 nihilo
1524 2293 1639 2328 minus
1657 2293 1791 2328 Caesare

303 2341 454 2389 dignum
480 2342 544 2376 effe
568 2343 736 2385 ostendat,
765 2343 843 2378 huic
867 2356 1008 2391 quoque
1032 2345 1166 2380 veniam
1191 2345 1285 2387 dare,
1314 2355 1352 2380 ut
1375 2343 1448 2384 fibi,
1474 2353 1509 2377 et
1531 2342 1727 2385 Tuberoni,
1754 2351 1790 2379 et

304 2391 424 2474 ¹¹³ssss
441 2390 685 2477 aliilsvdederit3
713 2402 753 2428 ut
770 2393 968 2441 deprecatio
985 2393 1101 2442 potius
1120 2394 1198 2478 istaC
1195 2394 1318 2437 oratio,
1342 2404 1450 2441 quam
1469 2389 1622 2428 defensio
1639 2391 1689 2427 sit.

393 2451 467 2476 οΜ.
538 2466 546 2476 .
