2201 2792
523 217 600 256 500
1023 203 1423 244 ORATIO

522 300 675 339 armasse
695 300 917 340 AEbutium.
951 303 1055 339 Cum
1076 302 1117 339 id
1137 302 1277 354 partim
1299 302 1541 347 mirarentur,
1567 299 1708 354 partim
1729 313 1807 339 non
1827 313 1912 338 cre-

522 367 678 413 derent,
711 381 798 405 ecce
831 368 908 420 ipse
929 368 1113 405 AEbutius
1147 369 1187 405 in
1209 367 1406 405 castellum
1437 367 1569 406 venit:
1602 367 1803 405 denuntiat
1824 368 1912 404 Cae-

522 434 617 471 cinae
648 434 683 472 se
713 443 877 472 armatos
910 433 1077 478 habere,
1110 434 1307 472 abiturum
1327 447 1418 472 eum
1439 447 1516 471 non
1537 434 1622 479 effe,
1650 434 1676 471 fi
1697 432 1911 471 acceffiffet.

523 501 686 538 Caecinae
720 500 880 553 placuit,
919 508 956 537 et
982 500 1130 544 amicis,
1167 500 1294 552 quoad
1323 500 1514 538 videretur
1544 499 1644 538 salvo
1677 500 1802 552 capite
1832 499 1915 537 fieri

521 566 637 618 poffe,
658 567 835 620 experiri.
868 568 978 604 Tum
999 566 1046 604 de
1072 566 1225 604 castello
1247 566 1481 604 descendunt
1495 584 1507 611 ;
1539 567 1579 604 in
1599 565 1768 604 fundum
1794 565 1913 618 profi-

522 632 719 671 ciscuntur
737 648 746 672 :
779 633 929 670 videtur
949 641 1092 670 temere
1113 631 1375 670 commissum.
1407 633 1571 676 Verum,
1594 642 1638 670 ut
1656 633 1809 685 opinor,
1839 630 1916 669 hoc

521 698 599 736 fuit
619 699 762 738 causae:
796 708 876 737 tam
908 708 1052 737 temere
1081 699 1199 737 istum
1230 712 1269 736 re
1296 698 1606 743 commissurum,
1641 712 1759 752 quam
1790 697 1915 737 verbis

521 766 783 809 nuntiabatur,
805 778 921 802 nemo
940 765 1103 816 putavit.

579 832 691 870 VIII.
724 833 857 882 Atque
888 830 955 867 iste
974 830 1020 867 ad
1040 843 1174 868 omnes
1209 830 1406 875 introitus,
1439 843 1514 882 qua
1544 830 1639 867 adiri
1669 839 1817 882 poterat
1837 844 1915 868 non

522 896 641 934 modo
661 897 701 934 in
729 910 818 933 eum
840 894 1022 940 fundum,
1056 895 1102 932 de
1125 909 1202 947 quo
1222 895 1473 933 controversia
1492 895 1628 940 fuerat,
1657 895 1718 932 sed
1739 896 1854 933 etiam
1875 896 1915 932 in

521 962 637 1000 illum
656 962 897 1015 proximum,
930 961 977 998 de
1008 973 1086 1013 quo
1106 960 1206 998 nihil
1237 961 1518 1013 ambigebatur,
1551 970 1714 998 armatos
1735 960 1915 998 homines

522 1030 700 1082 opponit.
723 1030 859 1080 Itaque
879 1028 1006 1081 primo
1027 1041 1119 1065 cum
1139 1027 1179 1064 in
1200 1028 1408 1079 antiquum
1428 1026 1595 1065 fundum
1616 1027 1765 1080 ingredi
1785 1026 1916 1072 vellet,

522 1096 627 1148 quod
648 1109 687 1133 ea
704 1095 880 1148 proxime
899 1094 1028 1132 accedi
1050 1103 1196 1146 poterat
1211 1112 1223 1138 3
1246 1093 1463 1146 frequentes
1484 1094 1619 1132 armati
1639 1093 1880 1131 obstiterunt.

579 1163 670 1213 Qo
692 1163 778 1200 1060
799 1161 977 1214 depulsus
1001 1161 1169 1206 Caecina,
1200 1170 1344 1206 tamen,
1376 1175 1451 1213 qua
1469 1161 1612 1214 potuit,
1644 1161 1691 1198 ad
1711 1174 1801 1199 eum
1821 1159 1916 1198 fun-

522 1229 616 1267 dum
639 1227 829 1282 profectus
851 1227 916 1272 est,
948 1240 968 1264 e
988 1241 1066 1279 quo
1086 1241 1132 1266 ex
1153 1236 1346 1265 conventu
1371 1228 1450 1265 vim
1473 1227 1555 1265 fieri
1576 1227 1801 1279 oportebat:
1835 1227 1916 1279 ejus

523 1304 652 1332 autem
673 1293 786 1331 fundi
807 1303 1018 1331 extremam
1039 1302 1187 1345 partem
1208 1293 1299 1331 oleae
1315 1293 1458 1331 directo
1475 1293 1608 1331 ordine
1627 1292 1830 1330 definiunt.
1850 1292 1916 1330 Ad

521 1375 580 1398 eas
602 1374 694 1398 cum
716 1359 969 1404 accederetur,
1002 1359 1068 1396 iste
1088 1373 1180 1396 cum
1201 1359 1386 1397 omnibus
1407 1360 1528 1412 copiis
1559 1358 1692 1412 praesto
1711 1357 1801 1403 fuit,
1837 1358 1915 1396 ser-

523 1441 694 1478 vumque
715 1426 842 1470 suum,
870 1425 1028 1463 nomine
1048 1425 1310 1470 Antiochum,
1341 1426 1387 1463 ad
1407 1425 1442 1463 se
1461 1426 1624 1470 vocavit,
1646 1434 1684 1463 et
1704 1424 1802 1462 clara
1822 1438 1916 1462 voce

520 1494 737 1547 imperavit,
761 1502 802 1531 ut
822 1505 927 1537 eum,
946 1492 1014 1544 qui
1035 1491 1149 1530 illum
1170 1492 1342 1530 olearum
1362 1492 1539 1530 ordinem
1559 1491 1738 1535 intrafi‘et,
1760 1491 1914 1529 occide-

522 1570 592 1598 ret.
625 1562 763 1599 Homo
785 1572 870 1596 mea
890 1558 1075 1596 sententia
1094 1558 1422 1610 prudentiffimus,
1447 1558 1612 1603 Caecina,
1634 1566 1763 1596 tamen
1783 1558 1824 1595 in
1844 1556 1917 1596 hac

523 1641 561 1665 re
581 1627 668 1679 plus
691 1624 790 1664 mihi
811 1625 946 1669 animi,
971 1638 1089 1676 quam
1111 1625 1271 1670 confilii,
1293 1625 1445 1663 videtur
1461 1623 1655 1663 habuiffe:
1688 1638 1796 1670 nam,
1822 1638 1917 1663 cum

521 1703 559 1732 et
589 1702 824 1731 armatorum
858 1691 1156 1729 multitudinem
1190 1691 1348 1736 videret,
1385 1700 1423 1729 et
1457 1704 1542 1729 eam
1576 1705 1714 1729 vocem
1747 1690 1913 1736 AEbutii‚

521 1773 639 1812 quam
659 1757 976 1803 commemoravi,
1009 1757 1194 1802 audiffet;
1227 1766 1356 1795 tamen
1381 1757 1531 1795 accesfit
1559 1758 1733 1810 propius,
1768 1765 1806 1794 et
1829 1757 1915 1809 jam

520 1826 738 1879 ingrediens
759 1825 859 1862 intra
878 1823 998 1861 finem
1018 1824 1099 1875 ejus
1120 1824 1211 1869 loci,
1243 1838 1361 1876 quem
1381 1824 1472 1862 oleae
1493 1824 1764 1868 terminabant,
1786 1823 1915 1875 impe-

525 1904 607 1930 tum
628 1891 763 1929 armati
780 1889 982 1934 Antiochi,
1000 1898 1304 1941 caeterorumque
1321 1890 1395 1928 tela
1409 1899 1525 1942 atque
1543 1890 1731 1934 incursus,
1754 1888 1913 1941 refugit.

523 1957 673 1994 Eodem
705 1965 878 2007 tempore
899 1954 933 1991 se
964 1954 1004 1991 in
1025 1953 1160 2006 fugam
1187 1954 1394 1992 conferunt
1414 1968 1490 1992 una
1516 1955 1634 1992 amici
1663 1954 1916 2007 advocatique

523 2024 616 2074 ejus,
639 2029 745 2058 metu
766 2019 971 2072 perterriti,
1006 2019 1339 2072 quemadmodum
1360 2020 1519 2058 illorum
1546 2016 1679 2058 testem
1701 2020 1824 2058 dicere
1844 2033 1914 2058 au-

522 2087 639 2126 distis.
673 2087 749 2125 His
771 2086 882 2124 rebus
903 2086 955 2123 ita
971 2085 1098 2138 gestis,
1118 2087 1161 2124 P.
1185 2086 1388 2124 Dolabella
1409 2087 1551 2125 Praetor
1569 2086 1783 2131 interdixit,
1805 2095 1848 2124 ut
1863 2085 1916 2123 est

523 2154 772 2198 consuetudo,
794 2154 858 2192 De
876 2154 930 2198 vi,
960 2153 1156 2192 hominibus
1174 2154 1341 2198 armatis,
1372 2154 1449 2192 fine
1468 2154 1547 2192 ulla
1567 2154 1808 2206 exceptione,
1827 2161 1914 2191 tan-

523 2231 623 2265 tum,
646 2229 702 2265 ut,
725 2219 826 2257 unde
846 2218 1049 2271 dejecisset,
1071 2219 1294 2258 restitueret.
1326 2219 1543 2258 Restituiffe
1565 2219 1599 2257 se
1622 2219 1721 2258 dixit
1739 2234 1747 2257 :
1767 2219 1915 2271 sponsio

522 2287 618 2324 facta
637 2286 689 2324 est
707 2301 715 2324 :
748 2284 819 2323 hac
838 2284 883 2322 de
904 2284 1098 2337 sponsione
1119 2286 1228 2324 vobis
1243 2285 1500 2338 judicandum
1521 2285 1587 2323 est.

579 2354 650 2391 IX.
684 2352 861 2390 Maxime
880 2349 957 2388 fuit
977 2351 1191 2403 optandum
1211 2351 1388 2396 Caecinae,
1411 2351 1729 2403 Recuperatores,
1753 2359 1797 2388 ut
1817 2363 1913 2389 con-

523 2419 706 2456 troversiae
734 2416 832 2456 nihil
853 2416 1036 2462 haberet3
1068 2417 1233 2456 secundo
1256 2417 1357 2462 loco,
1391 2425 1435 2454 ut
1455 2430 1502 2455 ne
1521 2430 1613 2455 cum
1635 2425 1714 2454 tam
1734 2417 1914 2469 improbo

522 2483 710 2531 homine3
734 2484 860 2530 tertio,
882 2493 925 2523 ut
945 2497 1037 2522 cum
1059 2493 1137 2523 tam
1158 2484 1273 2523 stulto
1293 2482 1451 2522 haberet
1469 2498 1477 2522 :
1518 2483 1662 2522 etenim
1682 2496 1760 2521 non
1783 2483 1912 2523 minus
