2201 2792
510 170 587 224 346
935 170 1025 210 IN
1101 171 1482 210 VERREM

509 269 562 308 est
587 268 796 308 hominum
830 270 1046 315 auetoritas,
1077 279 1115 309 et
1135 278 1252 316 tanta,
1284 279 1327 309 ut
1356 270 1473 309 etiam
1504 268 1635 308 delicti
1655 267 1910 322 suspicionem

508 345 635 388 tegere
654 335 779 388 poffit.
825 335 918 373 Non
954 334 1084 380 habes,
1117 349 1164 373 ne
1198 350 1245 374 ex
1278 335 1338 373 his
1374 336 1534 388 quidem
1563 334 1806 380 hominibus,
1841 335 1911 387 qui

510 416 634 455 nuper
666 401 837 446 fuerunt,
870 401 996 439 ullum
1031 403 1225 440 auctorem
1256 402 1363 440 istius
1398 402 1673 441 aestimationis.
1721 402 1813 453 Qo
1847 415 1911 439 me

510 468 643 521 igitur,
676 479 741 506 aut
761 469 807 506 ad
825 482 910 520 quae
930 469 1120 521 exempla,
1154 469 1336 507 revocas?
1367 469 1432 507 Ab
1463 469 1540 507 illis
1572 467 1814 513 hominibus,
1843 468 1911 520 qui

510 544 596 573 tum
618 534 748 572 versati
769 533 856 571 sunt
889 533 929 570 in
951 533 1162 586 republica,
1193 548 1285 572 curn
1317 543 1354 572 et
1388 534 1529 587 optimi
1562 547 1687 572 mores
1722 542 1841 578 erant,
1873 542 1912 570 et

509 594 721 639 hominum
740 600 971 638 existimatio
990 600 1113 652 gravis
1135 598 1361 645 habebatur,
1392 609 1430 638 et
1444 599 1591 652 judicia
1611 600 1734 638 severa
1754 599 1911 642 fiebant,

511 668 557 706 ad
577 666 677 706 hanc
707 666 917 705 hominum
948 667 1160 712 licentiam,
1191 677 1230 706 et
1258 667 1464 706 libidinem
1495 681 1560 706 me
1585 667 1773 705 adducis?
1805 677 1843 705 et
1872 667 1913 704 in

510 748 608 787 quos
627 734 774 786 aliquid
794 733 963 786 exempli
984 734 1150 786 populus
1172 735 1373 772 Romanus
1393 734 1506 772 statui
1526 742 1636 787 putat
1655 741 1844 786 oportere,
1866 732 1913 770 ab

509 801 557 839 iis
590 810 633 839 tu
663 799 891 838 defensionis
922 800 1099 852 exempla
1119 801 1284 852 quaeris?
1316 801 1411 839 Non
1431 799 1541 852 fugio
1571 813 1619 838 ne
1649 798 1720 838 hos
1751 799 1913 852 quidem

509 881 651 912 mores,
672 865 890 904 dummodo
920 879 967 904 ex
988 865 1048 904 his
1070 879 1125 911 ea,
1157 880 1243 919 quae
1268 867 1402 919 probat
1432 867 1599 919 populus
1621 866 1822 904 Romanus
1843 878 1912 903 ex-

509 933 652 986 empla,
673 946 751 971 non
772 945 826 977 ea,
849 945 933 984 quae
952 932 1198 977 condemnat,
1221 933 1436 985 sequamur.
1470 933 1563 970 Non
1585 931 1910 984 circumspiciam,

509 1014 588 1039 non
609 1013 778 1052 quaemm
813 998 920 1044 foris,
951 1013 1044 1037 cum
1064 999 1202 1038 habeas
1231 999 1398 1051 judices,
1431 999 1623 1051 principes
1654 998 1835 1042 civitatis,
1867 998 1912 1036 P.

511 1067 732 1111 Servilium,
764 1065 1055 1117 QCatulum5
1087 1066 1156 1118 qui
1177 1074 1279 1103 tanta
1298 1066 1521 1103 auctoritate
1541 1065 1643 1110 sunt,
1665 1065 1779 1103 tantis
1801 1063 1914 1103 rebus

509 1133 636 1187 gestis,
673 1142 718 1171 ut
750 1132 791 1170 in
823 1131 892 1170 illo
922 1132 1186 1184 antiquorum,
1217 1141 1255 1170 et
1285 1132 1579 1170 clariffimorum
1610 1130 1836 1176 hominum,
1868 1130 1914 1168 de

509 1201 652 1253 quibus
672 1209 781 1238 antea
801 1198 896 1243 dixi,
929 1213 1092 1237 numero
1120 1209 1364 1252 reponantur.
1409 1199 1601 1251 Exempla
1621 1199 1845 1251 quaerimus,
1876 1206 1916 1236 et

509 1280 553 1305 ea
572 1281 651 1305 non
671 1266 850 1318 antiqua:
874 1266 992 1303 modo
1009 1275 1170 1318 uterque
1190 1265 1331 1304 horum
1352 1267 1565 1304 exercitum
1586 1264 1735 1303 habuit.
1761 1265 1913 1315 Qaere,

511 1333 708 1377 Hortenfi‚
737 1332 922 1385 quoniam
946 1341 981 1370 te
1002 1333 1167 1370 recentia
1197 1333 1374 1385 exempla
1394 1332 1594 1376 delectant,
1617 1332 1712 1384 quid
1732 1330 1912 1369 fecerint.

512 1401 618 1439 Itane
648 1413 738 1438 vero
758 1400 769 1437 ἓ
803 1398 1044 1450 QCatulus
1065 1398 1264 1437 frumento
1293 1399 1345 1437 est
1366 1398 1467 1444 usus,
1498 1400 1705 1452 pecuniam
1726 1412 1804 1436 non
1823 1410 1914 1436 coe-

511 1467 584 1520 git.
617 1467 662 1504 P.
687 1466 881 1510 Servilius,
917 1465 1230 1517 quinquennium
1253 1465 1439 1503 exercitui
1460 1478 1551 1503 cum
1572 1464 1752 1517 praeeffet,
1784 1473 1822 1502 et
1848 1464 1916 1502 ista

511 1534 655 1572 ratione
687 1532 1011 1570 innumerabilem
1044 1533 1247 1584 pecuniam
1270 1531 1392 1570 facere
1421 1532 1554 1585 posset,
1586 1545 1663 1569 non
1684 1531 1813 1569 statuit
1844 1531 1915 1569 fibi

512 1601 725 1653 quidquam
746 1599 873 1643 licere,
906 1599 1011 1651 quod
1032 1613 1109 1636 non
1136 1609 1283 1651 patrem
1306 1599 1430 1644 suum,
1454 1613 1529 1638 non
1551 1613 1666 1637 avum
1687 1598 1913 1649 QMetel-

510 1668 595 1705 lum
617 1666 739 1704 facere
755 1665 916 1703 vidiffet.
955 1667 1003 1703 C.
1020 1665 1159 1715 Verres
1174 1666 1394 1718 reperietur,
1421 1666 1504 1718 qui,
1526 1665 1631 1718 quod
1651 1664 1843 1717 expediat,
1873 1664 1914 1702 id

511 1734 624 1772 licere
645 1733 747 1771 dicat
766 1733 778 1769 ?
810 1731 914 1784 quod
935 1745 1066 1777 nemo,
1089 1732 1157 1769 nisi
1178 1732 1393 1784 improbus,
1421 1731 1568 1776 fecerit,
1600 1731 1638 1770 id
1659 1730 1824 1770 aliorum
1840 1743 1914 1771 ex-

510 1800 642 1853 emplo
662 1800 697 1838 se
717 1798 843 1838 fecisse
863 1797 1041 1836 defendat
1059 1799 1072 1835 ?
1105 1801 1158 1837 At
1179 1800 1218 1837 in
1241 1799 1370 1836 Sicilia
1389 1797 1606 1837 faititatum
1627 1798 1692 1836 est.

565 1867 678 1905 XCI.
710 1867 809 1916 Qae
835 1865 887 1902 est
907 1865 974 1902 ista
991 1865 1168 1903 conditio
1196 1865 1364 1903 Siciliae?
1396 1878 1478 1909 cur,
1514 1878 1598 1916 quae
1631 1864 1784 1916 optimo
1811 1863 1914 1915 jure,

512 1942 666 1985 propter
687 1930 926 1974 vetustatem,
951 1929 1190 1974 fidelitatem,
1218 1931 1548 1982 propinquitatem
1569 1929 1640 1967 effe
1661 1929 1789 1974 debet,
1820 1928 1915 1968 huic

511 1998 702 2051 praecipua
723 1997 785 2035 lex
806 1996 954 2047 injuriae
975 1995 1156 2034 definitur
1174 1997 1186 2033 ?
1220 1996 1290 2034 Sed
1311 1997 1349 2033 in
1371 1996 1438 2033 ista
1459 1995 1536 2048 ipsa
1557 1996 1686 2034 Sicilia
1706 2009 1783 2033 non
1805 2009 1914 2048 quae-

513 2078 594 2104 ram
613 2063 841 2116 exemplum
860 2061 981 2100 foris:
1013 2062 1088 2101 hoc
1123 2063 1203 2115 ipso
1236 2076 1282 2101 ex
1303 2063 1473 2101 concilio
1504 2072 1587 2101 utar
1613 2062 1817 2115 exemplis.
1864 2063 1914 2101 C.

513 2130 714 2174 Marcelle,
746 2139 781 2167 te
802 2129 964 2182 appello.
1009 2129 1147 2167 siciliae
1168 2129 1387 2182 provinciae,
1419 2143 1510 2167 cum
1532 2129 1621 2168 effes
1641 2142 1710 2182 pro
1733 2127 1914 2173 Consule,

513 2195 720 2250 praefuisti:
740 2208 834 2232 num
849 2209 934 2246 quae
956 2196 993 2232 in
1013 2205 1080 2233 tuo
1100 2196 1264 2248 imperio
1279 2196 1450 2248 pecuniae
1470 2195 1577 2233 cellae
1597 2195 1756 2233 nomine
1776 2195 1914 2232 coactae

513 2263 599 2301 sunt
616 2262 628 2298 ?
660 2261 802 2313 Neque
821 2273 893 2313 ego
912 2259 988 2298 hoc
1007 2261 1046 2298 in
1068 2270 1133 2298 tua
1152 2261 1263 2299 laude
1283 2275 1386 2314 pono
1404 2276 1413 2300 z
1437 2260 1508 2299 alia
1528 2261 1615 2298 sunt
1636 2270 1701 2298 tua
1720 2259 1831 2304 facta,
1853 2268 1915 2297 at-

515 2342 590 2381 que
620 2327 788 2372 confina,
827 2326 978 2364 summa
1010 2326 1120 2364 laude
1140 2327 1268 2379 digna,
1302 2327 1442 2380 quibus
1475 2326 1584 2364 illam
1613 2332 1656 2364 tu
1676 2325 1915 2378 provinciam

515 2394 696 2433 afflictam
716 2402 754 2432 et
779 2393 968 2447 perditam
988 2392 1152 2438 erexisti,
1183 2402 1298 2445 atque
1319 2393 1488 2431 recreasti
1511 2408 1521 2432 ε
1553 2406 1643 2431 nam
1664 2391 1738 2430 hoc
1759 2392 1799 2431 in
1819 2391 1916 2430 cella

515 2474 562 2500 ne
578 2461 747 2515 Lepidus
766 2459 925 2513 quidem
942 2457 1096 2506 fecerat,
1113 2459 1176 2500 cui
1195 2469 1235 2499 tu
1253 2458 1464 2500 succeffisti.
1488 2460 1586 2512 Qa:
1601 2458 1688 2499 sunt
1704 2459 1777 2499 tibi
1796 2458 1915 2514 igitur
