2201 2792
737 224 873 262 PRo
933 223 995 261 M.
1056 221 1412 262 FONTssro.
1692 238 1770 278 493

381 323 618 362 acerbiffimo
637 322 744 360 luctu
779 322 940 360 dedecus
963 331 1147 360 aeternum
1174 320 1333 367 miseris,
1367 330 1480 374 atque
1501 321 1772 375 ignominiam,

381 390 586 443 relinquat.

438 457 475 494 Ο
497 455 694 495 fortunam
715 456 828 508 longe
849 455 1050 508 disparem,
1072 455 1136 493 M.
1161 454 1313 498 Fontei,
1347 453 1372 492 fi
1393 454 1557 507 deligere
1578 454 1773 507 potuiffes,

380 530 424 559 ut
443 523 572 575 potius
594 522 678 560 telis
700 522 771 559 tibi
787 521 1008 565 Gallorum,
1026 534 1143 573 quam
1164 520 1353 572 perjuriis,
1371 520 1644 557 intereundum
1665 520 1772 558 effeti

381 588 492 626 Tum
512 589 618 626 enim
638 588 724 625 vitae
744 587 842 624 socia
861 588 996 630 virtus,
1024 586 1160 623 mortis
1181 599 1311 623 comes
1332 585 1466 638 gloria,
1488 585 1629 624 fuiffet.
1653 587 1774 624 Nunc

380 667 468 691 vero
488 655 556 705 qui
576 653 629 690 est
648 653 770 696 dolor,
803 652 970 689 viCtoriae
991 660 1040 695 te,
1072 660 1186 703 atque
1207 651 1375 702 imperii,
1411 665 1541 703 poenas
1573 652 1619 689 ad
1639 665 1775 689 eorum

378 719 582 755 arbitrium
600 710 771 762 sufferre,
791 717 860 769 qui
879 726 943 754 aut
962 717 1052 754 vieti
1069 717 1183 754 armis
1205 715 1305 760 sunt,
1320 725 1384 754 aut
1404 717 1618 754 invitiffimi
1638 731 1773 769 parue-

378 793 469 822 runt
488 784 499 821 ?
533 785 569 821 A
591 798 668 835 quo
700 783 872 835 periculo
893 781 1098 826 defendite,
1120 782 1290 832 Judices,
1324 782 1449 819 civem
1469 782 1626 827 fortem,
1659 792 1774 835 atque

378 850 650 887 innocentem:
683 858 823 893 curate,
861 857 903 886 ut
934 848 1067 885 nostris
1103 847 1260 884 testibus
1295 848 1382 899 plus
1414 861 1530 899 quam
1551 848 1773 901 alienigenis

377 914 575 953 credidiffe
596 915 829 959 videamini3
852 914 939 966 plus
960 913 1070 951 saluti
1090 913 1250 957 civium,
1273 927 1391 964 quam
1412 912 1581 951 hostium
1602 914 1772 959 libidini,

371 979 628 1025 consuluiffe3
660 980 872 1031 graviorem
901 978 1046 1017 duxisse
1075 979 1154 1030 ejus
1189 978 1505 1023 obsecrationem,
1539 993 1624 1030 quae
1646 979 1772 1017 vestris

378 1047 488 1085 sacris
509 1046 645 1099 praefit,
681 1060 799 1098 quarn
819 1059 952 1084 eorum
982 1045 1194 1089 audaciam,
1230 1045 1298 1096 qui
1332 1058 1426 1083 cum
1446 1046 1625 1083 omnium
1661 1045 1770 1084 sacris

378 1112 620 1165 delubrisque
640 1112 741 1150 bella
755 1111 958 1165 gesserunt.
983 1111 1178 1150 Postremo
1192 1110 1410 1163 prospicite,
1426 1111 1594 1162 Judices,
1614 1112 1652 1149 id
1668 1111 1772 1164 quod

377 1179 424 1216 ad
444 1178 673 1231 dignitatern
694 1178 828 1231 populi
842 1177 1011 1215 Romani
1033 1177 1201 1215 maxime
1217 1176 1396 1228 pertinet,
1419 1186 1462 1214 ut
1482 1177 1569 1229 plus
1591 1177 1690 1230 apud
1707 1191 1771 1215 vos

376 1257 506 1298 preces
522 1244 681 1296 virginis
695 1244 870 1288 Vestalis,
885 1257 1002 1296 quam
1019 1243 1133 1281 minae
1147 1242 1368 1287 Gallorum,
1388 1242 1538 1281 valuiffe
1558 1244 1769 1283 videantur.

1022 1671 1172 1705 PRO

572 1812 677 1884 A.
829 1803 1579 1882 CAECINA.

798 2026 1145 2066 ORATIO
1228 2024 1340 2062 XII.

554 2250 638 2278 tum
659 2239 699 2276 in
720 2237 803 2275 foro
823 2247 937 2288 atque
964 2236 1002 2272 in
1029 2234 1187 2287 judiciis
1220 2232 1459 2284 impudentia
1491 2230 1653 2271 valeret,
1687 2241 1762 2263 non

555 2307 684 2345 minus
720 2317 822 2342 nunc
857 2304 896 2340 in
927 2301 1034 2340 causa
1066 2301 1215 2338 cederet
1246 2301 1296 2336 A.
1321 2298 1472 2335 Caecina
1504 2298 1588 2332 Sex.
1612 2293 1763 2330 AEbutii

374 2374 636 2426 impudentiae‚
658 2384 774 2423 quam
798 2370 895 2407 tum‘
912 2369 952 2406 in
974 2369 1010 2405 vi
1031 2366 1204 2404 facienda
1224 2364 1327 2402 ceflit
1347 2361 1523 2399 audaciae.
1557 2359 1703 2395 Verum
1725 2367 1762 2394 ct

374 2439 471 2476 illud
492 2438 713 2477 considerati
735 2435 904 2474 hominis
932 2435 1001 2472 effe
1022 2433 1181 2485 putavit,
1218 2443 1292 2481 qua
1323 2429 1368 2465 de
1400 2441 1437 2463 re
1463 2427 1549 2476 jure
1580 2424 1760 2461 decertari

373 2513 577 2556 oporteret,
599 2502 713 2539 armis
735 2514 812 2538 non
843 2499 1099 2541 contendere3
1132 2505 1168 2532 ct
1189 2494 1262 2532 hoc
1283 2492 1500 2534 constantis,
1535 2490 1695 2541 quicum
1724 2488 1758 2526 vi

370 2578 410 2607 et
430 2569 542 2607 armis
564 2576 703 2606 certare
724 2565 914 2610 noluiffet,
937 2577 1024 2602 eum
1042 2564 1127 2614 jure
1143 2560 1368 2612 judicioque
1391 2557 1573 2608 superare.

375 2178 408 2216 Ι.
431 2171 564 2304 SI,
604 2181 794 2225 quantum
816 2171 854 2208 in
876 2183 965 2223 agro
987 2169 1153 2220 locisque
1175 2166 1326 2204 desertis
1348 2164 1502 2202 audacia
1522 2163 1655 2216 potest,
1680 2171 1763 2199 tan-
