2201 2792
318 137 392 173 20*
491 135 1023 173 ARGUMENTA
1085 135 1619 175 ORATIONUM.

429 255 587 307 Argum.
907 254 1116 308 Philippica
1145 257 1219 294 III.
1645 268 1682 309 p.
1705 268 1797 309 330.

372 339 468 374 Pos‘r
489 340 628 375 Caesaris
648 352 767 375 necem
785 341 943 375 decrevit
960 340 1091 375 senatus
1110 341 1300 376 consulares
1318 341 1524 388 provincias,
1543 343 1700 377 Antonio
1719 341 1801 377 Ma·

323 389 517 430 cedoniam,
544 390 736 424 Dolabellae
755 390 899 435 Syriam.
953 390 1020 424 Sed
1038 391 1227 431 Antonius,
1255 391 1467 426 occasionem
1487 403 1645 438 quaerens
1662 391 1804 437 reipub-

322 437 399 472 licae
424 438 681 484 perturbandae‚
708 439 856 473 Galliam
880 439 1073 473 citeriorem
1099 439 1159 472 sibi
1182 440 1335 474 mandari
1358 439 1532 486 cupiebat,
1559 441 1655 487 quod
1677 452 1756 474 cum
1782 450 1803 474 a

323 485 440 521 senatu
467 498 535 521 non
562 487 774 533 impetraret,
801 487 861 533 qui
885 499 961 521 eam
986 488 1199 534 provinciam
1224 489 1268 522 D.
1298 489 1418 530 Bruto,
1437 487 1511 534 jam
1537 499 1637 524 antea
1660 489 1704 523 ab
1729 487 1803 535 ipso

324 534 455 570 Caesare
474 537 604 576 datam,
632 536 705 581 post
724 535 796 581 ejus
815 537 992 571 interitum
1013 537 1287 578 confirmaverat,
1314 537 1392 571 tulit
1409 538 1450 571 ad
1469 538 1654 584 populum,
1680 547 1716 573 et
1739 538 1803 571 ob-

324 583 442 625 tinuit,
470 595 508 619 ut
539 584 731 619 citeriorem
762 585 911 619 Galliam
943 596 1100 631 regeret:
1131 586 1221 620 unde
1248 585 1279 620 se
1305 598 1386 620 cum
1412 588 1565 621 exercitu
1593 588 1634 621 ad
1662 585 1801 628 urbem,

325 632 466 667 Caesaris
485 633 658 679 exemplo,
685 631 784 667 facile
802 643 988 668 venturum
1012 634 1176 680 sperabat.
1227 635 1320 669 Nam
1344 635 1567 678 Macedonia,
1594 646 1683 670 terra
1701 635 1803 670 mari-

324 693 393 728 que
427 680 606 727 disjuncla,
644 682 742 716 novis
771 682 915 716 consiliis
944 694 1067 728 parum
1101 693 1299 730 opportuna
1327 684 1521 719 videbatur.
1574 685 1656 719 Hac
1689 693 1805 718 mente

323 730 554 765 Brundusium
579 730 640 764 ivit
665 731 705 764 ad
724 731 804 766 VII.
832 732 883 766 Id.
907 731 986 766 061.
1014 729 1188 777 profectus
1210 732 1349 767 obviam
1376 733 1570 778 legionibus
1596 732 1804 768 Macedoni-

325 778 374 813 cis
392 788 553 825 quatuor,
581 791 665 825 quas
686 779 745 813 sibi
764 780 944 815 conciliare
963 781 1110 826 pecunia
1133 781 1321 827 cogitabat,
1349 781 1470 827 easque
1489 783 1530 816 ad
1550 782 1673 817 urbem
1692 782 1804 816 addu—

324 839 414 869 cere,
433 837 466 862 et
482 828 515 862 in
529 828 720 862 cervicibus
737 829 907 863 bonorum
922 829 1100 864 collocare.
1128 830 1347 864 Redeuntem
1363 843 1380 865 a
1395 831 1587 865 Brundusio
1600 830 1800 865 Antonium

323 876 418 923 legio
444 875 572 911 Martia
594 876 742 922 reliquit.
795 877 867 919 Ille,
895 878 1005 912 tribus
1029 878 1226 924 legionibus
1250 879 1376 913 Tiburi
1398 879 1585 921 collocatis,
1612 880 1736 915 urbem
1755 878 1805 914 est

325 924 514 972 ingressus:
543 935 666 959 vocato
689 925 722 959 in
742 926 952 973 Capitolium
974 926 1104 968 senatu,
1131 939 1212 962 cum
1232 928 1274 962 de
1293 928 1482 963 abalienata
1500 930 1636 975 legione
1656 930 1804 973 Quarta,

324 984 360 1008 et
386 974 567 1008 Oe‘taviani
591 974 698 1020 copiis
723 973 893 1020 adjuncta,
921 975 1063 1010 nuntius
1087 976 1116 1010 ei
1140 977 1220 1010 esset
1242 976 1376 1018 allatus,
1402 989 1548 1023 propere
1572 978 1725 1012 senatum
1754 977 1805 1012 di-

325 1022 428 1064 misit,
454 1033 488 1057 et
515 1023 556 1057 ad
583 1023 822 1069 occupandam
850 1023 999 1058 Galliam
1027 1025 1234 1066 citeriorem,
1261 1037 1367 1070 quam
1391 1026 1437 1060 D.
1458 1026 1585 1060 Brutus
1608 1025 1803 1067 obtinebat,

324 1082 406 1105 cum
431 1071 566 1105 duabus
591 1071 789 1117 legionibus
814 1084 940 1119 magna
965 1072 1138 1107 celeritate
1164 1074 1352 1108 contendit.
1394 1073 1528 1109 Interea
1546 1086 1626 1109 curn
1647 1074 1728 1109 novi
1746 1074 1806 1109 tri-

326 1120 409 1154 buni
431 1121 475 1165 pl.
495 1120 555 1166 qui
574 1120 636 1154 VI.
658 1120 706 1155 Id.
727 1122 812 1155 Dee.
834 1121 1069 1168 magistratum
1090 1121 1246 1164 inierant,
1265 1122 1366 1156 XIII.
1386 1123 1531 1157 Kalend.
1553 1123 1629 1168 Jan.
1650 1122 1803 1158 senatum

324 1169 576 1209 convocassent,
604 1169 715 1214 deque
743 1170 901 1215 praelidio
929 1170 1107 1204 consulum
1132 1171 1387 1217 designatorum
1416 1171 1613 1212 retulissent,
1643 1181 1682 1205 ut
1711 1172 1806 1206 sena-

326 1227 402 1252 tum
432 1228 507 1251 tuto
537 1217 701 1252 Kalendis
728 1218 899 1262 januariis
926 1218 1051 1253 habere
1079 1220 1223 1265 possent,
1255 1219 1390 1260 Cicero,
1423 1220 1560 1254 laudata
1585 1220 1804 1255 tribunorum

325 1276 456 1306 mente,
485 1276 591 1300 totam
621 1266 871 1312 rempublicam
899 1268 1101 1314 complexus
1131 1267 1202 1302 haec
1230 1267 1383 1302 censuit:
1413 1280 1465 1302 res
1487 1280 1554 1310 eas,
1582 1280 1667 1315 quas
1691 1268 1805 1304 Caesar

325 1313 517 1350 adolescens
536 1315 669 1360 privato
687 1315 824 1349 consilio
842 1317 996 1362 gestisset,
1020 1326 1079 1350 aut
1097 1326 1243 1362 gereret,
1263 1316 1401 1362 publica
1418 1317 1669 1352 confirmandas
1687 1318 1806 1353 aucto-

326 1363 451 1404 ritate;
479 1363 646 1409 legiones,
673 1375 765 1410 quae,
793 1365 909 1399 relieto
939 1365 1108 1406 Antonio,
1137 1366 1176 1399 ad
1209 1365 1461 1411 rempublicam
1489 1365 1740 1401 defendendam
1771 1365 1806 1402 se

325 1412 554 1453 contulissent,
583 1413 780 1453 laudandas,
807 1413 921 1459 eisque
946 1414 1038 1460 spem
1063 1415 1288 1460 praemiorum
1314 1415 1453 1449 decreto
1472 1414 1604 1449 senatus
1624 1415 1804 1450 ostenden.

325 1461 432 1500 dam3
461 1461 504 1495 D.
525 1461 684 1502 Brutum,
712 1462 771 1507 qui
797 1461 827 1496 se
852 1463 992 1496 irruenti
1011 1463 1044 1497 in
1063 1462 1213 1497 Galliam
1232 1463 1390 1497 Antonio
1413 1462 1599 1509 objecisset,
1627 1463 1804 1511 ipsamque

326 1509 489 1550 Galliam,
517 1521 596 1555 quae
617 1509 790 1552 resisteret,
818 1511 933 1546 debita
952 1512 1052 1546 laude
1070 1512 1258 1546 ornandam
1276 1526 1283 1546 :
1312 1512 1504 1558 provincias
1523 1512 1566 1546 ab
1586 1511 1716 1552 iisdem,
1742 1512 1805 1560 qui

327 1569 384 1592 eas
402 1558 610 1599 obtinerent,
637 1559 843 1593 obtinendas
862 1561 926 1595 esse
943 1572 985 1594 ex
1004 1560 1078 1606 lege
1097 1560 1203 1604 Julia,
1231 1561 1346 1607 quoad
1369 1573 1412 1595 ex
1430 1562 1463 1596 S.
1478 1562 1519 1595 C.
1539 1562 1663 1608 cuique
1681 1573 1804 1597 eorum

326 1606 513 1641 successum
528 1608 632 1647 effen
652 1606 756 1654 iisque
771 1609 814 1642 de
833 1609 934 1643 rebus
947 1609 989 1644 ad
1008 1609 1158 1643 senatum
1176 1621 1194 1643 a
1212 1610 1308 1644 novis
1323 1610 1517 1644 consulibus
1533 1611 1645 1656 primo
1663 1622 1805 1657 quoque

325 1665 485 1740 {empore
497 1656 576 1739 steffe
605 1655 836 1693 referendum.
889 1658 1036 1692 Affenlit
1063 1657 1208 1700 senatus,
1243 1669 1277 1694 et
1306 1659 1339 1693 in
1368 1657 1440 1705 ejus
1469 1658 1669 1694 sententiam
1699 1660 1732 1694 S.
1761 1659 1803 1696 C.

343 1715 380 1740 ac
399 1716 456 1739 um
476 1717 492 1739 e
525 1731 533 1739 .
1158 1719 1161 1723 -

438 1804 595 1853 Argum.
913 1805 1122 1858 Philippica
1154 1805 1215 1843 IV.
1655 1820 1690 1858 p.
1713 1819 1762 1858 34
1767 1821 1806 1861 5.

377 1889 513 1923 FACTo
533 1889 564 1923 in
585 1889 783 1924 sententiam
806 1890 982 1925 Ciceronis
1006 1891 1112 1932 SCto,
1140 1891 1329 1937 produitus
1347 1903 1365 1926 a
1384 1891 1582 1938 magistratu
1601 1893 1752 1939 quodam
1773 1894 1807 1928 in

329 1937 495 1972 concione
523 1938 655 1983 populi,
683 1949 763 1984 quae
787 1939 820 1973 in
845 1939 959 1973 senatu
987 1940 1058 1974 aeta
1078 1950 1112 1974 et
1130 1941 1266 1975 decreta
1284 1950 1390 1981 erant,
1416 1941 1571 1986 exponit.
1624 1941 1807 1984 Caesarem,

329 1987 377 2021 D.
394 1986 555 2029 Brutum,
582 1987 756 2033 legionem
781 1988 946 2022 Martiam
969 1998 1004 2023 et
1022 1989 1209 2033 Quartam,
1236 2001 1315 2035 quae
1333 1989 1421 2024 duce
1439 1989 1650 2035 Egnatuleio
1668 1992 1710 2025 ab
1730 1993 1807 2026 An-

330 2035 427 2069 tonio
454 2034 637 2076 defecerat,
663 2035 804 2070 summis
835 2037 994 2071 laudibus
1022 2047 1131 2078 ornat,
1162 2037 1195 2072 in
1225 2039 1420 2073 Antonium
1451 2039 1637 2081 invehitur,
1661 2050 1695 2073 et
1725 2052 1807 2075 cum

331 2084 421 2118 bene
446 2084 490 2117 de
515 2085 691 2130 republica
712 2085 883 2131 populum
909 2086 1039 2133 sperare
1056 2085 1173 2134 jubet,
1201 2096 1276 2122 tum
1298 2099 1380 2123 eum
1402 2087 1445 2122 ad
1468 2087 1620 2122 studium
1642 2088 1809 2125 libertatis

331 2133 575 2179 recuperandae
593 2133 800 2169 cohortatur.

441 2237 603 2288 Argum.
934 2236 1142 2290 Philippica
1171 2237 1217 2276 V.
1645 2254 1681 2293 p.
1715 2254 1735 2294 3
1742 2254 1806 2294 5¹·

380 2322 604 2356 ΟΒειῡεΝτε
634 2321 814 2357 Mutinam
841 2323 1010 2364 Antonio,
1040 2336 1106 2358 non
1133 2325 1237 2359 modo
1262 2324 1328 2359 fine
1354 2324 1487 2359 senatus
1512 2326 1725 2368 auctoritate,
1753 2327 1808 2362 sed

330 2369 442 2405 invito
470 2370 573 2405 etiam
599 2371 726 2412 senatu,
753 2370 814 2417 qui
834 2371 984 2406 Galliam
1004 2374 1194 2409 citeriorem
1214 2374 1258 2408 D.
1279 2375 1400 2415 Bruto,
1421 2372 1494 2420 jam
1514 2386 1613 2409 antea
1636 2387 1653 2410 a
1677 2376 1810 2412 Caesare

330 2419 459 2462 datam,
487 2420 562 2466 post
579 2418 652 2468 ejus
671 2431 791 2456 necem
810 2421 1085 2465 confirmaverat,
1103 2422 1182 2458 novi
1201 2423 1366 2466 consules,
1387 2423 1490 2458 Pansa
1508 2432 1543 2459 et
1559 2424 1713 2468 Hirtius,
1739 2424 1810 2460 Ka-
