2201 2792
541 147 619 198 448
974 145 1066 185 IN
1136 145 1520 184 VERREM

540 248 646 286 istius
668 245 896 300 vituperatio
926 254 1042 297 atque
1062 244 1223 283 infamia
1253 245 1554 284 confirmabatur
1579 258 1714 284 eorum
1748 245 1934 292 sermone,

540 315 609 367 qui
629 328 649 352 a
669 313 741 352 suis
763 312 983 351 civitatibus
1003 312 1081 349 illis
1101 311 1263 350 navibus
1284 312 1474 364 praepofiti
1493 311 1669 351 fuerant:
1703 313 1771 366 qui
1800 326 1847 351 ex
1867 313 1936 351 illo

540 396 703 420 numero
733 380 873 432 reliqui
907 378 1116 431 Syracusas,
1144 377 1253 416 claffe
1284 378 1428 424 amissa,
1460 379 1692 433 refugerant.
1725 380 1933 425 Dicebant,

542 463 638 501 quos
660 461 706 486 ex
727 447 790 484 sua
810 445 971 498 quisque
1001 445 1089 482 navi
1109 443 1238 482 miffos
1259 444 1370 482 sciret
1389 444 1474 483 effe.
1514 447 1591 483 Res
1612 455 1690 483 erat
1710 446 1807 484 clara
1825 461 1834 484 :
1867 459 1935 484 ne-

542 529 617 566 que
638 515 762 552 solum
783 512 1035 566 argumentis,
1071 511 1134 549 sed
1154 511 1272 550 etiam
1292 512 1404 550 certis
1440 512 1613 557 testibus,
1645 512 1752 551 istius
1783 512 1938 551 audacia

542 581 754 618 tenebatur.

599 646 792 684 XXXIX.
826 645 964 683 Homo
995 644 1134 682 certior
1166 643 1225 689 fit,
1269 643 1331 696 agi
1364 642 1464 681 nihil
1494 645 1533 682 in
1560 643 1645 683 foro
1674 653 1712 683 et
1743 651 1939 683 conventu

543 723 623 752 tota
642 713 717 757 die,
740 712 809 750 nisi
829 711 904 749 hoc
926 711 1045 764 quaeri
1075 725 1097 748 a
1116 709 1328 755 navarchis,
1358 711 1691 763 quemadmodum
1711 711 1831 750 claffis
1851 710 1939 749 effet

542 779 697 817 amissa:
730 778 816 816 illos
838 777 1074 830 respondere,
1097 786 1135 815 et
1155 777 1289 815 docere
1311 790 1649 829 unumquemque,
1682 778 1857 816 miffione
1877 791 1937 814 re-

543 846 713 898 migum,
743 843 845 881 fame
879 843 1132 895 reliquorum,
1169 842 1392 881 Cleomenis
1426 843 1566 881 timore
1595 852 1634 880 et
1667 843 1773 895 fuga.
1821 843 1939 894 Qod

543 911 789 965 posteaquam
810 910 876 947 iste
896 910 1091 962 cognovit,
1122 908 1222 947 hanc
1244 909 1432 947 rationem
1452 908 1591 947 habere
1611 910 1743 961 coepit.
1776 908 1939 947 Causam

543 979 613 1016 fibi
633 976 835 1015 dicendam
856 975 926 1013 effe
947 976 1124 1014 statuerat
1139 976 1222 1027 jam
1242 984 1341 1020 ante,
1364 989 1482 1028 quam
1506 974 1581 1013 hoc
1609 976 1678 1014 usu
1699 977 1858 1020 veniret,
1889 975 1942 1012 ita

545 1054 588 1082 ut
608 1044 734 1097 ipsum
756 1043 881 1096 priore
901 1043 1048 1080 actione
1069 1042 1194 1080 dicere
1215 1042 1369 1080 audistis
1389 1058 1397 1081 2
1430 1042 1597 1087 videbat,
1632 1041 1710 1080 illis
1741 1040 1939 1080 navarchis

544 1111 717 1155 testibus,
740 1119 892 1148 tantum
912 1109 988 1147 hoc
1004 1110 1152 1147 crimen
1173 1109 1350 1147 sustinere
1371 1109 1406 1147 se
1425 1109 1535 1148 nullo
1555 1108 1673 1147 modo
1693 1108 1807 1162 poffe.
1832 1110 1940 1147 Con-

544 1177 671 1215 filium
702 1176 804 1228 capit
834 1175 962 1227 primo
983 1174 1159 1219 stultum,
1195 1183 1446 1212 veruntamen
1468 1174 1651 1213 clemens.
1686 1174 1940 1212 Cleomenem

544 1253 582 1280 et
602 1241 809 1279 navarchos
831 1240 876 1277 ad
896 1240 931 1276 se
953 1241 1076 1277 vocari
1092 1240 1219 1292 jubet.
1242 1240 1430 1278 Veniunt.
1454 1240 1619 1277 Accusat
1639 1253 1716 1284 eos,
1740 1239 1843 1291 quod
1862 1237 1940 1276 hu-

539 1308 711 1361 jusmodi
732 1308 777 1344 de
799 1306 833 1344 se
854 1307 1045 1344 sermones
1066 1305 1271 1343 habuerint
1290 1321 1297 1343 :
1331 1316 1452 1357 rogat,
1476 1315 1518 1343 ut
1539 1306 1578 1343 id
1598 1304 1721 1343 facere
1752 1305 1938 1349 desistant,

544 1385 582 1412 et
603 1375 641 1412 in
662 1374 725 1412 sua
741 1372 902 1426 quisque
925 1373 1011 1409 navi
1032 1372 1133 1410 dicat
1154 1372 1188 1410 se
1210 1381 1362 1410 tantum
1382 1372 1553 1410 habuisse
1574 1381 1792 1417 nautarum,
1815 1385 1939 1424 quan-

545 1453 630 1480 tum
650 1440 876 1495 oportuerit,
910 1453 1033 1492 neque
1054 1453 1292 1492 quemquam
1313 1439 1384 1477 effe
1404 1439 1615 1477 dimissum.
1649 1439 1712 1477 Illi
1744 1439 1942 1477 enimvero

545 1509 581 1547 se
602 1508 817 1552 ostendunt,
851 1507 956 1559 quod
977 1506 1105 1551 vellet,
1137 1505 1208 1544 effe
1239 1504 1419 1543 fadffiros.
1453 1505 1525 1543 Iste
1556 1519 1634 1543 non
1665 1504 1939 1558 procrastinat:

545 1577 702 1614 advocat
725 1574 869 1612 amicos
891 1573 1017 1611 statim
1036 1588 1044 1611 :
1078 1573 1214 1625 quaerit
1245 1586 1291 1610 ex
1311 1571 1373 1610 his
1394 1571 1632 1625 singillatim,
1664 1581 1760 1624 quot
1781 1571 1943 1624 quisque

546 1651 678 1680 nautas
713 1639 904 1678 habuerit.
951 1639 1166 1692 Respondit
1192 1638 1464 1691 unusquisque,
1501 1647 1545 1676 ut
1578 1646 1656 1676 erat
1690 1647 1941 1691 praeceptum.

547 1709 619 1747 Iste
640 1708 679 1745 in
701 1707 847 1745 tabulas
880 1705 1021 1751 refert3
1054 1706 1226 1758 obsignat
1247 1706 1360 1758 fignis
1381 1706 1611 1750 amicorum,
1643 1705 1845 1757 providens
1866 1703 1941 1742 ho-

548 1790 614 1814 mo
633 1794 642 1819 ;
676 1784 718 1813 ut
739 1784 870 1812 contra
888 1772 962 1811 hoc
983 1773 1145 1818 crimen,
1180 1773 1206 1810 fi
1227 1772 1380 1825 quando
1411 1786 1508 1825 opus
1533 1772 1637 1818 esset,
1668 1771 1739 1810 hac
1759 1771 1940 1810 videlicet

550 1832 814 1879 testificatione
838 1849 1019 1877 uteretur.

604 1906 784 1944 Derisum
817 1905 930 1942 credo
951 1904 1021 1941 effe
1041 1903 1243 1942 hominem
1276 1913 1472 1943 amentem
1494 1918 1514 1942 a
1541 1904 1615 1941 suis
1646 1903 1883 1948 consiliariis,
1905 1911 1943 1941 et

548 1973 809 2015 admonitum,
831 1969 941 2008 hasce
961 1971 995 2007 ei
1018 1970 1162 2008 tabulas
1184 1969 1283 2008 nihil
1305 1969 1550 2023 profuturas;
1573 1970 1688 2007 etiam
1710 1970 1796 2022 plus
1817 1983 1862 2007 ex
1881 1970 1943 2010 ni-

550 2041 628 2078 mia
649 2040 822 2077 Praetoris
855 2038 1055 2091 diligentia
1075 2038 1296 2090 suspicionis
1324 2040 1363 2076 in
1384 2053 1428 2076 eo
1449 2039 1611 2076 crimine
1633 2036 1824 2075 futurum.
1856 2038 1945 2088 Jam

549 2106 615 2144 istc
637 2116 712 2143 erat
733 2105 803 2143 huc
824 2105 983 2142 stultitia
1004 2104 1138 2142 multis
1169 2106 1207 2142 in
1240 2106 1353 2143 rebus
1382 2105 1484 2150 usus,
1513 2114 1556 2142 ut
1587 2104 1742 2157 publice
1773 2117 1942 2156 quoque,

551 2187 636 2225 quae
657 2172 784 2216 vellet,
821 2172 859 2208 in
882 2172 1084 2209 civitatum
1107 2171 1225 2209 literis
1248 2181 1285 2209 et
1306 2172 1403 2215 tolli,
1427 2181 1464 2209 et
1486 2170 1629 2215 referri,
1646 2171 1826 2223 juberet:
1860 2183 1945 2221 quae

550 2239 681 2277 omnia
703 2252 804 2275 nunc
826 2237 1010 2289 intelligit
1031 2237 1099 2274 fibi
1122 2236 1220 2274 nihil
1241 2237 1422 2290 prodesse,
1445 2237 1691 2289 posteaquam
1712 2236 1824 2273 certis
1854 2235 1943 2272 lite-

551 2306 615 2350 ris,
640 2304 809 2349 testibus,
833 2303 1196 2354 metm-natibusque
1218 2304 1474 2341 convincitur.

606 2372 696 2408 XL.
730 2371 809 2408 Ubi
846 2369 920 2407 hoc
955 2369 1078 2412 videt,
1124 2369 1280 2406 illorum
1315 2368 1603 2412 confeffioncm‚
1638 2366 1944 2405 testificationem

553 2438 672 2481 suam,
695 2437 855 2481 tabulas,
879 2436 946 2474 fibi
969 2435 1078 2473 nullo
1098 2436 1320 2487 adjumento
1342 2433 1509 2479 futuras;
1533 2434 1606 2471 init
1626 2433 1844 2478 confilium,
1867 2448 1944 2472 non

551 2504 719 2556 improbi
752 2503 925 2541 Praetoris
948 2503 1054 2554 (nam
1077 2501 1113 2539 id
1133 2501 1293 2554 quidem
1310 2501 1396 2539 esset
1412 2499 1633 2553 ferendum)
1653 2500 1713 2538 sed
1730 2500 1945 2553 importuni
