2201 2792
553 200 628 257 363
982 194 1072 235 IN
1144 193 1526 234 VERREM

550 296 791 341 Melitenses,
814 303 856 332 ut
875 307 917 332 ea
936 294 1019 333 vasa
1038 294 1262 346 perquirant
1279 309 1289 332 ε
1322 303 1428 347 rogat
1448 293 1684 339 Diodorum,
1706 301 1750 332 ut
1770 293 1816 332 ad
1836 292 1953 331 illum

551 366 664 404 suum
685 363 950 417 propinquum
969 361 1033 399 det
1053 361 1193 398 literas.
1226 360 1342 399 Nihil
1369 361 1405 398 ei
1425 361 1578 414 longius
1599 361 1812 406 videbatur,
1835 373 1954 413 quam

550 433 648 470 dum
667 431 765 469 illud
785 429 928 467 videret
948 437 1166 480 argentum.
1200 427 1410 472 Diodorus,
1431 426 1553 466 homo
1572 427 1689 481 frugi,
1712 442 1754 466 ac
1774 428 1953 480 diligens,

550 500 620 552 qui
643 498 706 536 sua
726 497 867 534 servare
887 495 1015 539 vellet,
1048 494 1270 547 propinquo
1289 494 1354 532 suo
1375 493 1522 539 scribit,
1555 503 1599 532 ut
1617 495 1678 539 iis,
1707 496 1775 547 qui
1797 509 1817 532 a
1835 494 1956 532 Verre

551 564 748 607 venissent,
780 561 1035 614 responderet,
1067 560 1166 598 illud
1183 569 1386 612 argentum
1407 559 1443 597 se
1463 560 1594 613 paucis
1614 561 1692 599 illis
1713 561 1847 600 diebus
1875 561 1954 599 mi-

552 631 631 670 fiffe
653 630 888 681 Lilybaeum.
922 627 1006 680 Ipse
1036 627 1179 665 interea
1210 627 1380 665 recedit:
1413 626 1532 665 abesse
1562 629 1609 666 ab
1629 628 1747 666 domo
1767 627 1958 681 paulisper

551 698 706 742 maluit,
743 709 860 748 qnam
881 694 1041 747 praesens
1075 693 1175 731 illud
1194 694 1343 746 optime
1362 691 1510 733 saecum
1530 704 1734 747 argentum
1763 696 1954 733 amittere.

553 766 673 816 Qod
693 764 760 802 ubi
780 762 927 800 audivit
947 761 1027 806 iste,
1049 760 1168 813 usque
1187 774 1231 798 eo
1251 760 1303 798 est
1322 772 1559 806 commotUS,
1588 770 1631 800 ut
1648 762 1725 800 fine
1745 761 1822 799 ulla
1838 761 1956 799 dubi-

552 833 697 870 tatione
717 829 878 869 insanire
897 828 1095 873 omnibus,
1113 841 1156 865 ac
1176 826 1302 865 furere
1321 827 1525 866 videretur.
1559 828 1664 879 Qia
1683 842 1760 867 non
1781 837 1958 881 potuerat

552 907 756 950 argentum
776 895 934 948 eripere,
957 895 1035 948 ipse
1054 908 1075 932 a
1092 894 1267 932 Diodoro
1288 903 1415 946 erepta
1431 893 1499 932 fibi
1516 894 1598 932 vasa
1616 895 1764 948 optime
1780 894 1878 933 faita
1895 895 1957 933 di-

552 965 686 1002 cebat:
710 962 882 1001 minitari
899 961 1043 1000 absenti
1060 960 1258 999 Diodoro:
1282 959 1482 998 vociferari
1500 961 1627 1013 palam
1645 976 1654 1000 :
1687 961 1873 1013 lacrymas
1894 961 1958 999 in-

554 1031 707 1068 terdum
725 1030 789 1067 vix
806 1037 946 1066 tenere.
969 1026 1199 1080 Eriphylam
1216 1027 1436 1079 accepimus
1457 1027 1497 1064 in
1516 1025 1657 1065 fabulis
1676 1040 1718 1065 ea
1732 1028 1958 1080 cupiditate,

553 1107 612 1142 ut,
633 1111 727 1135 cum
747 1095 895 1134 vidisset
914 1093 1076 1139 monile,
1100 1101 1143 1131 ut
1163 1093 1314 1146 opinor,
1336 1106 1383 1131 ex
1400 1106 1505 1138 auro,
1525 1102 1562 1132 et
1579 1093 1761 1146 gemmis,
1780 1092 1958 1146 pulchri-

553 1163 689 1203 tudine
707 1163 788 1214 ejus
816 1160 979 1205 incensa,
1003 1160 1163 1198 salutem
1178 1159 1265 1197 ‘viri
1286 1159 1476 1212 proderet.
1510 1158 1655 1197 Similis
1675 1160 1782 1198 istius
1803 1160 1958 1213 cupidi-

553 1242 634 1270 tas:
655 1228 731 1267 hoc
751 1229 867 1266 etiam
888 1228 1022 1272 acrior,
1045 1235 1161 1278 atque
1177 1225 1355 1271 insanior,
1378 1226 1488 1278 quod>
1500 1225 1566 1264 illa
1585 1226 1766 1279 cupiebat
1780 1227 1833 1271 id,
1855 1226 1959 1279 quod

554 1297 724 1339 viderat3
747 1294 863 1347 hujus
883 1293 1063 1331 libidines
1083 1306 1163 1331 non
1180 1292 1304 1330 solum
1323 1287 1461 1337 oculis,
1482 1291 1545 1330 sed
1565 1293 1683 1331 etiam
1703 1292 1873 1339 auribus,
1889 1306 1959 1331 ex-

554 1364 787 1403 citabantur.

598 1430 711 1468 XIX.
745 1426 936 1479 Conquiri
955 1426 1176 1464 Diodorum
1198 1425 1277 1463 tota
1297 1425 1623 1478 provinciajubet
1645 1441 1654 1464 :
1677 1425 1744 1464 ille
1764 1439 1812 1464 ex
1832 1425 1964 1464 Sicilia

549 1498 634 1550 jam
654 1495 770 1534 castra
790 1502 974 1538 moverat,
1007 1502 1044 1530 et
1075 1492 1157 1531 vasa
1177 1493 1397 1544 collegerat.
1431 1493 1582 1537 Homo,
1619 1502 1662 1530 ut
1692 1492 1822 1545 aliquo
1844 1493 1963 1531 modo

556 1563 673 1601 illum
699 1563 740 1600 in
776 1560 1015 1613 provinciam
1051 1568 1255 1604 revocaret,
1288 1558 1388 1596 hanc
1421 1559 1654 1611 excogitavit
1688 1559 1874 1597 rationem
1891 1577 1904 1604 5
1936 1558 1963 1596 fi

556 1629 639 1668 haec
662 1629 756 1666 ratio
773 1627 916 1680 potiUS‚
939 1639 1056 1678 quam
1077 1626 1246 1663 amentia
1265 1625 1500 1663 nominanda
1519 1625 1584 1663 est.
1616 1625 1796 1678 Apponit
1821 1625 1867 1662 de
1888 1625 1963 1663 suis

557 1697 717 1735 canibus
740 1695 946 1748 quendam,
968 1693 1037 1745 qui
1058 1693 1174 1738 dicat,
1204 1693 1242 1731 -se
1263 1693 1484 1731 Diodorum
1505 1692 1756 1730 Melitensem
1782 1692 1836 1730 rei
1856 1692 1965 1745 capi-

558 1764 644 1801 talis
667 1776 775 1800 reum
797 1760 893 1798 velle
914 1759 1049 1797 facere.
1074 1760 1206 1797 Primo
1228 1759 1372 1797 mirum
1389 1758 1574 1796 omnibus
1590 1759 1722 1803 videri,
1743 1758 1963 1796 Diodorum

559 1836 683 1875 reum,
706 1829 908 1867 hominem
930 1826 1225 1878 quietissimum,
1247 1826 1293 1863 ab
1314 1826 1424 1863 omni
1445 1839 1522 1863 non
1544 1825 1661 1863 modo
1681 1824 1876 1869 facinoris,
1898 1837 1964 1863 ve-

561 1911 647 1935 rum
669 1897 786 1934 etiam
809 1894 964 1932 minimi
985 1893 1111 1936 errati,
1135 1893 1347 1945 suspicione
1373 1891 1668 1930 remotiffimum
1687 1906 1695 1930 :
1728 1891 1866 1929 deinde
1895 1891 1966 1929 effe

560 1963 822 2016 perspicuum,
846 1960 926 1997 fieri
947 1960 1078 1997 omnia
1099 1959 1164 1996 illa
1190 1967 1344 2011 propter
1364 1967 1580 2010 argentum.
1614 1958 1684 1996 Iste
1706 1971 1784 1996 non
1814 1958 1967 1996 dubitat

555 2029 692 2081 jubere
724 2039 864 2064 nornen
896 2024 1035 2063 deferri
1053 2040 1062 2063 ε
1094 2034 1133 2062 et
1169 2033 1253 2062 tum
1289 2024 1464 2076 primum
1496 2024 1632 2076 opinor
1661 2024 1776 2062 istum
1803 2023 1966 2062 absentis

562 2107 706 2132 nomen
728 2091 917 2144 recepisse.

618 2162 695 2198 Res
717 2159 815 2196 clara
837 2158 966 2196 Sic-ilia
988 2156 1080 2202 tota,
1111 2165 1268 2210 propter
1288 2156 1409 2194 caelati
1443 2157 1590 2209 argenti
1610 2156 1862 2210 cupiditatem
1885 2170 1966 2195 reos

563 2227 645 2266 fieri
681 2239 806 2264 rerum
843 2224 1068 2276 capitalium
1086 2242 1097 2268 ς
1130 2237 1254 2275 neque
1275 2223 1400 2261 solum
1432 2237 1513 2261 reos
1534 2222 1631 2269 fieri,
1666 2223 1728 2261 sed
1748 2224 1864 2260 etiam
1896 2223 1966 2261 ab-

564 2295 699 2332 sentes.
734 2292 928 2330 Diodorus
951 2291 1088 2327 Romae
1108 2289 1319 2327 sordidatus
1351 2291 1501 2328 circum
1522 2299 1714 2342 patronos,
1742 2299 1855 2341 atque
1877 2287 1966 2327 hos—

564 2362 661 2413 pites
683 2359 851 2398 cursare:
871 2370 951 2395 rem
972 2356 1154 2395 omnibus
1169 2368 1328 2393 narrare.
1352 2356 1491 2394 Literae
1513 2356 1724 2393 mittuntur
1744 2356 1802 2393 isti
1824 2369 1844 2393 a
1863 2365 1967 2409 patre

564 2425 839 2469 vehemente33
872 2423 918 2461 ab
939 2422 1074 2460 amicis
1096 2422 1218 2465 item3
1251 2420 1408 2466 videret,
1439 2421 1534 2473 quid
1568 2430 1709 2474 ageret,
1741 2421 1786 2459 de
1813 2421 1966 2459 Diodo-

566 2506 608 2530 ro
629 2506 706 2543 quo
728 2490 1015 2543 progrederetur
1035 2503 1044 2527 :
1076 2502 1155 2527 rem
1178 2487 1320 2525 claram
1341 2487 1424 2532 effe,
1457 2496 1494 2525 et
1521 2487 1747 2526 invidiosam
1767 2503 1775 2525 :
1808 2487 1968 2526 insanire

564 2558 769 2596 hominem
788 2573 796 2596 ε
829 2557 1045 2610 periturum
1064 2554 1140 2595 hoc
1162 2568 1239 2594 uno
1265 2554 1444 2600 crimine,
1467 2554 1534 2593 nili
1555 2555 1721 2595 cavisset.
1759 2554 1831 2594 Iste
1851 2554 1968 2594 etiam
