<?xml version="1.0" encoding="UTF-8"?>
<!DOCTYPE html PUBLIC "-//W3C//DTD XHTML 1.0 Transitional//EN"
    "http://www.w3.org/TR/xhtml1/DTD/xhtml1-transitional.dtd">
<html xmlns="http://www.w3.org/1999/xhtml" xml:lang="en" lang="en">
 <head>
  <title>
</title>
<meta http-equiv="Content-Type" content="text/html;charset=utf-8" />
  <meta name='ocr-system' content='tesseract 3.04.00' />
  <meta name='ocr-capabilities' content='ocr_page ocr_carea ocr_par ocr_line ocrx_word'/>
</head>
<body>
  <div class='ocr_page' id='page_1' title='image "./operacumindicibu04ciceuoft_0516.png"; bbox 0 0 2201 2792; ppageno 0'>
   <div class='ocr_carea' id='block_1_1' title="bbox 454 103 1346 156">
    <p class='ocr_par' dir='ltr' id='par_1_1' title="bbox 454 103 1346 156">
     <span class='ocr_line' id='line_1_1' title="bbox 454 103 1346 156; baseline -0.001 -13"><span class='ocrx_word' id='word_1_1' title='bbox 454 107 531 156; x_wconf 81' lang='lat'>496</span> <span class='ocrx_word' id='word_1_2' title='bbox 939 103 1346 143; x_wconf 88' lang='lat' dir='ltr'><strong>ORATIO</strong></span> 
     </span>
    </p>
   </div>
   <div class='ocr_carea' id='block_1_2' title="bbox 432 200 1849 2498">
    <p class='ocr_par' dir='ltr' id='par_1_2' title="bbox 443 200 1844 715">
     <span class='ocr_line' id='line_1_2' title="bbox 449 200 1844 254; baseline 0 -14"><span class='ocrx_word' id='word_1_3' title='bbox 449 201 667 254; x_wconf 85' lang='lat' dir='ltr'>spopondit,</span> <span class='ocrx_word' id='word_1_4' title='bbox 685 214 760 253; x_wconf 88' lang='lat' dir='ltr'>qua</span> <span class='ocrx_word' id='word_1_5' title='bbox 780 200 819 238; x_wconf 86' lang='lat' dir='ltr'>in</span> <span class='ocrx_word' id='word_1_6' title='bbox 840 214 878 238; x_wconf 87' lang='lat' dir='ltr'>re</span> <span class='ocrx_word' id='word_1_7' title='bbox 899 201 1015 238; x_wconf 87' lang='lat' dir='ltr'>verbo</span> <span class='ocrx_word' id='word_1_8' title='bbox 1036 200 1070 238; x_wconf 91' lang='lat' dir='ltr'>se</span> <span class='ocrx_word' id='word_1_9' title='bbox 1093 214 1170 239; x_wconf 91' lang='lat' dir='ltr'>uno</span> <span class='ocrx_word' id='word_1_10' title='bbox 1190 201 1390 253; x_wconf 82' lang='lat' dir='ltr'>obligavit,</span> <span class='ocrx_word' id='word_1_11' title='bbox 1412 200 1451 238; x_wconf 86' lang='lat' dir='ltr'>id</span> <span class='ocrx_word' id='word_1_12' title='bbox 1472 213 1550 238; x_wconf 90' lang='lat' dir='ltr'>non</span> <span class='ocrx_word' id='word_1_13' title='bbox 1570 200 1676 246; x_wconf 87' lang='lat' dir='ltr'>facit,</span> <span class='ocrx_word' id='word_1_14' title='bbox 1692 210 1844 240; x_wconf 88' lang='lat' dir='ltr'>maturo</span> 
     </span>
     <span class='ocr_line' id='line_1_3' title="bbox 443 267 1842 320; baseline 0 -15"><span class='ocrx_word' id='word_1_15' title='bbox 443 268 608 320; x_wconf 81' lang='lat' dir='ltr'>judicio,</span> <span class='ocrx_word' id='word_1_16' title='bbox 633 268 708 305; x_wconf 88' lang='lat' dir='ltr'>fine</span> <span class='ocrx_word' id='word_1_17' title='bbox 730 267 808 304; x_wconf 87' lang='lat' dir='ltr'>ulla</span> <span class='ocrx_word' id='word_1_18' title='bbox 828 267 1012 319; x_wconf 80' lang='lat' dir='ltr'>religione</span> <span class='ocrx_word' id='word_1_19' title='bbox 1026 267 1186 318; x_wconf 86' lang='lat' dir='ltr'>judicis,</span> <span class='ocrx_word' id='word_1_20' title='bbox 1216 267 1495 305; x_wconf 86' lang='lat' dir='ltr'>condemnatur</span> <span class='ocrx_word' id='word_1_21' title='bbox 1513 281 1520 304; x_wconf 93' lang='lat'>:</span> <span class='ocrx_word' id='word_1_22' title='bbox 1555 267 1622 318; x_wconf 88' lang='lat' dir='ltr'>qui</span> <span class='ocrx_word' id='word_1_23' title='bbox 1652 281 1718 320; x_wconf 87' lang='lat' dir='ltr'>per</span> <span class='ocrx_word' id='word_1_24' title='bbox 1739 277 1842 305; x_wconf 92' lang='lat' dir='ltr'>tute-</span> 
     </span>
     <span class='ocr_line' id='line_1_4' title="bbox 449 332 1842 378; baseline 0 -7"><span class='ocrx_word' id='word_1_25' title='bbox 449 334 541 378; x_wconf 84' lang='lat' dir='ltr'>lam,</span> <span class='ocrx_word' id='word_1_26' title='bbox 574 342 639 371; x_wconf 88' lang='lat' dir='ltr'>aut</span> <span class='ocrx_word' id='word_1_27' title='bbox 670 333 900 377; x_wconf 87' lang='lat' dir='ltr'>societatem,</span> <span class='ocrx_word' id='word_1_28' title='bbox 932 342 996 370; x_wconf 87' lang='lat' dir='ltr'>aut</span> <span class='ocrx_word' id='word_1_29' title='bbox 1017 346 1097 370; x_wconf 86' lang='lat' dir='ltr'>rem</span> <span class='ocrx_word' id='word_1_30' title='bbox 1118 333 1351 376; x_wconf 87' lang='lat' dir='ltr'>mandatam,</span> <span class='ocrx_word' id='word_1_31' title='bbox 1387 341 1451 370; x_wconf 87' lang='lat' dir='ltr'>aut</span> <span class='ocrx_word' id='word_1_32' title='bbox 1471 332 1621 371; x_wconf 82' lang='lat' dir='ltr'>fiduciae</span> <span class='ocrx_word' id='word_1_33' title='bbox 1641 334 1842 378; x_wconf 88' lang='lat' dir='ltr'>rationem,</span> 
     </span>
     <span class='ocr_line' id='line_1_5' title="bbox 448 399 1844 451; baseline 0 -14"><span class='ocrx_word' id='word_1_34' title='bbox 448 399 637 437; x_wconf 83' lang='lat' dir='ltr'>fraudavit</span> <span class='ocrx_word' id='word_1_35' title='bbox 658 400 897 451; x_wconf 84' lang='lat' dir='ltr'>quempiam,</span> <span class='ocrx_word' id='word_1_36' title='bbox 919 399 959 436; x_wconf 91' lang='lat' dir='ltr'>in</span> <span class='ocrx_word' id='word_1_37' title='bbox 980 412 1039 443; x_wconf 89' lang='lat' dir='ltr'>eo,</span> <span class='ocrx_word' id='word_1_38' title='bbox 1061 412 1140 450; x_wconf 88' lang='lat' dir='ltr'>quo</span> <span class='ocrx_word' id='word_1_39' title='bbox 1160 399 1344 435; x_wconf 64' lang='lat' dir='ltr'>defletum</span> <span class='ocrx_word' id='word_1_40' title='bbox 1366 399 1487 450; x_wconf 86' lang='lat' dir='ltr'>majus</span> <span class='ocrx_word' id='word_1_41' title='bbox 1507 399 1573 443; x_wconf 87' lang='lat' dir='ltr'>est,</span> <span class='ocrx_word' id='word_1_42' title='bbox 1595 413 1640 437; x_wconf 91' lang='lat' dir='ltr'>eo</span> <span class='ocrx_word' id='word_1_43' title='bbox 1659 413 1772 451; x_wconf 87' lang='lat' dir='ltr'>poena</span> <span class='ocrx_word' id='word_1_44' title='bbox 1792 399 1844 437; x_wconf 91' lang='lat' dir='ltr'>est</span> 
     </span>
     <span class='ocr_line' id='line_1_6' title="bbox 448 463 1843 517; baseline -0.001 -14"><span class='ocrx_word' id='word_1_45' title='bbox 448 466 601 503; x_wconf 78' lang='lat' dir='ltr'>tardior.</span> <span class='ocrx_word' id='word_1_46' title='bbox 635 465 701 503; x_wconf 84' lang='lat' dir='ltr'>Est</span> <span class='ocrx_word' id='word_1_47' title='bbox 721 466 826 502; x_wconf 85' lang='lat' dir='ltr'>enim</span> <span class='ocrx_word' id='word_1_48' title='bbox 849 474 958 516; x_wconf 80' lang='lat' dir='ltr'>turpe</span> <span class='ocrx_word' id='word_1_49' title='bbox 983 465 1208 516; x_wconf 88' lang='lat' dir='ltr'>judicium:</span> <span class='ocrx_word' id='word_1_50' title='bbox 1240 473 1277 501; x_wconf 92' lang='lat' dir='ltr'>et</span> <span class='ocrx_word' id='word_1_51' title='bbox 1298 463 1397 501; x_wconf 62' lang='lat' dir='ltr'>faeto</span> <span class='ocrx_word' id='word_1_52' title='bbox 1426 464 1585 516; x_wconf 87' lang='lat' dir='ltr'>quidem</span> <span class='ocrx_word' id='word_1_53' title='bbox 1607 474 1731 517; x_wconf 83' lang='lat' dir='ltr'>turpe.</span> <span class='ocrx_word' id='word_1_54' title='bbox 1768 465 1843 502; x_wconf 92' lang='lat' dir='ltr'>Vi·-</span> 
     </span>
     <span class='ocr_line' id='line_1_7' title="bbox 447 530 1843 583; baseline -0.001 -14"><span class='ocrx_word' id='word_1_55' title='bbox 447 532 533 570; x_wconf 88' lang='lat' dir='ltr'>dete</span> <span class='ocrx_word' id='word_1_56' title='bbox 563 532 683 583; x_wconf 81' lang='lat' dir='ltr'>igitur</span> <span class='ocrx_word' id='word_1_57' title='bbox 713 544 830 582; x_wconf 89' lang='lat' dir='ltr'>quam</span> <span class='ocrx_word' id='word_1_58' title='bbox 850 531 982 582; x_wconf 88' lang='lat' dir='ltr'>inique</span> <span class='ocrx_word' id='word_1_59' title='bbox 1002 531 1162 574; x_wconf 86' lang='lat' dir='ltr'>accidat,</span> <span class='ocrx_word' id='word_1_60' title='bbox 1196 530 1287 582; x_wconf 85' lang='lat' dir='ltr'>quia</span> <span class='ocrx_word' id='word_1_61' title='bbox 1308 543 1362 568; x_wconf 88' lang='lat' dir='ltr'>res</span> <span class='ocrx_word' id='word_1_62' title='bbox 1385 530 1542 582; x_wconf 84' lang='lat' dir='ltr'>indigna</span> <span class='ocrx_word' id='word_1_63' title='bbox 1561 530 1620 576; x_wconf 85' lang='lat' dir='ltr'>fit,</span> <span class='ocrx_word' id='word_1_64' title='bbox 1652 531 1738 569; x_wconf 88' lang='lat' dir='ltr'>ideo</span> <span class='ocrx_word' id='word_1_65' title='bbox 1758 540 1843 569; x_wconf 89' lang='lat' dir='ltr'>tur-</span> 
     </span>
     <span class='ocr_line' id='line_1_8' title="bbox 447 596 1844 650; baseline 0 -16"><span class='ocrx_word' id='word_1_66' title='bbox 447 611 537 650; x_wconf 87' lang='lat' dir='ltr'>pem</span> <span class='ocrx_word' id='word_1_67' title='bbox 559 597 879 635; x_wconf 83' lang='lat' dir='ltr'>existimationem</span> <span class='ocrx_word' id='word_1_68' title='bbox 901 596 1005 648; x_wconf 86' lang='lat' dir='ltr'>sequi</span> <span class='ocrx_word' id='word_1_69' title='bbox 1019 615 1031 640; x_wconf 78' lang='lat'>3</span> <span class='ocrx_word' id='word_1_70' title='bbox 1055 597 1145 649; x_wconf 86' lang='lat' dir='ltr'>quia</span> <span class='ocrx_word' id='word_1_71' title='bbox 1165 597 1286 649; x_wconf 87' lang='lat' dir='ltr'>turpis</span> <span class='ocrx_word' id='word_1_72' title='bbox 1303 596 1534 634; x_wconf 78' lang='lat' dir='ltr'>existimatio</span> <span class='ocrx_word' id='word_1_73' title='bbox 1550 596 1740 649; x_wconf 85' lang='lat' dir='ltr'>sequatur,</span> <span class='ocrx_word' id='word_1_74' title='bbox 1757 596 1844 634; x_wconf 90' lang='lat' dir='ltr'>ideo</span> 
     </span>
     <span class='ocr_line' id='line_1_9' title="bbox 447 663 1044 715; baseline -0.002 -14"><span class='ocrx_word' id='word_1_75' title='bbox 447 677 528 701; x_wconf 92' lang='lat' dir='ltr'>rem</span> <span class='ocrx_word' id='word_1_76' title='bbox 549 663 748 715; x_wconf 84' lang='lat' dir='ltr'>indignam</span> <span class='ocrx_word' id='word_1_77' title='bbox 770 676 848 700; x_wconf 89' lang='lat' dir='ltr'>non</span> <span class='ocrx_word' id='word_1_78' title='bbox 862 663 1044 714; x_wconf 84' lang='lat' dir='ltr'>judicari.</span> 
     </span>
    </p>

    <p class='ocr_par' dir='ltr' id='par_1_3' title="bbox 432 727 1849 1440">
     <span class='ocr_line' id='line_1_10' title="bbox 503 727 1843 782; baseline 0 -16"><span class='ocrx_word' id='word_1_79' title='bbox 503 731 558 766; x_wconf 87' lang='lat' dir='ltr'>At</span> <span class='ocrx_word' id='word_1_80' title='bbox 580 729 604 766; x_wconf 89' lang='lat' dir='ltr'>s1</span> <span class='ocrx_word' id='word_1_81' title='bbox 627 729 713 780; x_wconf 89' lang='lat' dir='ltr'>quis</span> <span class='ocrx_word' id='word_1_82' title='bbox 735 727 835 765; x_wconf 89' lang='lat' dir='ltr'>mihi</span> <span class='ocrx_word' id='word_1_83' title='bbox 855 727 930 766; x_wconf 88' lang='lat' dir='ltr'>hoc</span> <span class='ocrx_word' id='word_1_84' title='bbox 947 729 1074 778; x_wconf 84' lang='lat' dir='ltr'>Judex</span> <span class='ocrx_word' id='word_1_85' title='bbox 1095 728 1401 779; x_wconf 85' lang='lat' dir='ltr'>Recuperatorve</span> <span class='ocrx_word' id='word_1_86' title='bbox 1421 728 1550 766; x_wconf 87' lang='lat' dir='ltr'>dicat:</span> <span class='ocrx_word' id='word_1_87' title='bbox 1582 728 1739 782; x_wconf 70' lang='lat' dir='ltr'><em>Potussi</em></span> <span class='ocrx_word' id='word_1_88' title='bbox 1754 728 1843 767; x_wconf 79' lang='lat' dir='ltr'>enim</span> 
     </span>
     <span class='ocr_line' id='line_1_11' title="bbox 432 792 1842 846; baseline -0.001 -13"><span class='ocrx_word' id='word_1_89' title='bbox 432 796 578 833; x_wconf 69' lang='lat' dir='ltr'>leviore</span> <span class='ocrx_word' id='word_1_90' title='bbox 605 794 740 832; x_wconf 63' lang='lat' dir='ltr'>ac‘iione</span> <span class='ocrx_word' id='word_1_91' title='bbox 765 794 974 846; x_wconf 68' lang='lat' dir='ltr'>c07fizgere5</span> <span class='ocrx_word' id='word_1_92' title='bbox 1000 793 1149 846; x_wconf 66' lang='lat' dir='ltr'>potug‘sti</span> <span class='ocrx_word' id='word_1_93' title='bbox 1164 792 1216 830; x_wconf 76' lang='lat' dir='ltr'>ad</span> <span class='ocrx_word' id='word_1_94' title='bbox 1233 803 1334 831; x_wconf 80' lang='lat' dir='ltr'>tuum</span> <span class='ocrx_word' id='word_1_95' title='bbox 1351 793 1418 844; x_wconf 71' lang='lat' dir='ltr'>jus</span> <span class='ocrx_word' id='word_1_96' title='bbox 1431 793 1603 844; x_wconf 80' lang='lat' dir='ltr'>fizciliore</span> <span class='ocrx_word' id='word_1_97' title='bbox 1632 803 1667 831; x_wconf 83' lang='lat' dir='ltr'>et</span> <span class='ocrx_word' id='word_1_98' title='bbox 1695 808 1842 832; x_wconf 84' lang='lat' dir='ltr'>commo-</span> 
     </span>
     <span class='ocr_line' id='line_1_12' title="bbox 446 859 1849 912; baseline -0.001 -14"><span class='ocrx_word' id='word_1_99' title='bbox 446 861 541 898; x_wconf 76' lang='lat' dir='ltr'>diore</span> <span class='ocrx_word' id='word_1_100' title='bbox 554 860 689 911; x_wconf 75' lang='lat' dir='ltr'>judicio</span> <span class='ocrx_word' id='word_1_101' title='bbox 712 859 918 912; x_wconf 77' lang='lat' dir='ltr'>pervenire.</span> <span class='ocrx_word' id='word_1_102' title='bbox 979 870 987 876; x_wconf 60' lang='lat'>²</span> <span class='ocrx_word' id='word_1_103' title='bbox 1002 873 1089 896; x_wconf 67' lang='lat' dir='ltr'>aare</span> <span class='ocrx_word' id='word_1_104' title='bbox 1118 869 1185 896; x_wconf 76' lang='lat' dir='ltr'>aut</span> <span class='ocrx_word' id='word_1_105' title='bbox 1218 867 1319 897; x_wconf 78' lang='lat' dir='ltr'>muta</span> <span class='ocrx_word' id='word_1_106' title='bbox 1349 859 1538 903; x_wconf 52' lang='lat' dir='ltr'>astionem,</span> <span class='ocrx_word' id='word_1_107' title='bbox 1568 868 1637 897; x_wconf 79' lang='lat' dir='ltr'>aut</span> <span class='ocrx_word' id='word_1_108' title='bbox 1664 859 1737 897; x_wconf 75' lang='lat' dir='ltr'>noli</span> <span class='ocrx_word' id='word_1_109' title='bbox 1758 859 1849 898; x_wconf 79' lang='lat' dir='ltr'>mihi</span> 
     </span>
     <span class='ocr_line' id='line_1_13' title="bbox 445 924 1843 977; baseline -0.001 -13"><span class='ocrx_word' id='word_1_110' title='bbox 445 928 481 964; x_wconf 79' lang='lat' dir='ltr'>in</span> <span class='ocrx_word' id='word_1_111' title='bbox 511 941 587 970; x_wconf 78' lang='lat' dir='ltr'>are,</span> <span class='ocrx_word' id='word_1_112' title='bbox 620 935 661 964; x_wconf 78' lang='lat' dir='ltr'>ut</span> <span class='ocrx_word' id='word_1_113' title='bbox 682 924 851 977; x_wconf 75' lang='lat' dir='ltr'>judicem.</span> <span class='ocrx_word' id='word_1_114' title='bbox 885 926 1039 962; x_wconf 86' lang='lat' dir='ltr'>Tamen</span> <span class='ocrx_word' id='word_1_115' title='bbox 1070 925 1100 962; x_wconf 91' lang='lat' dir='ltr'>is</span> <span class='ocrx_word' id='word_1_116' title='bbox 1132 934 1197 962; x_wconf 89' lang='lat' dir='ltr'>aut</span> <span class='ocrx_word' id='word_1_117' title='bbox 1226 924 1401 962; x_wconf 88' lang='lat' dir='ltr'>timidior</span> <span class='ocrx_word' id='word_1_118' title='bbox 1434 924 1604 962; x_wconf 88' lang='lat' dir='ltr'>videatur</span> <span class='ocrx_word' id='word_1_119' title='bbox 1624 939 1741 977; x_wconf 88' lang='lat' dir='ltr'>quam</span> <span class='ocrx_word' id='word_1_120' title='bbox 1761 924 1843 963; x_wconf 90' lang='lat' dir='ltr'>for-</span> 
     </span>
     <span class='ocr_line' id='line_1_14' title="bbox 447 990 1843 1044; baseline -0.001 -14"><span class='ocrx_word' id='word_1_121' title='bbox 447 1002 540 1038; x_wconf 89' lang='lat' dir='ltr'>tem,</span> <span class='ocrx_word' id='word_1_122' title='bbox 573 1001 637 1030; x_wconf 84' lang='lat' dir='ltr'>aut</span> <span class='ocrx_word' id='word_1_123' title='bbox 659 992 836 1044; x_wconf 88' lang='lat' dir='ltr'>cupidior</span> <span class='ocrx_word' id='word_1_124' title='bbox 857 1004 975 1043; x_wconf 86' lang='lat' dir='ltr'>quam</span> <span class='ocrx_word' id='word_1_125' title='bbox 1004 991 1227 1043; x_wconf 84' lang='lat' dir='ltr'>sapientem,</span> <span class='ocrx_word' id='word_1_126' title='bbox 1256 991 1433 1043; x_wconf 90' lang='lat' dir='ltr'>judicem</span> <span class='ocrx_word' id='word_1_127' title='bbox 1452 990 1523 1028; x_wconf 85' lang='lat' dir='ltr'>effe</span> <span class='ocrx_word' id='word_1_128' title='bbox 1543 1005 1698 1043; x_wconf 88' lang='lat' dir='ltr'>aequum</span> <span class='ocrx_word' id='word_1_129' title='bbox 1720 991 1786 1036; x_wconf 88' lang='lat' dir='ltr'>est,</span> <span class='ocrx_word' id='word_1_130' title='bbox 1817 992 1843 1029; x_wconf 91' lang='lat' dir='ltr'>fi</span> 
     </span>
     <span class='ocr_line' id='line_1_15' title="bbox 446 1057 1844 1110; baseline -0.001 -14"><span class='ocrx_word' id='word_1_131' title='bbox 446 1069 510 1096; x_wconf 89' lang='lat' dir='ltr'>aut</span> <span class='ocrx_word' id='word_1_132' title='bbox 532 1057 632 1096; x_wconf 89' lang='lat' dir='ltr'>mihi</span> <span class='ocrx_word' id='word_1_133' title='bbox 652 1057 880 1110; x_wconf 76' lang='lat' dir='ltr'>praescribat,</span> <span class='ocrx_word' id='word_1_134' title='bbox 916 1057 1250 1109; x_wconf 87' lang='lat' dir='ltr'>quemadmodum</span> <span class='ocrx_word' id='word_1_135' title='bbox 1272 1070 1404 1095; x_wconf 89' lang='lat' dir='ltr'>meum</span> <span class='ocrx_word' id='word_1_136' title='bbox 1433 1057 1497 1109; x_wconf 85' lang='lat' dir='ltr'>jus</span> <span class='ocrx_word' id='word_1_137' title='bbox 1530 1057 1743 1109; x_wconf 85' lang='lat' dir='ltr'>persequar,</span> <span class='ocrx_word' id='word_1_138' title='bbox 1779 1066 1844 1095; x_wconf 88' lang='lat' dir='ltr'>aut</span> 
     </span>
     <span class='ocr_line' id='line_1_16' title="bbox 444 1123 1844 1177; baseline -0.001 -14"><span class='ocrx_word' id='word_1_139' title='bbox 444 1125 523 1177; x_wconf 89' lang='lat' dir='ltr'>ipse</span> <span class='ocrx_word' id='word_1_140' title='bbox 543 1125 596 1169; x_wconf 91' lang='lat' dir='ltr'>id,</span> <span class='ocrx_word' id='word_1_141' title='bbox 619 1124 723 1177; x_wconf 89' lang='lat' dir='ltr'>quod</span> <span class='ocrx_word' id='word_1_142' title='bbox 744 1124 789 1161; x_wconf 86' lang='lat' dir='ltr'>ad</span> <span class='ocrx_word' id='word_1_143' title='bbox 810 1124 845 1161; x_wconf 92' lang='lat' dir='ltr'>se</span> <span class='ocrx_word' id='word_1_144' title='bbox 877 1123 1048 1161; x_wconf 88' lang='lat' dir='ltr'>delatum</span> <span class='ocrx_word' id='word_1_145' title='bbox 1070 1123 1127 1167; x_wconf 84' lang='lat' dir='ltr'>fit,</span> <span class='ocrx_word' id='word_1_146' title='bbox 1160 1137 1238 1161; x_wconf 90' lang='lat' dir='ltr'>non</span> <span class='ocrx_word' id='word_1_147' title='bbox 1258 1123 1392 1161; x_wconf 86' lang='lat' dir='ltr'>audeat</span> <span class='ocrx_word' id='word_1_148' title='bbox 1416 1123 1603 1175; x_wconf 84' lang='lat' dir='ltr'>judicare.</span> <span class='ocrx_word' id='word_1_149' title='bbox 1636 1123 1796 1161; x_wconf 84' lang='lat' dir='ltr'>Etenim</span> <span class='ocrx_word' id='word_1_150' title='bbox 1816 1123 1844 1161; x_wconf 86' lang='lat' dir='ltr'>fi</span> 
     </span>
     <span class='ocr_line' id='line_1_17' title="bbox 445 1188 1842 1241; baseline -0.001 -13"><span class='ocrx_word' id='word_1_151' title='bbox 445 1192 588 1229; x_wconf 84' lang='lat' dir='ltr'>Praetor</span> <span class='ocrx_word' id='word_1_152' title='bbox 607 1190 652 1233; x_wconf 85' lang='lat' dir='ltr'>is,</span> <span class='ocrx_word' id='word_1_153' title='bbox 685 1189 753 1241; x_wconf 90' lang='lat' dir='ltr'>qui</span> <span class='ocrx_word' id='word_1_154' title='bbox 768 1189 916 1240; x_wconf 82' lang='lat' dir='ltr'>judicia</span> <span class='ocrx_word' id='word_1_155' title='bbox 936 1189 1012 1232; x_wconf 87' lang='lat' dir='ltr'>dat,</span> <span class='ocrx_word' id='word_1_156' title='bbox 1048 1202 1248 1240; x_wconf 87' lang='lat' dir='ltr'>nunquam</span> <span class='ocrx_word' id='word_1_157' title='bbox 1270 1189 1424 1241; x_wconf 89' lang='lat' dir='ltr'>petitori</span> <span class='ocrx_word' id='word_1_158' title='bbox 1444 1188 1660 1241; x_wconf 57' lang='lat' dir='ltr'>praestituit,</span> <span class='ocrx_word' id='word_1_159' title='bbox 1683 1202 1758 1240; x_wconf 86' lang='lat' dir='ltr'>qua</span> <span class='ocrx_word' id='word_1_160' title='bbox 1776 1202 1842 1226; x_wconf 87' lang='lat' dir='ltr'>ac-</span> 
     </span>
     <span class='ocr_line' id='line_1_18' title="bbox 445 1253 1841 1306; baseline -0.001 -13"><span class='ocrx_word' id='word_1_161' title='bbox 445 1257 550 1294; x_wconf 89' lang='lat' dir='ltr'>tione</span> <span class='ocrx_word' id='word_1_162' title='bbox 569 1255 684 1293; x_wconf 87' lang='lat' dir='ltr'>illum</span> <span class='ocrx_word' id='word_1_163' title='bbox 706 1254 763 1293; x_wconf 85' lang='lat' dir='ltr'>uti</span> <span class='ocrx_word' id='word_1_164' title='bbox 784 1254 904 1298; x_wconf 84' lang='lat' dir='ltr'>velit;</span> <span class='ocrx_word' id='word_1_165' title='bbox 937 1253 1062 1291; x_wconf 89' lang='lat' dir='ltr'>videte</span> <span class='ocrx_word' id='word_1_166' title='bbox 1082 1267 1200 1305; x_wconf 90' lang='lat' dir='ltr'>quam</span> <span class='ocrx_word' id='word_1_167' title='bbox 1226 1254 1407 1305; x_wconf 90' lang='lat' dir='ltr'>iniquum</span> <span class='ocrx_word' id='word_1_168' title='bbox 1439 1254 1497 1299; x_wconf 90' lang='lat' dir='ltr'>fit,</span> <span class='ocrx_word' id='word_1_169' title='bbox 1528 1254 1735 1292; x_wconf 85' lang='lat' dir='ltr'>constituta</span> <span class='ocrx_word' id='word_1_170' title='bbox 1757 1255 1841 1306; x_wconf 90' lang='lat' dir='ltr'>jam</span> 
     </span>
     <span class='ocr_line' id='line_1_19' title="bbox 444 1320 1840 1374; baseline -0.001 -14"><span class='ocrx_word' id='word_1_171' title='bbox 444 1335 496 1367; x_wconf 90' lang='lat' dir='ltr'>re,</span> <span class='ocrx_word' id='word_1_172' title='bbox 513 1322 704 1374; x_wconf 85' lang='lat' dir='ltr'>judicem,</span> <span class='ocrx_word' id='word_1_173' title='bbox 740 1320 835 1372; x_wconf 87' lang='lat' dir='ltr'>quid</span> <span class='ocrx_word' id='word_1_174' title='bbox 855 1320 916 1372; x_wconf 88' lang='lat' dir='ltr'>agi</span> <span class='ocrx_word' id='word_1_175' title='bbox 937 1320 1118 1372; x_wconf 88' lang='lat' dir='ltr'>potuerit,</span> <span class='ocrx_word' id='word_1_176' title='bbox 1140 1328 1205 1358; x_wconf 88' lang='lat' dir='ltr'>aut</span> <span class='ocrx_word' id='word_1_177' title='bbox 1225 1320 1319 1372; x_wconf 89' lang='lat' dir='ltr'>quid</span> <span class='ocrx_word' id='word_1_178' title='bbox 1340 1320 1465 1373; x_wconf 85' lang='lat' dir='ltr'>poffit,</span> <span class='ocrx_word' id='word_1_179' title='bbox 1496 1334 1576 1358; x_wconf 90' lang='lat' dir='ltr'>non</span> <span class='ocrx_word' id='word_1_180' title='bbox 1596 1320 1690 1373; x_wconf 89' lang='lat' dir='ltr'>quid</span> <span class='ocrx_word' id='word_1_181' title='bbox 1710 1322 1840 1359; x_wconf 63' lang='lat' dir='ltr'>aftum</span> 
     </span>
     <span class='ocr_line' id='line_1_20' title="bbox 444 1387 704 1440; baseline -0.008 -14"><span class='ocrx_word' id='word_1_182' title='bbox 444 1387 502 1432; x_wconf 86' lang='lat' dir='ltr'>fit,</span> <span class='ocrx_word' id='word_1_183' title='bbox 524 1400 704 1440; x_wconf 88' lang='lat' dir='ltr'>quaerere.</span> 
     </span>
    </p>

    <p class='ocr_par' dir='ltr' id='par_1_4' title="bbox 439 1452 1841 1968">
     <span class='ocr_line' id='line_1_21' title="bbox 499 1452 1838 1505; baseline 0 -15"><span class='ocrx_word' id='word_1_184' title='bbox 499 1454 762 1491; x_wconf 86' lang='lat' dir='ltr'>Veruntamen</span> <span class='ocrx_word' id='word_1_185' title='bbox 782 1452 913 1490; x_wconf 84' lang='lat' dir='ltr'>nimiae</span> <span class='ocrx_word' id='word_1_186' title='bbox 934 1452 1061 1490; x_wconf 82' lang='lat' dir='ltr'>vestrae</span> <span class='ocrx_word' id='word_1_187' title='bbox 1098 1452 1330 1505; x_wconf 87' lang='lat' dir='ltr'>benignitati</span> <span class='ocrx_word' id='word_1_188' title='bbox 1365 1466 1600 1505; x_wconf 82' lang='lat' dir='ltr'>pareremus,</span> <span class='ocrx_word' id='word_1_189' title='bbox 1635 1453 1660 1490; x_wconf 91' lang='lat' dir='ltr'><strong>fi</strong></span> <span class='ocrx_word' id='word_1_190' title='bbox 1688 1452 1759 1491; x_wconf 88' lang='lat' dir='ltr'>alia</span> <span class='ocrx_word' id='word_1_191' title='bbox 1779 1467 1838 1491; x_wconf 86' lang='lat' dir='ltr'>ra-</span> 
     </span>
     <span class='ocr_line' id='line_1_22' title="bbox 443 1518 1841 1571; baseline -0.001 -14"><span class='ocrx_word' id='word_1_192' title='bbox 443 1519 625 1571; x_wconf 87' lang='lat' dir='ltr'>tionejus</span> <span class='ocrx_word' id='word_1_193' title='bbox 647 1518 818 1557; x_wconf 87' lang='lat' dir='ltr'>nostrum</span> <span class='ocrx_word' id='word_1_194' title='bbox 840 1531 1058 1571; x_wconf 84' lang='lat' dir='ltr'>recuperare</span> <span class='ocrx_word' id='word_1_195' title='bbox 1079 1518 1285 1571; x_wconf 85' lang='lat' dir='ltr'>poffemus.</span> <span class='ocrx_word' id='word_1_196' title='bbox 1318 1519 1438 1557; x_wconf 90' lang='lat' dir='ltr'>Nunc</span> <span class='ocrx_word' id='word_1_197' title='bbox 1459 1532 1546 1556; x_wconf 92' lang='lat' dir='ltr'>vero</span> <span class='ocrx_word' id='word_1_198' title='bbox 1566 1519 1652 1570; x_wconf 89' lang='lat' dir='ltr'>quis</span> <span class='ocrx_word' id='word_1_199' title='bbox 1673 1519 1739 1562; x_wconf 88' lang='lat' dir='ltr'>est,</span> <span class='ocrx_word' id='word_1_200' title='bbox 1771 1519 1841 1571; x_wconf 89' lang='lat' dir='ltr'>qui</span> 
     </span>
     <span class='ocr_line' id='line_1_23' title="bbox 442 1583 1840 1637; baseline 0 -14"><span class='ocrx_word' id='word_1_201' title='bbox 442 1593 508 1624; x_wconf 84' lang='lat' dir='ltr'>aut</span> <span class='ocrx_word' id='word_1_202' title='bbox 529 1586 608 1623; x_wconf 89' lang='lat' dir='ltr'>vim</span> <span class='ocrx_word' id='word_1_203' title='bbox 629 1585 784 1623; x_wconf 85' lang='lat' dir='ltr'>armatis</span> <span class='ocrx_word' id='word_1_204' title='bbox 819 1583 1046 1622; x_wconf 88' lang='lat' dir='ltr'>hominibus</span> <span class='ocrx_word' id='word_1_205' title='bbox 1077 1583 1218 1622; x_wconf 59' lang='lat' dir='ltr'>factam</span> <span class='ocrx_word' id='word_1_206' title='bbox 1240 1584 1406 1637; x_wconf 86' lang='lat' dir='ltr'>relinqui</span> <span class='ocrx_word' id='word_1_207' title='bbox 1429 1593 1537 1637; x_wconf 89' lang='lat' dir='ltr'>putet</span> <span class='ocrx_word' id='word_1_208' title='bbox 1556 1594 1743 1637; x_wconf 86' lang='lat' dir='ltr'>oportere,</span> <span class='ocrx_word' id='word_1_209' title='bbox 1774 1593 1840 1623; x_wconf 87' lang='lat' dir='ltr'>aut</span> 
     </span>
     <span class='ocr_line' id='line_1_24' title="bbox 443 1650 1836 1704; baseline -0.001 -14"><span class='ocrx_word' id='word_1_210' title='bbox 443 1654 523 1704; x_wconf 80' lang='lat' dir='ltr'>ejus</span> <span class='ocrx_word' id='word_1_211' title='bbox 555 1653 607 1690; x_wconf 89' lang='lat' dir='ltr'>rei</span> <span class='ocrx_word' id='word_1_212' title='bbox 628 1652 811 1690; x_wconf 88' lang='lat' dir='ltr'>leviorem</span> <span class='ocrx_word' id='word_1_213' title='bbox 843 1652 1033 1689; x_wconf 60' lang='lat' dir='ltr'>amonem</span> <span class='ocrx_word' id='word_1_214' title='bbox 1068 1651 1178 1689; x_wconf 88' lang='lat' dir='ltr'>nobis</span> <span class='ocrx_word' id='word_1_215' title='bbox 1214 1651 1383 1702; x_wconf 83' lang='lat' dir='ltr'>aliquam</span> <span class='ocrx_word' id='word_1_216' title='bbox 1415 1651 1668 1689; x_wconf 86' lang='lat' dir='ltr'>demonstrare</span> <span class='ocrx_word' id='word_1_217' title='bbox 1697 1650 1836 1704; x_wconf 87' lang='lat' dir='ltr'>poffit?</span> 
     </span>
     <span class='ocr_line' id='line_1_25' title="bbox 443 1713 1838 1770; baseline -0.001 -15"><span class='ocrx_word' id='word_1_218' title='bbox 443 1720 504 1756; x_wconf 82' lang='lat' dir='ltr'>Ex</span> <span class='ocrx_word' id='word_1_219' title='bbox 526 1731 605 1770; x_wconf 87' lang='lat' dir='ltr'>quo</span> <span class='ocrx_word' id='word_1_220' title='bbox 625 1731 760 1770; x_wconf 84' lang='lat' dir='ltr'>genere</span> <span class='ocrx_word' id='word_1_221' title='bbox 780 1717 941 1770; x_wconf 87' lang='lat' dir='ltr'>peccati,</span> <span class='ocrx_word' id='word_1_222' title='bbox 964 1726 1007 1755; x_wconf 92' lang='lat' dir='ltr'>ut</span> <span class='ocrx_word' id='word_1_223' title='bbox 1028 1717 1086 1754; x_wconf 91' lang='lat' dir='ltr'>illi</span> <span class='ocrx_word' id='word_1_224' title='bbox 1107 1713 1320 1762; x_wconf 82' lang='lat' dir='ltr'>clamitant,</span> <span class='ocrx_word' id='word_1_225' title='bbox 1344 1717 1402 1755; x_wconf 89' lang='lat' dir='ltr'>vel</span> <span class='ocrx_word' id='word_1_226' title='bbox 1422 1717 1663 1769; x_wconf 83' lang='lat' dir='ltr'>injuriarum,</span> <span class='ocrx_word' id='word_1_227' title='bbox 1694 1717 1753 1754; x_wconf 89' lang='lat' dir='ltr'>vel</span> <span class='ocrx_word' id='word_1_228' title='bbox 1773 1730 1838 1754; x_wconf 86' lang='lat' dir='ltr'>ca-</span> 
     </span>
     <span class='ocr_line' id='line_1_26' title="bbox 441 1783 1838 1837; baseline -0.001 -15"><span class='ocrx_word' id='word_1_229' title='bbox 441 1785 546 1837; x_wconf 86' lang='lat' dir='ltr'>pitis,</span> <span class='ocrx_word' id='word_1_230' title='bbox 576 1784 725 1837; x_wconf 83' lang='lat' dir='ltr'>judicia</span> <span class='ocrx_word' id='word_1_231' title='bbox 744 1784 951 1822; x_wconf 87' lang='lat' dir='ltr'>constituta</span> <span class='ocrx_word' id='word_1_232' title='bbox 970 1783 1070 1829; x_wconf 88' lang='lat' dir='ltr'>sunt,</span> <span class='ocrx_word' id='word_1_233' title='bbox 1103 1784 1142 1821; x_wconf 93' lang='lat' dir='ltr'>in</span> <span class='ocrx_word' id='word_1_234' title='bbox 1174 1797 1219 1822; x_wconf 93' lang='lat' dir='ltr'>eo</span> <span class='ocrx_word' id='word_1_235' title='bbox 1239 1783 1393 1837; x_wconf 86' lang='lat' dir='ltr'>potestis</span> <span class='ocrx_word' id='word_1_236' title='bbox 1413 1784 1652 1822; x_wconf 83' lang='lat' dir='ltr'>atrocitatem</span> <span class='ocrx_word' id='word_1_237' title='bbox 1672 1783 1838 1822; x_wconf 89' lang='lat' dir='ltr'>nostram</span> 
     </span>
     <span class='ocr_line' id='line_1_27' title="bbox 441 1847 1838 1903; baseline -0.001 -16"><span class='ocrx_word' id='word_1_238' title='bbox 441 1847 728 1903; x_wconf 84' lang='lat' dir='ltr'>reprehendere,</span> <span class='ocrx_word' id='word_1_239' title='bbox 750 1863 842 1888; x_wconf 82' lang='lat' dir='ltr'>curn</span> <span class='ocrx_word' id='word_1_240' title='bbox 863 1850 1021 1888; x_wconf 86' lang='lat' dir='ltr'>videatis</span> <span class='ocrx_word' id='word_1_241' title='bbox 1054 1848 1154 1887; x_wconf 84' lang='lat' dir='ltr'>nihil</span> <span class='ocrx_word' id='word_1_242' title='bbox 1174 1850 1279 1888; x_wconf 87' lang='lat' dir='ltr'>aliud</span> <span class='ocrx_word' id='word_1_243' title='bbox 1308 1851 1451 1895; x_wconf 77' lang='lat' dir='ltr'>aCtum,</span> <span class='ocrx_word' id='word_1_244' title='bbox 1487 1849 1556 1888; x_wconf 91' lang='lat' dir='ltr'>nis1</span> <span class='ocrx_word' id='word_1_245' title='bbox 1576 1848 1838 1901; x_wconf 86' lang='lat' dir='ltr'>poffeffionem</span> 
     </span>
     <span class='ocr_line' id='line_1_28' title="bbox 439 1914 1117 1968; baseline -0.004 -14"><span class='ocrx_word' id='word_1_246' title='bbox 439 1930 508 1968; x_wconf 86' lang='lat' dir='ltr'>per</span> <span class='ocrx_word' id='word_1_247' title='bbox 527 1916 777 1953; x_wconf 67' lang='lat' dir='ltr'>interdi&amp;um</span> <span class='ocrx_word' id='word_1_248' title='bbox 797 1914 867 1952; x_wconf 81' lang='lat' dir='ltr'>effe</span> <span class='ocrx_word' id='word_1_249' title='bbox 888 1914 1117 1967; x_wconf 86' lang='lat' dir='ltr'>repetitam?</span> 
     </span>
    </p>

    <p class='ocr_par' dir='ltr' id='par_1_5' title="bbox 439 1980 1838 2498">
     <span class='ocr_line' id='line_1_29' title="bbox 497 1980 1837 2033; baseline -0.001 -13"><span class='ocrx_word' id='word_1_250' title='bbox 497 1983 568 2020; x_wconf 90' lang='lat' dir='ltr'>IV.</span> <span class='ocrx_word' id='word_1_251' title='bbox 592 1982 739 2018; x_wconf 83' lang='lat' dir='ltr'>Verum</span> <span class='ocrx_word' id='word_1_252' title='bbox 761 1981 834 2017; x_wconf 83' lang='lat' dir='ltr'>sive</span> <span class='ocrx_word' id='word_1_253' title='bbox 854 1993 920 2018; x_wconf 88' lang='lat' dir='ltr'>vos</span> <span class='ocrx_word' id='word_1_254' title='bbox 941 1980 1233 2018; x_wconf 79' lang='lat' dir='ltr'>existimationis</span> <span class='ocrx_word' id='word_1_255' title='bbox 1254 1981 1358 2019; x_wconf 87' lang='lat' dir='ltr'>illius</span> <span class='ocrx_word' id='word_1_256' title='bbox 1379 1981 1612 2033; x_wconf 90' lang='lat' dir='ltr'>periculum,</span> <span class='ocrx_word' id='word_1_257' title='bbox 1646 1981 1717 2018; x_wconf 87' lang='lat' dir='ltr'>five</span> <span class='ocrx_word' id='word_1_258' title='bbox 1739 1980 1837 2033; x_wconf 89' lang='lat' dir='ltr'>juris</span> 
     </span>
     <span class='ocr_line' id='line_1_30' title="bbox 440 2045 1836 2098; baseline -0.001 -13"><span class='ocrx_word' id='word_1_259' title='bbox 440 2047 645 2091; x_wconf 86' lang='lat' dir='ltr'>dubitatio,</span> <span class='ocrx_word' id='word_1_260' title='bbox 670 2046 848 2084; x_wconf 80' lang='lat' dir='ltr'>tardiores</span> <span class='ocrx_word' id='word_1_261' title='bbox 870 2045 963 2084; x_wconf 87' lang='lat' dir='ltr'>fecit</span> <span class='ocrx_word' id='word_1_262' title='bbox 983 2045 1108 2084; x_wconf 85' lang='lat' dir='ltr'>adhuc</span> <span class='ocrx_word' id='word_1_263' title='bbox 1130 2046 1176 2084; x_wconf 84' lang='lat' dir='ltr'>ad</span> <span class='ocrx_word' id='word_1_264' title='bbox 1190 2047 1472 2098; x_wconf 74' lang='lat' dir='ltr'>judicandum5</span> <span class='ocrx_word' id='word_1_265' title='bbox 1504 2047 1657 2085; x_wconf 84' lang='lat' dir='ltr'>alterius</span> <span class='ocrx_word' id='word_1_266' title='bbox 1676 2047 1727 2084; x_wconf 84' lang='lat' dir='ltr'>rei</span> <span class='ocrx_word' id='word_1_267' title='bbox 1743 2061 1836 2085; x_wconf 88' lang='lat' dir='ltr'>cau-</span> 
     </span>
     <span class='ocr_line' id='line_1_31' title="bbox 442 2112 1836 2166; baseline -0.001 -15"><span class='ocrx_word' id='word_1_268' title='bbox 442 2114 519 2151; x_wconf 81' lang='lat' dir='ltr'>sam</span> <span class='ocrx_word' id='word_1_269' title='bbox 540 2113 757 2164; x_wconf 85' lang='lat' dir='ltr'>vosmetipfi</span> <span class='ocrx_word' id='word_1_270' title='bbox 773 2113 856 2164; x_wconf 83' lang='lat' dir='ltr'>jam</span> <span class='ocrx_word' id='word_1_271' title='bbox 877 2112 1000 2157; x_wconf 88' lang='lat' dir='ltr'>vobis,</span> <span class='ocrx_word' id='word_1_272' title='bbox 1022 2112 1155 2165; x_wconf 81' lang='lat' dir='ltr'>saepius</span> <span class='ocrx_word' id='word_1_273' title='bbox 1175 2113 1323 2166; x_wconf 90' lang='lat' dir='ltr'>prolato</span> <span class='ocrx_word' id='word_1_274' title='bbox 1338 2114 1502 2166; x_wconf 87' lang='lat' dir='ltr'>judicio,</span> <span class='ocrx_word' id='word_1_275' title='bbox 1526 2113 1750 2158; x_wconf 83' lang='lat' dir='ltr'>sustulistis;</span> <span class='ocrx_word' id='word_1_276' title='bbox 1779 2113 1836 2151; x_wconf 85' lang='lat' dir='ltr'>al-</span> 
     </span>
     <span class='ocr_line' id='line_1_32' title="bbox 441 2176 1835 2232; baseline -0.001 -14"><span class='ocrx_word' id='word_1_277' title='bbox 441 2180 557 2218; x_wconf 85' lang='lat' dir='ltr'>terius</span> <span class='ocrx_word' id='word_1_278' title='bbox 578 2192 649 2231; x_wconf 84' lang='lat' dir='ltr'>ego</span> <span class='ocrx_word' id='word_1_279' title='bbox 670 2178 778 2216; x_wconf 86' lang='lat' dir='ltr'>vobis</span> <span class='ocrx_word' id='word_1_280' title='bbox 799 2176 987 2216; x_wconf 91' lang='lat' dir='ltr'>hodierno</span> <span class='ocrx_word' id='word_1_281' title='bbox 1005 2179 1066 2215; x_wconf 89' lang='lat' dir='ltr'>die</span> <span class='ocrx_word' id='word_1_282' title='bbox 1086 2179 1236 2216; x_wconf 86' lang='lat' dir='ltr'>causam</span> <span class='ocrx_word' id='word_1_283' title='bbox 1258 2179 1430 2232; x_wconf 63' lang='lat' dir='ltr'>profecito</span> <span class='ocrx_word' id='word_1_284' title='bbox 1449 2178 1634 2224; x_wconf 83' lang='lat' dir='ltr'>auferam,</span> <span class='ocrx_word' id='word_1_285' title='bbox 1668 2192 1715 2216; x_wconf 89' lang='lat' dir='ltr'>ne</span> <span class='ocrx_word' id='word_1_286' title='bbox 1746 2179 1835 2217; x_wconf 90' lang='lat' dir='ltr'>diu-</span> 
     </span>
     <span class='ocr_line' id='line_1_33' title="bbox 440 2244 1834 2297; baseline -0.001 -13"><span class='ocrx_word' id='word_1_287' title='bbox 440 2247 516 2284; x_wconf 85' lang='lat' dir='ltr'>tius</span> <span class='ocrx_word' id='word_1_288' title='bbox 538 2246 584 2283; x_wconf 90' lang='lat' dir='ltr'>de</span> <span class='ocrx_word' id='word_1_289' title='bbox 603 2244 853 2283; x_wconf 79' lang='lat' dir='ltr'>controverfia</span> <span class='ocrx_word' id='word_1_290' title='bbox 874 2244 1009 2289; x_wconf 83' lang='lat' dir='ltr'>nostra,</span> <span class='ocrx_word' id='word_1_291' title='bbox 1041 2258 1083 2282; x_wconf 83' lang='lat' dir='ltr'>ac</span> <span class='ocrx_word' id='word_1_292' title='bbox 1104 2245 1150 2282; x_wconf 91' lang='lat' dir='ltr'>de</span> <span class='ocrx_word' id='word_1_293' title='bbox 1177 2247 1381 2284; x_wconf 89' lang='lat' dir='ltr'>communi</span> <span class='ocrx_word' id='word_1_294' title='bbox 1403 2246 1503 2297; x_wconf 63' lang='lat' dir='ltr'>jure,</span> <span class='ocrx_word' id='word_1_295' title='bbox 1534 2246 1734 2283; x_wconf 83' lang='lat' dir='ltr'>dubitetis.</span> <span class='ocrx_word' id='word_1_296' title='bbox 1767 2246 1834 2289; x_wconf 87' lang='lat' dir='ltr'>Et,</span> 
     </span>
     <span class='ocr_line' id='line_1_34' title="bbox 440 2310 1838 2362; baseline -0.001 -12"><span class='ocrx_word' id='word_1_297' title='bbox 440 2313 467 2350; x_wconf 87' lang='lat' dir='ltr'><strong>fi</strong></span> <span class='ocrx_word' id='word_1_298' title='bbox 498 2311 596 2349; x_wconf 85' lang='lat' dir='ltr'>forte</span> <span class='ocrx_word' id='word_1_299' title='bbox 627 2310 786 2348; x_wconf 86' lang='lat' dir='ltr'>videbor</span> <span class='ocrx_word' id='word_1_300' title='bbox 818 2311 931 2348; x_wconf 84' lang='lat' dir='ltr'>altius</span> <span class='ocrx_word' id='word_1_301' title='bbox 950 2310 1109 2348; x_wconf 84' lang='lat' dir='ltr'>initium</span> <span class='ocrx_word' id='word_1_302' title='bbox 1138 2310 1190 2348; x_wconf 89' lang='lat' dir='ltr'>rei</span> <span class='ocrx_word' id='word_1_303' title='bbox 1223 2311 1522 2349; x_wconf 78' lang='lat' dir='ltr'>demonstrandae</span> <span class='ocrx_word' id='word_1_304' title='bbox 1543 2310 1685 2362; x_wconf 83' lang='lat' dir='ltr'>petiffe,</span> <span class='ocrx_word' id='word_1_305' title='bbox 1720 2323 1838 2362; x_wconf 87' lang='lat' dir='ltr'>quam</span> 
     </span>
     <span class='ocr_line' id='line_1_35' title="bbox 439 2377 1835 2430; baseline -0.002 -13"><span class='ocrx_word' id='word_1_306' title='bbox 439 2393 503 2418; x_wconf 85' lang='lat' dir='ltr'>me</span> <span class='ocrx_word' id='word_1_307' title='bbox 523 2379 618 2417; x_wconf 88' lang='lat' dir='ltr'>ratio</span> <span class='ocrx_word' id='word_1_308' title='bbox 633 2378 744 2430; x_wconf 85' lang='lat' dir='ltr'>juris,</span> <span class='ocrx_word' id='word_1_309' title='bbox 766 2386 803 2415; x_wconf 91' lang='lat' dir='ltr'>et</span> <span class='ocrx_word' id='word_1_310' title='bbox 818 2378 895 2429; x_wconf 89' lang='lat' dir='ltr'>jus,</span> <span class='ocrx_word' id='word_1_311' title='bbox 918 2377 964 2415; x_wconf 90' lang='lat' dir='ltr'>de</span> <span class='ocrx_word' id='word_1_312' title='bbox 983 2391 1061 2430; x_wconf 90' lang='lat' dir='ltr'>quo</span> <span class='ocrx_word' id='word_1_313' title='bbox 1075 2377 1270 2430; x_wconf 87' lang='lat' dir='ltr'>judicium</span> <span class='ocrx_word' id='word_1_314' title='bbox 1292 2378 1356 2423; x_wconf 82' lang='lat' dir='ltr'>est,</span> <span class='ocrx_word' id='word_1_315' title='bbox 1388 2387 1425 2415; x_wconf 90' lang='lat' dir='ltr'>et</span> <span class='ocrx_word' id='word_1_316' title='bbox 1442 2386 1572 2415; x_wconf 84' lang='lat' dir='ltr'>natura</span> <span class='ocrx_word' id='word_1_317' title='bbox 1591 2377 1723 2422; x_wconf 80' lang='lat' dir='ltr'>causae,</span> <span class='ocrx_word' id='word_1_318' title='bbox 1746 2390 1835 2415; x_wconf 88' lang='lat' dir='ltr'>coe-</span> 
     </span>
     <span class='ocr_line' id='line_1_36' title="bbox 439 2443 1834 2498; baseline 0 -16"><span class='ocrx_word' id='word_1_319' title='bbox 439 2445 550 2498; x_wconf 84' lang='lat' dir='ltr'>gerit,</span> <span class='ocrx_word' id='word_1_320' title='bbox 574 2444 697 2497; x_wconf 77' lang='lat' dir='ltr'>quaeso</span> <span class='ocrx_word' id='word_1_321' title='bbox 718 2452 760 2482; x_wconf 90' lang='lat' dir='ltr'>ut</span> <span class='ocrx_word' id='word_1_322' title='bbox 781 2444 1008 2498; x_wconf 76' lang='lat' dir='ltr'>ignoscatis:</span> <span class='ocrx_word' id='word_1_323' title='bbox 1046 2457 1124 2482; x_wconf 88' lang='lat' dir='ltr'>non</span> <span class='ocrx_word' id='word_1_324' title='bbox 1151 2443 1257 2482; x_wconf 88' lang='lat' dir='ltr'>enim</span> <span class='ocrx_word' id='word_1_325' title='bbox 1276 2444 1405 2483; x_wconf 86' lang='lat' dir='ltr'>minus</span> <span class='ocrx_word' id='word_1_326' title='bbox 1426 2444 1571 2483; x_wconf 85' lang='lat' dir='ltr'>laborat</span> <span class='ocrx_word' id='word_1_327' title='bbox 1592 2444 1644 2483; x_wconf 89' lang='lat' dir='ltr'>A.</span> <span class='ocrx_word' id='word_1_328' title='bbox 1668 2444 1834 2490; x_wconf 83' lang='lat' dir='ltr'>Caecina,</span> 
     </span>
    </p>
   </div>
  </div>
 </body>
</html>
