2201 2792
568 123 644 174 298
993 123 1082 163 IN
1158 123 1538 162 VERREM

565 222 746 259 Romano
775 222 948 260 ademit?
993 236 1039 260 an
1069 222 1248 260 audacius
1280 222 1426 260 tabulas
1461 221 1635 274 publicas
1670 219 1960 259 commutavit?

566 289 628 325 Ex
650 286 790 326 horum
812 288 1005 325 severitate
1036 297 1074 325 te
1094 288 1171 325 ulla
1192 288 1262 332 vis,
1294 297 1358 325 aut
1378 288 1455 325 ulla
1474 288 1626 340 largitio
1646 287 1781 340 eripiet
1800 287 1812 323 ?
1845 286 1914 324 Sed
1935 285 1962 323 fi

567 354 763 406 eripuerit,
795 367 872 392 non
892 353 1091 405 intelligis,
1120 352 1217 397 haec,
1245 367 1329 404 quae
1349 353 1581 404 jamdudum
1602 354 1751 405 loquor,
1782 352 1828 389 ad
1848 351 1962 389 aliam

567 420 830 470 quaestionem,
872 429 985 470 atque
1023 418 1069 456 ad
1102 418 1297 470 peculatus
1330 418 1525 469 judicium
1564 419 1751 470 pertinere
1769 418 1781 455 ?
1827 419 1962 469 Itaque

565 483 641 522 hoc
661 484 761 522 mihi
778 484 972 522 reservabo
991 497 1110 536 genus
1130 483 1325 534 integrum
1353 492 1480 521 totum
1503 498 1513 520 ε
1545 483 1590 521 ad
1617 483 1739 527 illam,
1761 496 1879 534 quam
1898 482 1961 519 in-

566 549 685 593 stitui,
707 549 856 586 causam
876 548 1065 586 frumenti
1084 561 1127 586 ac
1149 547 1399 585 decumarum
1419 557 1592 585 revertar.
1625 548 1721 598 Qi,
1743 561 1834 584 cum
1853 559 1962 598 agros

566 616 757 653 maximos
792 629 834 653 ac
867 614 1111 652 feraciffimos
1146 613 1409 667 perseipsum,
1440 613 1515 652 hoc
1549 614 1599 652 est
1635 628 1701 667 per
1726 613 1962 665 Apronium,

566 683 726 721 Verrem
759 682 936 725 alterum,
967 681 1275 733 depopularetur,
1311 681 1357 718 ad
1391 681 1557 719 minores
1591 681 1763 718 civitates
1798 678 1965 717 habebat

565 747 672 793 alios,
714 762 825 800 quos,
867 757 1052 799 tanquam
1086 759 1210 791 canes,
1241 747 1484 792 immitteret,
1515 760 1681 799 nequam
1712 745 1891 784 homines
1924 754 1964 783 et

565 814 763 866 improbos
776 832 788 859 3
811 813 952 865 quibus
967 821 1032 851 aut
1049 811 1309 858 frumentum,
1325 822 1391 852 aut
1409 813 1613 866 pecuniam
1631 812 1786 865 publice
1802 811 1967 864 cogebat

564 880 657 917 dari.

611 946 822 984 XXXVII.
846 947 893 983 A.
913 945 1112 983 Valentius
1132 945 1184 982 est
1204 945 1244 982 in
1267 945 1408 990 Sicilia,
1426 945 1608 997 interpres
1626 963 1636 989 ;
1660 959 1738 997 quo
1756 943 1822 981 iste
1841 943 1965 981 inter-

564 1021 669 1063 prete
689 1025 767 1049 non
788 1012 833 1049 ad
853 1011 1027 1063 linguam
1050 1012 1242 1055 Graecam,
1274 1011 1335 1049 sed
1356 1012 1402 1049 ad
1421 1010 1522 1049 furta
1541 1020 1578 1049 et
1598 1011 1753 1063 flagitia,
1788 1010 1844 1048 uti
1864 1009 1963 1047 sole-

564 1079 642 1116 bat.
675 1077 741 1115 Fit
760 1078 942 1129 interpres
963 1075 1042 1122 hic,
1074 1075 1196 1114 homo
1223 1077 1331 1121 levis,
1359 1086 1473 1129 atque
1499 1090 1628 1129 egens,
1660 1085 1815 1129 repente
1843 1076 1964 1114 decu-

564 1157 712 1181 manus.
736 1143 848 1181 Emit
867 1143 945 1195 agri
962 1142 1190 1195 LiparenfiS,
1209 1143 1336 1180 miseri
1356 1153 1471 1195 atque
1486 1143 1625 1194 jejuni,
1642 1142 1821 1180 decumas
1843 1141 1963 1180 tritici

563 1209 773 1247 medimnis
796 1220 869 1246 Dc.
891 1207 1113 1260 Liparenses
1145 1218 1342 1246 vocantur.
1383 1208 1456 1260 Ipfi
1491 1209 1663 1260 accipere
1695 1208 1889 1251 decumas,
1925 1215 1965 1243 et

563 1288 762 1313 numerare
782 1274 963 1311 Valentio
993 1284 1187 1325 coguntur
1216 1274 1315 1311 lucri
1347 1275 1437 1312 H-S
1461 1287 1549 1311 xxx
1573 1274 1709 1312 millia.
1756 1275 1827 1311 Per
1858 1274 1964 1310 Deos

562 1339 800 1379 immortales
819 1339 826 1376 l
859 1348 991 1377 utrum
1013 1339 1085 1376 tibi
1106 1339 1230 1377 sumes
1247 1339 1291 1376 ad
1314 1338 1601 1378 defensionem?
1625 1348 1781 1377 tantone
1802 1338 1964 1376 minoris

563 1416 599 1444 te
619 1406 798 1444 decumas
817 1404 1035 1449 vendidisse,
1051 1413 1093 1442 ut
1113 1405 1158 1442 ad
1179 1405 1376 1442 medimna
1393 1418 1465 1449 Dc,
1485 1406 1575 1442 H—S
1594 1419 1682 1443 xxx
1705 1404 1829 1442 millia
1848 1404 1963 1449 lucri,

562 1472 688 1510 statim
709 1471 771 1508 sua
791 1470 986 1508 voluntate
1016 1470 1148 1508 civitas
1169 1470 1333 1515 adderet,
1368 1469 1444 1512 hoc
1464 1470 1530 1514 est,
1566 1471 1685 1508 tritici
1717 1468 1964 1507 medimnum

563 1538 640 1576 duo
660 1537 814 1575 millia?
846 1550 907 1581 an,
944 1549 1036 1574 cum
1057 1550 1198 1588 magno
1230 1536 1408 1574 decumas
1429 1535 1668 1581 vendidiffes,
1700 1545 1736 1574 te
1757 1534 1965 1589 expressiffe

562 1604 609 1642 ab
630 1603 760 1641 invitis
780 1602 1049 1655 Liparenfibus
1070 1601 1168 1640 hanc
1188 1603 1393 1654 pecuniam
1411 1603 1423 1639 ?

618 1670 689 1708 Sed
709 1670 803 1721 quid
824 1681 896 1720 ego
916 1681 963 1706 ex
994 1677 1031 1706 te
1052 1682 1193 1720 quaero,
1227 1668 1321 1720 quid
1351 1667 1571 1707 defensurus
1592 1668 1652 1713 fis,
1673 1668 1816 1720 potius,
1847 1682 1964 1721 quam

563 1735 793 1788 cognoscam
823 1748 871 1772 ex
902 1734 980 1786 ipsa
1012 1734 1180 1779 civitate,
1214 1734 1309 1786 quid
1339 1735 1488 1787 gestum
1520 1734 1594 1772 fit?
1626 1734 1764 1772 Recita
1791 1734 1963 1772 testimo-

563 1802 673 1839 nium
705 1800 909 1853 publicum
937 1800 1218 1851 Liparenfium,
1252 1800 1400 1844 deinde,
1434 1800 1763 1851 quemadmodum
1782 1800 1965 1837 Valentio

564 1866 719 1904 nummi
749 1866 822 1903 fint
842 1865 934 1902 dati.
977 1866 1324 1902 TnsT1MoN1UM
1356 1877 1608 1909 PUBLICUM,
1640 1865 1966 1918 quonzodosolutunz

549 1934 619 1983 stt,
641 1947 683 1970 ex
701 1931 815 1970 literis
827 1929 993 1982 publicis.
1026 1931 1207 1967 Etiamne
1225 1929 1307 1967 haec
1328 1939 1407 1968 tam
1429 1943 1540 1982 parva
1559 1930 1707 1975 civitas,
1730 1940 1808 1968 tam
1829 1930 1965 1982 procul

564 2011 584 2034 a
615 1997 793 2034 manibus
827 1995 917 2039 tuis,
958 2003 1072 2046 atque
1103 2009 1123 2032 a
1156 1995 1361 2047 conspectu
1391 2005 1551 2040 remota,
1589 1995 1753 2047 sejunEta
1782 2010 1803 2033 a
1822 1996 1964 2042 Sicilia,

564 2063 603 2101 in
626 2062 747 2100 insula
765 2060 925 2105 inculta,
948 2061 1131 2113 tenuique
1162 2062 1294 2113 posita,
1325 2061 1522 2099 cumulata
1551 2062 1634 2100 aliis
1656 2062 1731 2100 tuis
1752 2063 1964 2114 majoribus

565 2128 728 2180 injuriis,
751 2128 791 2164 in
811 2125 885 2164 hoc
907 2140 1060 2178 quoque
1079 2126 1330 2166 frumentario
1351 2141 1487 2180 genere
1508 2128 1640 2181 praedae
1661 2129 1732 2166 tibi
1749 2137 1786 2166 et
1807 2128 1965 2180 quaestui

565 2193 669 2232 fuit?
701 2194 832 2242 Qam
854 2201 896 2229 tu
926 2201 1048 2230 totam
1070 2193 1233 2231 insulam
1266 2194 1421 2231 cuidam
1448 2203 1605 2231 tuorum
1639 2194 1838 2237 sodalium,
1869 2192 1965 2230 ficut

566 2259 723 2310 aliquod
754 2257 1044 2302 munusculum,
1075 2259 1339 2303 condonaras5
1372 2260 1418 2297 ab
1449 2258 1520 2296 hac
1541 2259 1657 2296 etiam
1683 2257 1765 2296 haec
1786 2257 1963 2295 frumen-

567 2325 658 2361 taria
678 2324 795 2368 lucra,
831 2333 1012 2375 tanquam
1039 2336 1059 2359 a
1089 2324 1385 2368 mediterraneis,
1420 2324 1699 2375 exigebantur?
1732 2324 1864 2374 Itaque
1895 2323 1964 2374 qui

567 2399 624 2427 tot
655 2390 760 2427 annis
781 2389 922 2441 agellos
953 2389 1037 2427 suos
1071 2398 1156 2426 ante
1178 2398 1213 2426 tc
1236 2389 1440 2426 Praetorem
1472 2388 1655 2426 redimere
1676 2402 1695 2425 a
1714 2389 1845 2441 piratis
1867 2387 1963 2426 sole-

568 2455 672 2500 bant,
696 2454 814 2493 iidem
835 2454 969 2508 scipsos
990 2469 1010 2493 a
1030 2463 1066 2493 te
1085 2454 1207 2508 pretio
1227 2454 1404 2507 imposito
1425 2453 1680 2493 redemerunt.
