2201 2792
572 207 918 246 AcTroNrs
957 207 1009 244 11.
1071 207 1366 246 LIBERn.
1596 225 1665 251 ,Ἦ

268 306 533 345 Veruntamen
555 317 597 342 ea
616 305 821 344 liberalitas
842 305 895 342 est
921 304 1128 357 probanda,
1151 319 1236 356 quae
1256 305 1332 342 fine
1351 305 1524 357 periculo
1544 307 1671 344 existi-

269 372 449 409 mationis
468 370 533 415 est,
566 379 609 408 ut
629 370 669 407 in
690 371 758 408 illo
779 369 868 408 fuit.
902 372 1008 408 Cum
1028 370 1073 408 ab
1098 384 1142 407 eo
1161 370 1321 421 quidam
1340 379 1448 408 vetus
1468 371 1671 415 affeftator,

269 444 308 472 et
337 448 385 473 ex
414 449 577 473 numero
597 435 827 480 amicorum,
859 449 938 473 non
969 436 1207 488 impetraret,
1239 436 1297 472 uti
1318 435 1354 472 se
1379 435 1602 487 praefeemm
1635 436 1673 471 in

268 499 445 538 Africam
474 501 645 546 duceret,
676 510 714 538 et
744 501 784 539 id
804 500 920 538 ferret
951 501 1108 539 moleste
1125 519 1135 545 3
1169 501 1269 546 IVolz,
1302 501 1447 552 inquit,
1478 501 1620 544 mirari,
1639 502 1680 551 ſs

269 575 312 604 tu
330 582 354 605 a
372 581 425 605 me
443 567 506 606 hoc
525 581 593 605 non
614 567 797 620 impetras.
824 569 903 620 Ego
910 567 992 618 jam
1004 567 1145 619 pridem
1165 567 1210 605 ab
1230 581 1278 611 eo,
1295 568 1356 605 cui
1370 582 1481 605 meam
1500 567 1675 620 exssima-

269 632 397 671 tionem
416 648 539 673 caram
544 633 634 686 fore
651 633 829 678 arbitror,
845 642 942 686 peto,
964 644 1007 671 ut
1025 647 1156 672 mecum
1169 633 1367 686 praefl‘ch
1379 634 1597 686 prqfffcatur
1609 652 1620 677 3
1643 642 1679 671 et

269 698 386 738 adhuc
405 701 600 753 impetrare
619 714 686 737 non
709 699 855 753 pqffum.
889 699 1048 737 Etenim
1075 713 1114 736 re
1134 713 1218 737 vera
1245 699 1372 737 multo
1394 700 1515 752 magis
1536 699 1588 736 est
1609 713 1676 751 pe-

271 765 435 803 tendum
455 766 502 804 ab
530 765 773 810 hominibus,
805 765 831 802 fi
851 766 941 803 salvi
962 775 1000 803 et
1026 765 1175 803 honesti
1196 765 1266 803 effe
1291 765 1487 810 volumus,
1523 774 1566 802 ut
1592 774 1678 802 eant

267 831 475 885 nobiscum
495 833 535 869 in
565 832 818 884 provinciam,
855 845 974 883 quam
1005 830 1081 869 hoc
1102 831 1179 869 illis
1198 832 1239 868 in
1260 830 1438 869 beneficii
1463 832 1549 869 loco
1570 830 1675 868 defe-

270 898 449 936 rendum.
482 898 553 936 Sed
573 906 630 942 tu,
663 911 756 936 cum
787 906 825 936 et
856 906 943 936 tuos
970 898 1115 936 amicos
1146 897 1187 934 in
1218 898 1474 949 provinciam,
1500 898 1604 949 quasi
1639 898 1679 934 in

269 963 453 1016 praedam,
474 964 676 1007 invitabas,
707 973 744 1001 et
764 977 856 1001 cum
876 964 969 1008 illis,
1000 977 1043 1002 ac
1071 977 1137 1016 per
1156 976 1218 1001 eos
1240 963 1468 1016 praedabare,
1498 972 1535 1000 et
1555 976 1617 1000 eos
1638 963 1679 1000 in

271 1029 460 1067 concione
479 1028 630 1066 annulis
650 1029 772 1066 aureis
793 1029 958 1067 donabas
975 1047 986 1073 ς
1019 1042 1097 1066 non
1117 1029 1318 1073 statuebas,
1350 1029 1424 1066 tibi
1455 1042 1533 1067 non
1555 1029 1680 1066 solum

270 1094 320 1135 ‚de
355 1104 405 1139 te,
438 1095 499 1132 sed
530 1094 647 1132 etiam
681 1094 728 1131 de
761 1094 919 1132 illorum
954 1093 1076 1138 satiris,
1109 1094 1298 1132 rationem
1329 1094 1399 1132 effe
1420 1094 1649 1132 reddendam
1666 1094 1678 1130 ?

269 1161 381 1197 *Cum
400 1158 471 1197 hos
492 1159 563 1197 fibi
584 1159 748 1210 quaestus
771 1159 1023 1197 constituiss'et
1054 1173 1214 1211 magnos
1246 1168 1361 1211 atque
1382 1160 1529 1204 uberes,
1551 1173 1598 1197 ex
1618 1158 1679 1197 his

267 1225 406 1270 caufis,
438 1238 532 1277 quas
553 1223 631 1276 ipse
668 1224 882 1262 instituerat
917 1226 957 1262 in
978 1225 1150 1268 confilio‚
1183 1224 1258 1262 hoc
1292 1225 1358 1269 est,
1391 1239 1484 1263 cum
1515 1225 1579 1263 sua
1612 1238 1680 1263 co-

271 1289 397 1336 horte,
418 1290 645 1344 cognoscere
660 1308 672 1334 3
704 1298 791 1328 tum
811 1289 1013 1328 infinitum
1034 1302 1156 1342 genus
1176 1290 1370 1329 invenerat
1390 1291 1436 1328 ad
1456 1291 1680 1329 innumera-

271 1356 394 1395 bilem
410 1358 617 1410 'pecuniam
637 1357 934 1409 corripiendam.

255 1422 260 1425 ⁴
328 1424 423 1462 XII.
457 1424 639 1462 Dubium
670 1423 819 1460 nemini
845 1423 911 1468 est,
940 1423 1035 1476 quin
1057 1435 1192 1461 omnes
1213 1423 1395 1461 omnium
1416 1423 1589 1475 pecuniae
1609 1437 1682 1476 po-

272 1490 350 1528 fitae
385 1490 457 1528 fint
488 1491 528 1527 in
561 1503 696 1528 eorum
727 1489 924 1541 potestate,
957 1489 1026 1542 qui
1051 1489 1201 1541 judicia
1231 1490 1336 1534 dant,
1366 1498 1404 1526 et
1435 1503 1584 1533 eorum,
1616 1492 1684 1542 qui

267 1556 474 1608 judicant,
507 1557 603 1609 quin
633 1569 749 1594 nemo
781 1555 954 1594 nostrum
986 1556 1097 1608 poffit
1119 1556 1213 1594 aedes
1234 1556 1330 1601 suas,
1363 1569 1478 1594 nemo
1498 1555 1682 1602 fundum,

273 1635 391 1659 nemo
412 1622 510 1660 bona
530 1622 651 1673 patria
672 1622 859 1666 obtinere,
883 1621 923 1665 fi,
945 1635 1038 1658 cum
1058 1620 1141 1658 haec
1162 1635 1182 1658 a
1211 1621 1397 1673 quopiam
1419 1621 1584 1659 vestrum
1614 1636 1683 1674 pe-

274 1688 345 1724 tita
378 1687 464 1732 fint,
496 1689 638 1725 Praetor
673 1686 891 1738 improbus,
937 1687 1000 1723 cui
1036 1699 1153 1723 nemo
1184 1686 1418 1724 intercedere
1452 1687 1577 1738 possit,
1620 1687 1685 1724 det

274 1766 395 1804 quem
416 1752 509 1790 velit
523 1752 698 1804 judicem
716 1769 727 1795 ;
755 1751 877 1803 judex
897 1765 1064 1803 nequam
1085 1760 1123 1788 et
1143 1751 1251 1796 levis,
1273 1752 1378 1803 quod
1409 1751 1684 1803 Praetorjuss'e-

275 1820 340 1863 rit,
368 1819 530 1870 judicet.
564 1818 602 1856 Si
629 1831 716 1856 vero
734 1817 835 1855 illud
854 1831 1012 1870 quoque
1032 1817 1199 1862 accedet,
1222 1826 1266 1855 ut
1286 1817 1326 1854 in
1347 1831 1388 1854 ea
1408 1816 1521 1854 verba
1542 1818 1686 1856 Praetor

270 1885 467 1937 judicium
488 1884 565 1929 det,
602 1894 646 1922 ut
663 1885 723 1922 vel
746 1885 929 1922 Octavius
951 1884 1094 1922 Balbus
1109 1883 1245 1935 judex,
1279 1882 1415 1928 homo,
1452 1892 1489 1920 et
1503 1884 1616 1935 juris,
1647 1893 1686 1922 et

276 1952 396 1989 officii
426 1951 688 2004 peritiffimuS,
720 1965 797 1989 non
819 1950 930 2003 poffit
949 1950 1058 1988 aliter
1086 1950 1287 2002 judicare,
1320 1950 1364 1987 sit
1395 1949 1597 2001 ejusmodi,
1629 1952 1682 1989 L.

280 2018 459 2056 Ofiavius
466 2017 581 2069 judex
600 2017 675 2070 esto.
709 2017 752 2056 Si
760 2026 886 2069 paret,
903 2017 1067 2070 fundum
1089 2018 1319 2068 Capenatem,
1342 2030 1407 2069 quo
1426 2015 1467 2054 de
1484 2016 1625 2068 agitur,
1645 2032 1687 2055 ex

266 2085 357 2135 jure
375 2084 574 2135 ⁴Quiritium
597 2085 642 2122 P.
666 2084 815 2122 Servilii
831 2084 902 2137 ejffi’,
917 2099 1025 2136 neque
1044 2084 1072 2121 is
1077 2082 1224 2135 szmdus
1243 2085 1293 2135 Q
1307 2083 1340 2120 C
1341 2084 1437 2121 atulo
1457 2083 1683 2135 rcstz'tuem7·;

279 2163 357 2187 non
379 2149 521 2187 necesse
541 2150 613 2187 erit
633 2150 681 2187 L.
701 2150 863 2187 octavio
878 2150 1003 2201 judici
1024 2163 1158 2201 cogere
1180 2150 1223 2187 P.
1244 2148 1450 2186 Servilium
1469 2150 1686 2200 QCatulo

279 2215 449 2254 fundum
470 2215 676 2260 restituere,
699 2224 763 2252 aut
793 2215 1049 2253 condemnare
1080 2229 1186 2259 eum,
1219 2228 1337 2266 quem
1371 2229 1447 2253 non
1479 2215 1683 2267 oporteat?

280 2282 577 2334 Ejusdemmodi
599 2291 727 2319 totum
742 2282 806 2333 jus
827 2282 1064 2334 praetorium,
1095 2281 1375 2332 ejusdemmodi
1397 2282 1523 2318 omnis
1545 2293 1600 2316 res
1616 2281 1630 2330 j
1640 2293 1682 2315 u-

283 2348 438 2385 diciaria
469 2346 545 2385 fuit
565 2348 605 2385 in
639 2347 768 2385 Sicilia
802 2360 870 2399 per
890 2347 1117 2392 triennium,
1141 2348 1256 2384 Verre
1291 2348 1467 2384 Praetore.
1520 2345 1685 2380 Decreta

281 2411 494 2462 ejusmodi,
528 2413 570 2451 Si
586 2427 652 2450 non
673 2412 804 2465 accipit
836 2412 929 2465 quod
949 2421 984 2450 te
1003 2412 1122 2450 debere
1152 2412 1249 2453 (Λαίς,
1284 2411 1419 2461 accus&
1435 2426 1446 2451 3
1464 2408 1506 2458 sl
1525 2408 1690 2459 petina-‚v

281 2476 403 2515 ducas.
455 2479 502 2515 C.
537 2477 734 2517 Fuficium
769 2478 859 2517 duci
903 2477 1010 2530 juffit
1041 2478 1244 2530 petitorem
1266 2503 1275 2517 ,
1309 2475 1356 2510 L.
1389 2473 1563 2511 Suetium
1579 2503 1590 2518 ‚
1634 2475 1682 2512 L.

1246 2540 1283 2576 D
1314 2539 1337 2576 d
1362 2553 1381 2576 2
