2201 2792
766 241 901 280 PRO
960 242 1010 279 A.
1072 241 1387 280 CAECINA.

1691 258 1765 298 515

382 337 468 376 loco
490 338 697 377 Scaevolam
718 338 847 377 dixisti
867 338 1017 377 causam
1048 338 1148 392 apud
1179 338 1438 377 centumviros
1475 350 1551 375 non
1583 337 1767 374 tenuisse:

383 417 499 456 quem
536 418 608 457 ego
641 414 750 443 antea
779 405 1096 450 commemoravi,
1130 404 1235 457 quod
1265 404 1368 442 idem
1401 403 1555 448 faceret,
1592 402 1697 455 quod
1729 410 1771 439 tu

383 482 500 515 nunc,
525 470 690 522 (tametfi
719 470 784 508 ille
817 471 857 509 in
889 471 1014 524 aliqua
1044 470 1151 508 causa
1170 469 1344 515 faciebat,
1385 478 1426 507 tu
1461 470 1501 507 in
1533 469 1639 506 nulla
1657 467 1769 518 facis)

384 545 512 574 tamen
546 536 713 589 probasse
748 537 896 575 nemini
931 536 1036 589 quod
1066 535 1252 580 defendit,
1287 536 1377 588 quia
1406 535 1529 574 verbis
1550 547 1773 587 oppugnare

385 602 606 653 aequitatem
626 602 838 640 videbatur.
871 603 976 640 Cum
1011 601 1050 639 id
1071 602 1203 646 miror,
1235 609 1272 638 te
1298 599 1373 638 hoc
1404 601 1444 638 in
1475 599 1547 638 hac
1568 613 1620 644 re,
1651 599 1773 636 alieno

386 676 573 719 tempore,
601 676 639 704 et
659 676 792 705 contra
812 680 929 720 quarn
950 667 1017 704 ista
1037 667 1146 705 causa
1165 665 1394 719 postulasset,
1426 665 1655 709 defendifi'e5
1689 674 1773 702 tum

385 732 483 770 illud
500 732 616 786 vulgo
636 732 675 770 in
691 733 865 784 judiciiS,
886 742 924 770 et
943 746 1224 785 nonnunquam
1242 732 1288 770 ab
1308 732 1512 784 ingeniolis
1532 730 1773 774 hominibus,

386 797 539 837 defendi
556 797 655 837 mihi
676 799 821 837 mirum
841 800 959 837 videri
981 799 1088 844 solet,
1111 798 1498 851 necjuris-consultis
1514 797 1687 842 concedi,
1706 811 1775 835 nec

382 865 445 917 jus
467 865 578 903 civile
598 865 639 902 in
659 864 776 903 caufis
798 865 945 918 semper
966 865 1099 909 valere,
1121 874 1309 918 oportere.

444 931 549 969 Nam
571 932 638 983 qui
658 930 734 969 hoc
755 931 962 984 disputant,
994 932 1018 969 fi
1055 931 1093 969 id
1113 931 1263 976 dicunt,
1297 944 1375 969 non
1402 932 1500 969 recte
1530 928 1676 982 aliquid
1704 928 1776 966 sta-

390 1007 495 1036 tuere
515 1011 592 1042 eos,
627 998 695 1049 qui
715 997 986 1042 consulantur余
1018 1012 1095 1036 non
1123 997 1198 1036 hoc
1225 997 1365 1036 debent
1395 997 1532 1041 dicere,
1555 996 1636 1048 juri
1656 995 1777 1039 civili,

389 1063 452 1101 sed
472 1062 700 1102 hominibus
721 1063 858 1108 stultis,
881 1064 1136 1116 obtemperari
1159 1077 1235 1102 non
1255 1073 1442 1116 oportere.
1475 1062 1541 1100 Sin
1572 1062 1659 1099 illos
1680 1063 1779 1098 refte

391 1129 613 1182 respondere
643 1129 875 1174 concedunt,
908 1138 945 1167 et
965 1129 1074 1167 aliter
1099 1129 1263 1182 judicari
1294 1129 1430 1167 dicunt
1460 1137 1648 1180 oportere,
1680 1127 1780 1164 male

387 1197 551 1248 judicari
573 1205 746 1249 oportere
767 1196 902 1234 dicunt
921 1211 929 1234 2
962 1209 1086 1247 neque
1105 1196 1211 1233 enim
1232 1195 1312 1233 fieri
1333 1194 1468 1247 potest,
1491 1203 1534 1231 ut
1551 1193 1654 1230 aliud
1675 1192 1779 1243 judi<

392 1263 468 1301 cari
489 1263 535 1300 de
555 1264 656 1315 jure,
687 1262 790 1300 aliud
817 1263 1046 1315 responderi,
1067 1271 1266 1315 oporteat余
1299 1274 1369 1299 nec
1390 1271 1433 1299 ut
1453 1261 1657 1313 quisquam
1683 1259 1780 1311 juris

392 1337 616 1366 numeretur
636 1328 794 1382 peritus,
826 1328 895 1381 qui
915 1328 955 1366 id
972 1327 1107 1366 statuat
1125 1327 1196 1366 effe
1206 1328 1286 1380 jus,
1309 1327 1414 1380 quod
1433 1340 1510 1364 non
1527 1334 1699 1378 oporteat
1712 1325 1781 1376 ju-

393 1395 524 1434 dicari.

448 1463 504 1500 At
524 1461 576 1499 est
596 1460 802 1512 aliquando
822 1469 954 1498 contra
968 1460 1202 1512 judicatum.
1236 1460 1414 1497 Primum
1435 1467 1568 1496 utrum
1595 1459 1707 1501 reete,
1738 1470 1784 1494 an

394 1540 590 1580 perperam
611 1526 622 1562 ?
656 1526 693 1563 Si
714 1527 837 1570 reste5
861 1526 900 1562 id
920 1524 995 1563 fuit
1010 1527 1088 1577 jus,
1111 1524 1215 1577 quod
1230 1524 1450 1577 judicatum
1471 1523 1546 1561 est:
1579 1522 1633 1561 sin
1650 1522 1782 1566 aliter余

396 1608 475 1633 non
511 1594 675 1632 dubium
709 1593 775 1638 est,
809 1603 941 1631 utrum
971 1594 1135 1646 judices,
1168 1607 1214 1630 an
1235 1591 1511 1645 jurisconsulti,
1544 1589 1786 1643 vituperandi

397 1661 483 1699 sint.
516 1659 682 1703 Deinde,
705 1659 730 1697 fi
751 1659 797 1697 de
812 1660 899 1711 jure
921 1659 1022 1696 vario
1039 1659 1240 1711 quippiam
1261 1657 1481 1710 judicatum
1500 1656 1579 1701 est3
1612 1669 1690 1694 non
1712 1669 1786 1707 po-

398 1727 475 1764 tius
496 1729 628 1764 contra
649 1724 967 1777 juris-consultos
999 1725 1181 1768 statuunt,
1213 1723 1239 1761 fi
1267 1723 1376 1761 aliter
1406 1722 1700 1775 pronuntiatum
1719 1719 1786 1764 est,

397 1806 439 1830 ac
468 1792 610 1830 Mucio
644 1790 803 1843 placuit,
825 1804 944 1842 quam
973 1803 1019 1828 ex
1039 1803 1173 1828 eorum
1195 1789 1429 1832 auctoritate,
1453 1787 1493 1831 fi,
1530 1796 1573 1824 ut
1594 1785 1784 1824 Manilius

399 1858 597 1903 statuebat,
619 1857 668 1895 fic
690 1857 742 1895 est
756 1857 990 1910 judicatum.
1023 1856 1182 1894 Etenim
1203 1855 1280 1908 ipse
1301 1854 1448 1893 Crassus
1470 1867 1547 1892 non
1566 1853 1617 1890 ita
1637 1851 1790 1890 causam

399 1924 501 1978 apud
521 1924 782 1962 centumviros
804 1923 896 1975 egit,
919 1932 962 1960 ut
981 1931 1113 1961 contra
1127 1919 1444 1974 juris-consultos
1466 1920 1634 1962 diceret3
1664 1917 1725 1955 sed
1747 1925 1791 1955 ut

400 1990 475 2029 hoc
492 1990 657 2034 doceret,
675 1988 787 2034 illud,
806 1989 910 2041 quod
930 1988 1094 2026 Scaevola
1108 1986 1347 2031 defendebat,
1370 1999 1447 2023 non
1464 1984 1534 2023 esse
1548 1983 1671 2036 juris余
1694 1992 1731 2020 et
1750 1983 1790 2020 in

401 2069 486 2094 eam
507 2069 588 2093 rem
609 2068 686 2092 non
707 2054 831 2092 solum
852 2055 1012 2091 rationes
1035 2052 1196 2096 afferret,
1220 2051 1281 2089 sed
1302 2052 1418 2088 etiam
1438 2049 1664 2102 QMucio,
1687 2047 1790 2086 soce-

404 2135 445 2159 ro
465 2121 544 2165 suo,
568 2119 777 2171 multisque
798 2119 1030 2171 peritiffimis
1052 2117 1278 2155 hominibus
1300 2116 1518 2154 auctoribus
1538 2122 1719 2152 uteretur.

457 2187 589 2225 XXV.
621 2186 727 2224 Nam
759 2186 826 2237 qui
847 2186 910 2237 jus
932 2184 1044 2222 civile
1074 2183 1405 2221 contemnendum
1426 2191 1548 2234 putat,
1577 2181 1607 2217 is
1639 2178 1792 2216 vincula

404 2253 552 2292 revellit
571 2266 649 2291 non
669 2251 787 2290 modo
801 2251 1056 2304 judiciorum,
1073 2250 1132 2288 sed
1153 2250 1268 2288 etiam
1290 2248 1481 2292 utilitatis,
1497 2247 1658 2296 vitaeque
1679 2257 1792 2281 com-

403 2319 549 2358 munis.
626 2318 665 2355 ui
684 2327 814 2356 autem
835 2317 1056 2369 interpretes
1073 2316 1170 2368 juris
1186 2316 1400 2366 vituperat3
1434 2312 1459 2349 s1
1481 2310 1679 2362 imperitos
1694 2309 1792 2360 juris

404 2385 475 2423 effe
495 2384 604 2429 dicit,
635 2384 681 2421 de
700 2370 942 2427 hominibus,
973 2396 1051 2420 non
1071 2382 1117 2420 de
1131 2382 1218 2433 jure
1238 2379 1358 2423 civili,
1392 2375 1556 2414 detrahit
1575 2389 1583 2413 :
1616 2375 1670 2412 fin
1692 2374 1793 2426 peri-

407 2451 455 2488 tis
476 2463 553 2488 non
574 2458 682 2502 putat
702 2449 771 2487 effe
790 2448 1152 2501 obtemperandum,
1175 2459 1252 2483 non
1274 2443 1450 2482 homines
1472 2441 1586 2485 laedit,
1612 2439 1672 2477 sed
1694 2440 1793 2491 leges

406 2530 449 2555 ac
461 2517 550 2569 jura
570 2513 785 2554 labefaetat.
811 2515 929 2566 Qod
946 2514 1053 2553 vobis
1071 2513 1197 2551 venire
1217 2513 1257 2550 in
1274 2519 1446 2549 mentem
1464 2505 1634 2559 profecto
1654 2505 1795 2544 neceffe

1332 2576 1368 2612 T
1391 2584 1405 2612 t
1426 2583 1441 2611 t
1473 2585 1494 2611 2
