2201 2792
494 124 566 163 342
922 109 1011 148 IN
1082 110 1463 149 VERREM

490 211 718 264 cogeretur?
751 223 828 261 quo
849 210 953 247 enim
985 210 1020 248 se
1051 219 1222 255 verteret,
1254 225 1332 248 non
1358 210 1535 249 habebat.
1570 210 1629 248 Ex
1651 223 1729 262 quo
1760 208 1888 247 fructu

490 292 687 323 nummos,
719 291 814 330 quos
837 277 908 314 tibi
929 277 1046 322 daret,
1080 278 1299 315 inveniret?
1332 279 1597 315 Decumarum
1624 278 1782 316 nomine
1803 287 1887 315 tan-

492 355 576 383 tum
596 354 673 382 erat
694 344 878 387 ablatum,
911 353 1101 395 quantum
1122 343 1297 381 voluntas
1322 344 1459 381 tulerat
1481 345 1644 396 Apronii
1663 359 1671 381 :
1704 357 1772 396 pro
1793 343 1887 380 alte-

490 411 540 449 ris
561 410 749 453 decumis,
772 418 980 461 emptoque
999 408 1211 453 frumento,
1243 418 1307 446 aut
1339 408 1436 446 nihil
1458 410 1605 454 datum,
1639 419 1704 447 aut
1736 417 1888 447 tantum

491 478 639 522 datum,
663 485 851 529 quantum
874 475 1013 526 reliqui
1036 475 1155 513 scriba
1174 473 1341 520 fecerat3
1365 485 1428 513 aut
1448 475 1548 513 ultro
1567 477 1682 514 etiam
1706 475 1762 526 (id
1784 475 1888 527 quod

491 543 692 593 didicistis)
716 541 901 579 ablatum.

546 608 775 647 LXXXVI.
809 610 1006 660 Coguntur
1039 608 1154 645 etiam
1182 608 1336 645 nummi
1371 608 1418 646 ab
1452 608 1624 646 aratore?
1662 606 1886 659 quomodo?

490 690 569 728 quo
583 677 668 728 jure
687 676 699 712 ?
732 688 809 726 quo
830 674 1009 726 exemplo
1029 674 1041 710 ?
1074 674 1194 718 Nam,
1227 688 1318 712 cum
1340 673 1485 712 fructus
1507 673 1786 726 diripiebantur
1806 687 1887 711 ara-

489 752 633 786 torum,
651 750 765 793 atque
785 740 893 777 omni
913 739 1174 777 lacerabantur
1189 740 1341 792 injuria,
1359 740 1558 778 videbatur
1573 740 1612 777 id
1632 739 1787 791 perdere
1805 751 1887 776 ara-

490 816 564 852 tor,
595 807 699 859 quod
735 814 854 843 aratro
889 804 965 857 ipse
997 804 1192 856 quaesisset,
1224 805 1264 842 in
1296 819 1374 857 quo
1405 804 1636 849 elaboraffet,
1673 804 1776 856 quod
1808 804 1888 855 agri

490 874 704 926 segetesque
734 870 964 910 extuliffent.
1005 872 1160 922 Qibus
1192 872 1341 924 injuriis
1373 871 1596 924 graviffimiS
1633 881 1760 908 tamen
1792 870 1888 907 illud

489 950 567 978 erat
588 940 771 978 miserum
802 938 995 982 solatium,
1028 938 1133 989 quod
1164 938 1203 975 id
1234 938 1388 990 perdere
1420 938 1632 981 videbatur,
1665 936 1783 988 quod,
1815 936 1889 973 alio

490 1007 669 1051 Praetore,
691 1005 827 1043 eodem
848 1018 894 1042 ex
915 1017 1004 1056 agro
1025 1017 1192 1056 reparare
1212 1003 1344 1057 poffet.
1377 1004 1576 1042 Nummos
1603 1017 1690 1040 vero
1712 1012 1755 1041 ut
1785 1002 1889 1040 daret

488 1082 623 1118 arator,
654 1086 749 1125 quos
785 1084 861 1108 11011
891 1080 1024 1114 aratro,
1062 1083 1104 1108 ac
1135 1084 1251 1109 manu
1282 1070 1444 1123 quaerit;
1492 1071 1619 1115 boves,
1650 1079 1687 1107 et
1721 1078 1888 1107 aratrum

490 1140 629 1192 ipsum,
663 1148 700 1176 et
733 1151 849 1176 omne
881 1137 1178 1174 instrumentum
1205 1137 1356 1180 vendat,
1389 1136 1532 1174 neceffe
1558 1136 1623 1174 est.
1667 1136 1761 1174 Non
1782 1136 1887 1172 enim

489 1206 633 1243 debetis
655 1204 729 1242 hoc
753 1205 945 1256 cogitare:
978 1202 1094 1240 habet
1125 1203 1228 1240 idem
1260 1203 1299 1239 in
1332 1203 1534 1240 nummis:
1568 1201 1682 1240 habet
1713 1201 1816 1239 idem
1847 1201 1888 1238 in

490 1271 643 1309 urbanis
665 1270 829 1322 praediis.
863 1268 967 1306 Nam
989 1281 1080 1305 cum
1102 1268 1237 1305 aratori
1257 1281 1352 1305 onus
1374 1267 1529 1319 aliquod
1551 1267 1778 1320 imponitur,
1810 1280 1887 1304 non

488 1350 640 1381 omnes,
662 1336 687 1374 fi
709 1350 794 1387 quae
826 1335 912 1373 sunt
942 1343 1131 1387 praeterea,
1154 1333 1368 1378 facultates,
1397 1334 1456 1371 sed
1477 1334 1651 1371 arationis
1679 1333 1794 1385 ipfius
1816 1333 1886 1378 vis,

489 1417 532 1442 ac
553 1403 647 1441 ratio
668 1401 935 1440 consideranda
955 1401 1033 1446 est,
1067 1401 1160 1453 quid
1186 1414 1228 1438 ea
1248 1400 1438 1444 sustinere,
1475 1400 1569 1452 quid
1600 1400 1692 1452 pati,
1714 1399 1809 1451 quid
1828 1398 1887 1437 ef-

489 1471 602 1508 ficere
621 1469 746 1522 possit,
777 1482 819 1506 ac
846 1468 994 1506 debeat.
1041 1469 1277 1519 Qanquam
1312 1467 1370 1504 illi
1402 1481 1556 1519 quoque
1590 1466 1677 1504 sunt
1709 1465 1888 1504 homines

489 1537 536 1574 ab
558 1536 627 1574 isto
647 1536 755 1573 0111111
788 1534 930 1572 ratione
961 1534 1159 1577 exinaniti,
1191 1547 1232 1570 ac
1253 1533 1420 1586 perditi;
1453 1542 1580 1570 tamen
1612 1531 1688 1570 hoc
1710 1532 1815 1570 vobis
1837 1533 1889 1570 est

488 1602 746 1646 statuendum,
779 1601 873 1653 quid
894 1609 1077 1638 aratorem
1098 1599 1239 1652 ipsum,
1265 1600 1440 1637 arationis
1461 1599 1632 1643 nomine,
1655 1599 1824 1636 muneris
1846 1599 1886 1636 in

489 1669 685 1722 republica
714 1667 840 1720 fungi,
873 1681 914 1704 ac
949 1666 1127 1704 sustinere
1161 1666 1299 1716 velitis.
1348 1666 1553 1718 Imponitis
1578 1666 1787 1709 decuma83
1818 1678 1888 1718 pa-

488 1737 665 1773 tiuntur:
699 1734 857 1778 altera83
892 1733 1130 1785 temporibus
1164 1733 1293 1770 vestris
1325 1731 1565 1770 serviendum
1597 1740 1747 1783 putant.
1780 1732 1887 1770 Dent

488 1811 666 1855 emptum
689 1810 890 1853 praeterea:
923 1800 1082 1844 dabunt,
1105 1800 1128 1837 fi
1153 1799 1301 1837 voletis.

545 1869 643 1906 Haec
663 1880 780 1919 quam
802 1866 873 1902 smt
893 1865 1030 1917 gravia,
1062 1874 1100 1902 et
1126 1865 1235 1916 quid,
1268 1863 1327 1902 his
1349 1864 1460 1902 rebus
1492 1863 1680 1907 detractis,
1711 1863 1822 1915 poffit
1841 1863 1888 1901 ad

489 1934 668 1971 dominos
688 1931 789 1984 puri,
826 1944 867 1968 ac
903 1930 1042 1981 reliqui
1073 1930 1282 1982 pervenire,
1313 1929 1425 1967 credo
1456 1942 1520 1967 vos
1552 1942 1598 1967 ex
1618 1929 1746 1966 vestris
1775 1929 1888 1967 rebus

490 1998 638 2036 rusticis
659 1997 876 2048 conjectura
895 1994 1033 2046 ass'equi
1049 1994 1163 2047 poffe.
1188 1995 1331 2032 Addite
1351 2008 1454 2032 nunc
1475 1994 1608 2032 eodem
1631 1994 1735 2032 istius
1752 1994 1888 2040 edic'ta,

490 2063 674 2107 instituta,
697 2062 877 2114 injurias:
910 2061 1036 2098 addite
1057 2061 1238 2113 Apronii,
1258 2061 1592 2112 Veneriorumque
1614 2060 1819 2106 servorum,
1847 2061 1888 2099 in

489 2144 580 2183 agro
600 2129 815 2167 decumano
837 2141 964 2180 regna,
998 2141 1039 2165 ac
1071 2128 1232 2180 rapinas.
1266 2129 1502 2179 Qanquam
1534 2126 1615 2164 haec
1641 2127 1807 2164 omitto:
1840 2127 1887 2164 de

490 2196 587 2235 cella
607 2195 758 2247 loquor.
792 2194 965 2231 Placetne
985 2193 1108 2238 vobis,
1132 2194 1170 2230 in
1192 2194 1329 2231 cellam
1352 2193 1632 2246 magistratibus
1649 2192 1781 2230 nostris
1801 2191 1886 2230 fru-

491 2270 671 2302 mentum
694 2260 840 2298 Siculos
861 2259 975 2312 gratis
997 2259 1110 2296 dare?
1142 2259 1237 2310 quid
1262 2259 1338 2297 hoc
1359 2259 1554 2311 indignius
1574 2259 1586 2295 ?
1619 2258 1712 2309 quid
1738 2257 1887 2309 iniqui-

493 2329 567 2366 us?
599 2327 706 2379 atqui
739 2325 814 2364 hoc
844 2325 990 2370 scitote,
1024 2325 1246 2370 aratoribus,
1282 2324 1357 2363 hoc
1379 2326 1555 2369 Praetore‚
1587 2323 1815 2375 optandum,
1845 2335 1888 2361 ac

485 2393 701 2448 ,petendum
722 2391 845 2430 fuisse.

519 2459 767 2499 LXXXVII.
784 2458 974 2497 Sofitenus
989 2457 1041 2496 est
1054 2457 1289 2503 Entellinus,
1306 2455 1426 2496 homo
1442 2469 1533 2495 cum
1549 2455 1685 2510 primis
1705 2454 1886 2509 prudenS,
