2201 2792
878 151 1107 205 [267]

516 382 1454 445 ACCUSATIONIS

378 598 559 671 IN
661 597 757 672 C.
868 593 1583 669 VERREM

593 819 872 858 LIBER
956 815 1387 856 TERTIUS.

543 1026 672 1065 DE
783 1019 1433 1064 FRUMENTO.

698 1230 1050 1270 ORATIO
1122 1229 1270 1268 VIII.

277 1386 317 1425 ·I.
443 1385 636 1432 MNES‚
658 1385 726 1440 qui
747 1386 926 1432 alterum,
949 1385 1122 1438 Judices,
1145 1384 1263 1424 nullis
1284 1383 1441 1438 impulsi
1461 1383 1696 1430 inimicitiis,

470 1453 578 1492 nulla
597 1454 780 1507 privatim
802 1453 875 1492 laefi
896 1453 1050 1506 injuria,
1073 1452 1184 1491 nullo
1204 1451 1363 1506 praemio
1384 1450 1552 1496 adducti,
1574 1450 1614 1488 in
1629 1451 1697 1504 ju-

474 1521 624 1559 dicium
656 1520 879 1574 reipublicae
898 1521 1008 1560 causa
1027 1528 1180 1565 vocant,
1213 1518 1413 1572 providere
1431 1518 1587 1563 debent,
1619 1531 1699 1556 non

285 1588 411 1627 solum
439 1587 534 1639 quid
560 1587 684 1625 oneriS
714 1587 755 1625 in
785 1587 980 1640 praesentia
1011 1586 1163 1631 tollant,
1194 1585 1257 1623 sed
1287 1585 1404 1623 etiam
1436 1593 1627 1637 quantum
1657 1584 1698 1621 in

286 1668 447 1693 omnem
466 1653 586 1692 vitam
618 1654 763 1706 negotii
784 1653 971 1706 suscipere
990 1661 1192 1692 conentur.
1226 1653 1374 1704 Legem
1401 1651 1507 1689 enim
1528 1651 1597 1688 fibi
1629 1650 1698 1703 ipsl

287 1722 424 1760 dicunt
444 1720 688 1765 innocentiae,
724 1720 987 1765 continentiae,
1023 1720 1293 1771 virtutumque
1323 1718 1519 1762 omnium,
1551 1716 1619 1769 qui
1651 1717 1698 1754 ab

287 1788 404 1826 altero
425 1787 614 1825 rationem
635 1786 723 1824 vitae
753 1785 956 1839 reposcunt
972 1804 984 1830 3
1016 1795 1131 1838 atque
1163 1798 1209 1822 eo
1241 1784 1380 1837 magis,
1416 1783 1441 1821 fi
1463 1782 1517 1828 id,
1550 1791 1593 1820 ut
1613 1791 1699 1821 ante

286 1854 382 1899 dixi,
403 1853 553 1892 faciunt
573 1853 679 1892 nulla
699 1867 737 1891 re
755 1853 948 1892 commoti
967 1853 1051 1898 alia,
1074 1852 1142 1891 nisi
1164 1851 1331 1889 utilitate
1349 1849 1567 1888 communi.
1590 1849 1698 1888 Nam

286 1921 355 1974 qui
375 1920 444 1959 fibi
464 1919 541 1959 hoc
569 1919 743 1974 sumpfit,
777 1929 820 1959 ut
850 1920 1016 1972 corrigat
1037 1932 1162 1958 mores
1183 1918 1362 1963 aliorum,
1396 1931 1438 1955 ac
1458 1925 1614 1970 peccata
1636 1930 1695 1954 re-

287 1986 511 2039 prehendat,
532 1986 619 2039 quis
640 1985 733 2024 huic
752 1986 937 2039 ignoscat,
959 1985 986 2024 fi
1006 1999 1082 2038 qua
1101 1985 1142 2023 in
1163 1998 1200 2022 re
1215 1984 1294 2037 ipse
1313 1984 1360 2022 ab
1382 1983 1564 2035 religione
1580 1982 1701 2021 officii

288 2052 519 2090 declinarit?
552 2052 799 2104 Qapropter
818 2050 894 2090 hoc
924 2051 1043 2089 etiam
1064 2051 1186 2103 magis
1219 2050 1266 2087 ab
1293 2049 1476 2088 omnibus
1511 2048 1699 2101 ejusmodi

289 2118 384 2156 civis
406 2116 632 2161 laudandus,
660 2130 701 2154 ac
723 2117 941 2169 diligendus
964 2117 1030 2161 est,
1063 2117 1132 2168 qui
1154 2130 1232 2154 non
1253 2115 1377 2154 solum
1399 2115 1619 2168 reipublicae
1641 2116 1699 2152 ci-

287 2198 376 2222 vem
398 2179 639 2236 improbum⁴
657 2192 843 2228 removet,
877 2197 1010 2221 verum
1037 2183 1156 2221 etiam
1177 2182 1212 2220 se
1242 2182 1369 2234 ipsum
1401 2180 1591 2233 ejusmodi
1620 2179 1700 2217 fore

288 2250 503 2304 profitetur,
525 2264 567 2288 ac
588 2250 749 2303 praestat,
782 2259 825 2288 ut
847 2251 915 2289 fibi
936 2264 1014 2288 non
1036 2250 1154 2289 modo
1177 2249 1382 2288 communi
1402 2248 1599 2286 voluntate
1620 2247 1698 2282 vir—

290 2319 398 2363 tutis,
420 2327 535 2370 atque
555 2317 690 2362 officiI,
714 2316 775 2355 sed
796 2318 912 2356 etiam
934 2327 976 2356 ut
1002 2318 1168 2370 quadam
1190 2317 1313 2368 magis
1334 2314 1533 2353 necessaria
1553 2312 1698 2350 ratione

290 2385 387 2422 reete
408 2384 465 2429 fit,
487 2383 720 2436 honesteque
740 2385 964 2423 vivendum.

345 2449 480 2500 Itaque
513 2448 604 2494 hoc,
637 2450 808 2500 Judices‚
839 2464 885 2489 ex
917 2449 1079 2488 homine
1109 2447 1327 2491 clariffimo‚
1363 2454 1478 2498 atque
1509 2443 1698 2496 eloquen-

291 2513 448 2561 tiffimo,
481 2516 529 2555 L.
554 2516 695 2562 Craffo,
727 2517 821 2570 saepe
853 2517 1031 2556 auditum
1066 2515 1131 2560 est,
1171 2527 1263 2553 cum
1295 2514 1329 2551 se
1360 2512 1504 2552 nullius
1534 2511 1588 2551 rei
1620 2520 1698 2551 tam

1273 2581 1306 2619 L
1328 2580 1340 2618 1
1373 2593 1394 2619 2
