2201 2792
526 168 602 216 4:33
1023 165 1426 203 ORAT10

525 265 754 303 testimoniis
776 262 990 315 tabulisque
1010 271 1273 314 premeretur:
1307 271 1436 298 tamen
1453 259 1541 299 effet
1562 261 1670 299 vobis
1691 273 1921 313 magnopere

525 330 820 383 providendum,
845 343 904 373 ne,
928 342 1023 379 quos
1056 328 1108 364 ita
1127 326 1288 364 afflictos
1309 339 1329 362 a
1350 327 1476 364 vestris
1501 327 1672 379 patribus
1693 325 1921 378 majoribus-

524 411 600 449 que
619 396 864 448 accepissetis,
901 403 944 431 ut
964 392 1241 431 contemnendi
1271 391 1401 436 effent,
1431 405 1495 429 eos
1515 391 1762 444 pertimuiffe,
1798 401 1835 429 et
1855 404 1922 429 eo-

525 478 614 501 rum
647 463 762 500 minis
799 470 837 498 et
870 469 1010 497 terrore
1040 459 1233 497 commoti
1264 457 1350 502 effe,
1387 459 1626 496 videremini.
1665 459 1786 497 Nunc
1817 471 1921 502 vero,

525 543 618 567 cum
639 528 749 566 laedat
770 540 885 565 nemo
907 526 1044 570 bonus,
1070 525 1226 562 laudent
1245 537 1379 562 omnes
1407 524 1525 564 vestri
1545 524 1646 562 cives
1668 532 1781 576 atque
1801 523 1921 567 socii;

524 604 750 649 oppugnent
784 595 825 638 ii,
862 593 931 644 qui
961 591 1158 644 saepiffime
1178 590 1277 628 hanc
1299 590 1435 627 urbem
1466 599 1504 628 et
1524 588 1599 628 hoc
1619 590 1831 643 imperium
1850 603 1923 642 op-

525 672 748 719 pugnarunt
767 679 778 705 3
829 671 1000 711 cumque
1047 657 1202 695 inimici
1248 657 1311 694 M.
1349 657 1503 694 Fonteii
1541 657 1649 694 vobis
1691 669 1734 694 ac
1778 655 1924 709 populo

525 734 707 770 Romano
737 728 962 769 minentur;
994 724 1111 761 amici
1131 736 1174 760 ac
1195 723 1404 775 propinqui
1435 722 1651 775 supplicent
1682 723 1816 761 vobis:
1849 723 1923 760 du-

525 795 699 835 bitabitis
721 806 799 830 non
820 790 938 829 modo
970 789 1098 826 vestris
1119 788 1284 831 civibus,
1318 788 1386 838 qui
1407 789 1577 825 maxime
1597 788 1719 839 gloria
1751 801 1794 825 ac
1814 787 1926 825 laude

525 864 737 903 ducuntur,
772 870 908 896 verum
939 855 1057 893 etiam
1088 853 1226 891 exteris
1254 852 1473 890 nationibus
1505 866 1547 890 ac
1567 852 1765 906 gentibus,
1796 853 1923 891 osten-

526 930 627 972 dere,
649 940 715 964 vos
748 925 788 962 in
808 921 1004 961 sententiis
1024 919 1190 958 ferendis
1222 918 1299 957 civi
1319 932 1484 971 parcere,
1507 932 1625 970 quam
1645 916 1746 957 hosti
1775 918 1924 963 cedere,

526 993 726 1034 maluifl‘e?

581 1060 675 1099 XII.
708 1058 856 1108 Magna
876 1052 1098 1092 mehercule
1117 1051 1240 1096 causa,
1262 1051 1432 1102 JudiceS,
1465 1050 1715 1089 absolutionis
1735 1064 1828 1089 cum
1849 1064 1923 1090 cae-

526 1127 615 1164 teris
636 1123 753 1162 causis
774 1121 856 1159 haec
877 1119 943 1164 est,
975 1132 1023 1156 ne
1043 1131 1119 1170 qua
1138 1117 1295 1169 infignis
1322 1115 1416 1154 huic
1436 1117 1600 1169 imperio
1630 1116 1781 1155 macula
1810 1126 1926 1169 atque

525 1190 742 1245 ignominia
763 1187 998 1239 suscipiatur,
1022 1184 1048 1222 fi
1077 1183 1153 1221 hoc
1173 1183 1226 1221 ita
1246 1183 1435 1236 perlatum
1457 1184 1528 1220 erit
1550 1183 1588 1221 in
1610 1183 1797 1228 Galliam,
1819 1183 1925 1222 sena-

525 1270 612 1298 tum
632 1255 855 1311 equitesque
886 1252 1023 1305 populi
1043 1251 1228 1295 Romani,
1260 1263 1337 1288 non
1359 1250 1586 1288 testimoniis
1609 1250 1831 1294 Gallorum,
1862 1249 1926 1288 sed

526 1325 658 1368 minis,
680 1328 915 1363 commotos,
938 1330 1019 1355 rem
1046 1316 1092 1354 ad
1112 1315 1272 1353 illorum
1292 1315 1497 1353 libidinem
1513 1314 1709 1367 judicaffe.
1742 1315 1801 1354 Ita
1820 1328 1924 1360 vero,

525 1394 552 1430 fi
573 1390 631 1428 illi
653 1387 803 1426 bellum
823 1383 946 1423 facere
966 1382 1224 1426 conabuntur,
1255 1381 1480 1420 excitandus
1501 1382 1612 1420 nobis
1633 1381 1704 1419 erit
1723 1381 1770 1418 ab
1791 1380 1924 1419 inferis

524 1460 574 1496 C.
598 1455 763 1497 Marius,
795 1451 863 1504 qui
886 1449 1159 1489 Induciomaro
1178 1448 1253 1493 isti,
1275 1448 1419 1486 minaci
1439 1456 1554 1500 atque
1572 1448 1776 1500 arroganti,
1798 1461 1864 1500 par
1883 1448 1924 1485 in

525 1519 787 1575 belligerando
806 1517 876 1555 effe
897 1516 1008 1569 poffit
1026 1530 1034 1553 :
1066 1515 1292 1553 excitandus
1314 1516 1390 1552 Cn.
1414 1515 1630 1559 Domitius,
1654 1523 1693 1552 et
1713 1514 1925 1567 QMaxi-

525 1603 628 1633 mus,
650 1588 717 1640 qui
739 1585 936 1624 nationem
957 1581 1235 1633 Allobrogum,
1268 1589 1306 1618 et
1333 1580 1512 1632 reliquaS,
1544 1579 1617 1618 suis
1646 1580 1788 1619 iterum
1808 1580 1924 1618 armis

525 1655 706 1695 conficiat
726 1662 840 1704 atque
860 1649 1082 1702 opprimat:
1113 1657 1191 1693 aut,
1220 1647 1408 1699 quoniam
1441 1647 1481 1684 id
1501 1646 1662 1699 quidem
1691 1660 1771 1685 non
1790 1646 1927 1699 potest,

525 1721 688 1760 orandus
710 1718 781 1756 erit
811 1716 923 1754 nobis
945 1714 1092 1753 amicus
1125 1716 1249 1758 meuS,
1285 1713 1349 1751 M.
1374 1712 1586 1757 Plaetorius,
1621 1721 1663 1750 ut
1690 1712 1775 1750 suos
1804 1725 1924 1750 novos

525 1788 682 1839 clientes
704 1799 725 1822 a
743 1783 846 1822 bello
861 1780 1037 1819 faciendo
1056 1779 1255 1824 deterreat,
1277 1788 1320 1817 ut
1339 1792 1474 1817 eorum
1492 1778 1605 1817 iratos
1624 1778 1788 1822 animos,
1808 1786 1925 1830 atque

524 1852 728 1892 horribiles
750 1850 934 1901 impetus,
956 1847 1205 1899 deprecetur:
1238 1854 1316 1890 aut,
1339 1845 1366 1883 si
1386 1859 1463 1883 non
1485 1844 1640 1896 poterit,
1668 1844 1732 1882 M.
1755 1843 1924 1882 Fabium

526 1919 822 1969 subscriptorem
844 1914 924 1964 ejus
946 1912 1182 1964 rogabimus,
1216 1920 1260 1949 ut
1280 1911 1542 1963 Allobrogum
1571 1910 1720 1947 animos
1752 1908 1923 1961 mitiget,

526 1985 712 2037 quoniam
733 1979 833 2032 apud
864 1977 952 2016 illos
974 1977 1185 2016 Fabiorum
1216 1990 1358 2014 nomen
1385 1976 1437 2013 est
1456 1975 1761 2028 amplissimum,
1794 1983 1837 2013 ut
1857 1988 1924 2012 ve-

525 2052 601 2089 lint
631 2048 691 2086 isti
711 2057 775 2084 aut
796 2043 1001 2097 quiescere,
1039 2043 1079 2080 id
1099 2042 1204 2094 quod
1224 2041 1315 2079 visti
1334 2055 1376 2079 ac
1397 2041 1540 2080 subacti
1561 2041 1698 2086 solent,
1724 2051 1804 2086 aut,
1831 2054 1925 2080 cum

527 2117 738 2156 minantur,
771 2109 996 2161 intelligere,
1030 2108 1065 2146 se
1084 2107 1230 2160 populo
1252 2107 1432 2145 Romano
1452 2120 1529 2144 non
1550 2116 1702 2145 metum
1723 2105 1831 2151 belli,
1862 2105 1925 2143 sed

529 2183 634 2235 spem
656 2175 861 2228 triumphi,
883 2174 1090 2212 ostendere.

582 2245 702 2297 Qod
730 2242 755 2280 fi
786 2241 826 2278 in
860 2240 963 2291 turpi
991 2253 1055 2277 reo
1075 2237 1301 2291 patiendum
1321 2251 1399 2275 non
1431 2236 1534 2281 effet,
1566 2245 1609 2275 ut
1629 2235 1845 2288 quidquam
1863 2234 1924 2272 isti

529 2314 564 2352 se
585 2311 701 2350 minis
722 2305 919 2361 profecisse
938 2305 1238 2349 arbitrarentur3
1270 2303 1367 2355 quid
1392 2302 1616 2340 faciendum
1644 2301 1754 2339 vobis
1784 2301 1825 2338 iu
1857 2301 1921 2338 Μ.

527 2378 692 2418 Fonteio
713 2372 950 2412 arbitramini
970 2372 983 2409 ?
1015 2371 1061 2409 de
1082 2383 1161 2422 quo
1181 2368 1356 2413 homine,
1379 2369 1550 2419 Judices,
1574 2368 1675 2419 (jam
1697 2366 1804 2405 enim
1822 2364 1924 2404 mihi

527 2444 659 2482 videor
692 2441 768 2479 hoc
785 2468 796 2484 ,
827 2451 946 2491 prope
977 2436 1086 2475 causa
1117 2434 1264 2474 duabus
1299 2433 1513 2472 actionibus
1548 2442 1719 2486 perorata
1732 2461 1744 2477 ,
1787 2431 1924 2470 debere

527 2509 671 2561 dicere)
705 2507 751 2546 de
781 2518 859 2558 quo
891 2517 957 2543 vos
988 2502 1162 2547 homine,
1196 2501 1373 2552 JudiceS,
1404 2514 1452 2538 ne
1482 2500 1530 2538 ab
1561 2499 1732 2538 inimicis
1763 2497 1924 2551 quidem
