2201 2792
302 149 343 185 17
468 138 1002 176 ARGUMENTA
1068 139 1604 183 ORATIO-NUM.

497 220 604 255 Fidem
622 228 650 254 et
663 219 891 266 ju-gjurandum
909 220 1074 266 neglebium
1088 233 1099 254 .·

498 267 660 312 Sacrificio
677 269 812 313 vetusta,
839 269 1017 316 occultaque
1034 272 1135 304 minus
1151 267 1316 315 diligenter
1333 269 1443 315 fabia,
1466 270 1656 322 pollutaque

305 350 440 385 Monere
465 349 532 384 deos
558 348 761 391 immortales,
794 361 830 383 ne
855 358 913 394 per
939 351 1124 395 optimatum
1151 348 1183 384 d
1175 350 1335 393 scordium
1363 350 1394 384 d
1384 351 1476 398 ffins
1463 362 1616 399 onemque
1638 349 1797 395 patribus<

303 398 554 444 principibusque
581 398 671 432 caedes
695 398 895 445 periculaque
922 406 1077 440 creentur,
1103 398 1277 445 auxilioque
1303 399 1450 436 deminuti
1474 399 1669 443 deficiantur,
1693 409 1798 444 quare

307 445 352 481 ad
367 458 462 482 unum
478 449 640 493 imperium
651 448 829 491 provinciae
846 446 989 489 redeant,
1014 448 1221 494 exercitusque
1232 447 1353 494 pulsus,
1378 450 1600 495 deminutioque
1615 447 1763 483 accedat:

505 527 560 563 Ne
577 527 793 569 deterioribus,
819 527 1000 575 repulsisque
1016 527 1109 563 honos
1126 535 1296 574 augeatur.

309 607 402 648 Ceto
419 608 494 642 sunt
519 607 593 642 haec
613 607 829 655 haruspicum
851 607 1026 654 responsa:
1055 620 1205 655 quorum
1228 620 1271 643 ex
1289 608 1361 651 illo,
1388 608 1463 643 loca
1480 607 1569 642 sacra
1586 618 1621 643 et
1639 606 1793 655 religiosa

310 655 456 704 profana
474 656 605 699 haberi,
634 657 778 692 Clodius
797 657 922 692 AEdilis
945 669 1017 692 cur.
1046 657 1080 692 in
1103 657 1270 693 concione
1294 658 1393 699 dixit,
1421 657 1454 692 in
1473 668 1514 692 ea
1531 657 1628 691 causa
1643 657 1791 692 domum

311 705 378 740 effe
408 705 612 746 Ciceronis,
645 718 751 753 quam
777 717 795 740 a
821 705 852 740 se
881 705 1123 747 consecratam,
1155 705 1336 752 profanam
1368 705 1496 740 haberi.
1546 706 1631 740 Inde
1658 705 1793 751 sumpta

311 753 437 788 Cicero
454 754 628 788 occasione
650 755 717 789 suae
743 755 869 789 domus
894 753 1136 796 defendendae,
1165 755 1360 801 invidiaque
1384 754 1583 796 liberandae,
1609 755 1696 788 hanc
1719 765 1793 788 ora-

311 804 443 838 tionem
469 803 621 837 habuit
614 815 647 837 in
673 803 802 843 senatu,
831 803 863 837 in
883 814 964 849 qua,
992 803 1066 850 post
1083 803 1256 850 expiatam
1277 804 1405 838 aedium
1426 803 1560 837 suarum
1578 803 1794 849 religionem,

314 851 360 886 ita
385 851 419 886 in
446 851 555 898 ipsum
579 852 743 887 Clodium
771 851 817 886 est
843 852 1008 892 inve-stus,
1034 861 1075 886 ut
1095 852 1212 886 omnia
1235 851 1307 886 fere
1333 851 1548 898 haruspicum
1573 852 1726 898 responsa
1751 851 1794 886 ad

314 899 426 946 ipsum
448 901 617 946 pertinere
640 900 848 941 ostenderit,
875 900 996 946 quodfi
1024 901 1109 947 quid
1133 901 1334 935 calamitatis
1359 900 1558 946 reipublicae
1582 901 1794 947 impendeat,

315 947 467 994 ejusdem
496 949 609 983 sceleri
632 949 809 995 furorique
837 949 1077 984 tribuendum.
1126 951 1220 984 Nam
1248 950 1342 996 quod
1363 951 1403 983 ad
1424 949 1576 995 primum
1597 947 1793 995 responsum

315 997 451 1039 attinet,
480 998 570 1032 unde
588 1007 763 1032 commota
790 998 828 1032 sit
852 997 899 1032 ira
923 998 1068 1032 deorum
1096 998 1357 1036 immortalium,
1384 997 1488 1032 Ludos
1511 999 1611 1032 minus
1631 998 1796 1043 diligenter

306 1045 415 1090 fafios
438 1046 650 1092 pollutosque,
683 1058 751 1080 non
783 1047 873 1092 posse
903 1047 1025 1081 Ludos
1057 1047 1157 1088 ullos,
1193 1047 1249 1081 nisi
1281 1046 1469 1092 Megalesia
1496 1046 1688 1092 significari,
1715 1056 1805 1091 quae.

318 1094 462 1130 Clodius
488 1095 613 1129 AEdilis
637 1094 775 1136 fecerat,
802 1095 1039 1141 pollueratque
1065 1094 1239 1130 servorum
1264 1095 1487 1130 multitudine
1517 1096 1549 1129 in
1573 1095 1705 1129 scenam
1734 1095 1798 1128 im-

317 1143 434 1184 missa3
461 1155 540 1177 cum
559 1144 601 1177 ad
621 1155 678 1178 cos
698 1144 797 1178 ludos
816 1143 913 1178 liberi
933 1153 1068 1178 tantum
1087 1143 1243 1178 homines
1263 1144 1423 1178 accedere
1443 1143 1597 1178 solerent
1642 1144 1695 1177 De
1714 1142 1799 1177 locis

317 1191 414 1226 sacris
434 1192 610 1238 religiosis,
639 1193 731 1238 quod
752 1192 939 1226 secundum
958 1191 1152 1239 responsum
1174 1202 1258 1233 erat,
1285 1192 1407 1238 quod
1400 1204 1431 1226 in
1451 1204 1532 1226 eum
1553 1192 1697 1225 Clodius
1715 1203 1799 1226 con-

317 1240 455 1282 tulerat,
484 1241 517 1275 in
537 1240 647 1287 ipsum
666 1250 853 1287 retorquet,
879 1241 1046 1286 dicitque,
1074 1239 1165 1275 suam
1187 1241 1333 1275 domum
1354 1240 1462 1275 tribus
1475 1240 1614 1286 judiciis
1631 1240 1695 1274 esse
1714 1240 1799 1274 libe-

319 1299 454 1329 ratam3
489 1301 595 1335 quam
624 1301 706 1324 vero
731 1291 878 1323 domum
911 1290 1069 1329 Clodius,
1100 1299 1213 1324 vetere
1244 1289 1388 1324 domino
1414 1290 1466 1333 Q
1495 1289 1574 1324 Seio
1605 1287 1798 1329 interferam

320 1347 447 1378 tenear,
474 1338 507 1371 in
535 1350 574 1371 ea
603 1337 774 1378 sacellum,
802 1350 871 1371 aras
897 1337 1005 1372 fuiss‘e.
1059 1338 1096 1372 In
1123 1339 1242 1372 eadem
1275 1338 1371 1373 caula
1395 1338 1492 1384 ponit
1518 1338 1645 1372 amicos
1670 1337 1806 1379 Clodii,

320 1386 366 1421 L.
389 1387 557 1427 Pisonem,
586 1386 645 1432 qui
665 1387 788 1420 Dianse
808 1386 965 1420 sacellum
985 1388 1018 1421 in
1037 1387 1205 1421 Caeliculo
1223 1387 1409 1427 sustulerat,
1437 1397 1470 1420 et
1497 1388 1576 1421 Sex.
1601 1387 1800 1427 Serranum,

320 1435 382 1481 qui
412 1434 528 1469 sacella
556 1434 748 1477 suffoderat,
777 1436 983 1476 incenderat,
1012 1435 1244 1477 inaedificarat‚
1271 1436 1489 1482 oppresserat.
1549 1435 1588 1469 In
1621 1435 1722 1469 tertio
1751 1446 1801 1469 re-

321 1483 453 1529 sponsu,
489 1485 641 1518 Oratores
673 1491 782 1517 contro
802 1484 862 1529 jus
888 1484 999 1531 fasque
1029 1484 1216 1529 ἱηίενίεὲἳω,
1249 1485 1370 1525 notari,
1401 1484 1459 1525 ait,
1487 1484 1592 1517 scelus
1624 1483 1736 1518 Clodii
1768 1493 1804 1518 et

323 1533 477 1572 Pisonis,
504 1544 651 1578 quorum
673 1533 727 1567 ille
743 1533 979 1567 Theodosium
994 1532 1136 1574 Chium,
1163 1534 1316 1580 legatum
1338 1546 1356 1568 a
1374 1533 1478 1566 libera
1497 1533 1634 1567 civitate
1654 1533 1804 1573 missum,

324 1581 388 1615 sica
410 1582 676 1628 percutiendum
702 1582 884 1622 curaverit,
913 1582 966 1615 hic
988 1582 1170 1616 Platonem
1192 1594 1232 1616 ex
1257 1582 1425 1621 Orestide,
1454 1581 1559 1615 libera
1583 1580 1805 1615 Macedoniae

324 1640 437 1675 parte,
464 1642 543 1664 cum
570 1631 610 1663 ad
630 1629 658 1663 s:
677 1631 810 1676 legatus
836 1630 987 1672 venisset,
1014 1631 1239 1666 crudelissima
1263 1642 1344 1664 nece
1363 1630 1521 1664 affecerit.
1573 1631 1723 1674 Quarto,
1750 1631 1806 1664 Fi-

324 1677 391 1712 dem
415 1686 445 1712 et
460 1678 690 1725 jusjurandum
709 1678 890 1724 neglelium,
916 1679 1083 1725 designari
1101 1678 1234 1725 judices
1263 1679 1350 1721 illos,
1381 1680 1439 1725 qui
1461 1678 1640 1713 manifesto
1661 1678 1813 1713 incestus⁴

326 1728 469 1762 crimine
488 1727 653 1761 Clodium
673 1738 791 1762 contra
814 1728 918 1762 fidem
938 1726 1227 1774 etjusjurandum
1247 1728 1467 1762 absolverant.
1524 1729 1560 1761 ln
1583 1727 1720 1773 quin-to,
1749 1728 1807 1761 Sa-

326 1775 443 1818 crificio
462 1776 583 1819 vetusta
601 1777 773 1822 occultaque
790 1778 888 1811 minus
906 1775 1069 1822 diligenter
1083 1776 1193 1822 soffia,
1212 1777 1399 1823 pollutaque,
1419 1776 1518 1810 facile
1536 1776 1650 1810 Clodii
1669 1777 1807 1823 culpam

327 1825 478 1871 agnosci,
505 1825 570 1870 qui-
595 1824 680 1859 sacra
706 1826 812 1859 Bonae
839 1826 925 1867 deae,
953 1826 1114 1860 omnium
1134 1826 1352 1860 vetustissima
1374 1836 1408 1859 et
1427 1824 1662 1866 occultissima,
1689 1826 1815 1871 stupro.

328 1873 458 1908 nefario
489 1874 668 1919 polluisset.
722 1874 878 1914 Sextum,
909 1875 948 1908 ad
978 1874 1142 1909 Clodium
1168 1886 1211 1908 ex
1242 1884 1337 1920 parte
1362 1874 1510 1920 quadam
1537 1873 1695 1928 speetare,
1727 1874 1808 1919 quia

329 1921 530 1957 discordiam
554 1922 776 1967 optimatium
807 1923 1006 1962 moliretur3
1034 1934 1075 1956 ex
1101 1923 1163 1956 alia
1191 1932 1285 1967 parte
1308 1923 1348 1957 ad
1368 1922 1552 1967 optimates
1573 1922 1658 1968 ipsos
1677 1923 1764 1956 inter
1781 1922 1812 1957 se

330 1972 537 2005 dissidentes.
590 1971 800 2016 Septimum,
835 1971 888 2005 Ne
917 1970 1133 2012 deterioribus,
1165 1972 1346 2018 repustsque
1375 1971 1467 2005 honos
1496 1978 1663 2016 augentur,
1699 1971 1815 2005 distri,

332 2020 452 2054 buitur
476 2018 507 2052 in
529 2020 706 2053 Vatinium
731 2029 764 2053 et
787 2020 964 2054 Clodium.
1018 2019 1203 2066 Repulsam
1228 2022 1320 2054 enim
1347 2020 1470 2054 tulerat
1489 2019 1647 2053 Vatinius
1673 2019 1704 2053 in
1724 2020 1812 2066 peti-

334 2069 426 2102 tione
453 2067 649 2101 adilitiris:
679 2068 882 2102 deterrimus
906 2078 1021 2102 autem
1044 2069 1202 2103 omnium
1225 2069 1422 2104 mortalium
1448 2068 1590 2103 Clodius
1618 2068 1819 2111 videbatur,

333 2118 392 2164 qui
411 2125 580 2163 parentes,
610 2117 690 2150 deos
711 2117 934 2159 immortales,
961 2118 1104 2164 patriam
1124 2117 1263 2153 laefisset.

443 2219 601 2271 Argum.
887 2219 966 2258 Pro
996 2222 1062 2259 Cn.
1096 2220 1260 2259 Plancio.
1645 2233 1683 2272 p.
1713 2232 1806 2272 433.

381 2306 482 2339 Curii
510 2304 710 2339 aedilitatcm
740 2304 835 2339 simul
861 2306 1018 2351 petissent
1041 2306 1107 2340 Cn.
1131 2307 1289 2341 Plancius
1316 2315 1349 2340 et
1375 2305 1428 2340 M.
1452 2305 1579 2350 Junius
1606 2304 1812 2346 Laterensis,

333 2365 466 2388 creatus
494 2353 603 2387 :edilis
633 2354 679 2388 est
708 2354 881 2395 Plancius,
921 2355 1113 2390 Laterensis
1148 2357 1353 2401 praeterituS.
1413 2355 1496 2401 Qua
1532 2354 1588 2388 ille
1623 2353 1815 2400 ignominia

333 2412 528 2438 commotus
551 2403 729 2438 Plancium
756 2415 798 2440 ex
823 2403 899 2450 lege
924 2403 1060 2439 Licinia
1085 2403 1121 2440 de
1145 2404 1302 2441 Sodalitiis
1328 2403 1362 2440 h.
1381 2414 1411 2439 e.
1440 2402 1647 2440 coitionibus
1673 2403 1716 2438 ad
1739 2413 1815 2437 cor·
