2201 2792
621 115 1052 156 ACTIONISII.
1112 115 1322 154 LIBER
1353 116 1402 152 v.
1633 128 1710 166 449

319 228 434 272 atque
454 218 617 257 amentis
639 217 814 269 tyranni:
846 215 992 259 statuit,
1026 215 1052 253 fi
1083 214 1159 252 hoc
1180 213 1328 252 crimen
1349 222 1553 251 extenuare
1584 214 1712 257 vellet,

323 286 430 337 (nam
461 286 623 324 omnino
655 284 742 323 tolli
776 282 878 337 poffe
908 296 987 320 non
1016 281 1285 333 arbitrabatur)
1322 279 1530 318 navarchos
1563 293 1713 324 omnes,

320 351 429 390 testes
466 351 521 390 sui
555 351 718 396 sceleris,
750 350 828 388 vita
858 348 928 387 effe
964 347 1182 401 privandos.
1222 346 1464 384 Occurrebat
1496 345 1560 383 illa
1592 346 1713 382 ratio:

321 418 431 469 Qid
453 418 664 456 Cleomene
689 416 755 455 fiet
773 417 786 454 ?
818 424 1001 470 poterone
1020 414 1319 453 animadvertere
1337 413 1378 451 in
1397 424 1476 458 eos,
1498 425 1594 465 quos
1616 410 1719 448 dicto

321 485 516 523 audientes
543 484 613 523 effe
634 483 749 536 juffi3
781 482 940 521 missum
970 481 1094 520 facere
1114 494 1220 526 eum,
1251 480 1316 518 cui
1348 479 1559 533 imperium
1589 477 1718 530 potes-

322 561 520 604 tatemque
540 551 693 605 permifi
713 552 725 588 ?
757 559 942 604 poterone
962 562 1025 587 eos
1046 549 1195 586 afficere
1220 547 1422 600 supplicio,
1445 547 1514 599 qui
1536 546 1719 584 Cleome—

252 616 263 621 “
322 632 414 657 nem
436 619 555 656 secuti
576 618 690 662 sunt3
722 616 916 668 ignoscere
938 614 1158 659 Cleomeni,
1190 613 1258 665 qui
1289 613 1419 651 secum
1448 611 1594 664 fugere,
1627 620 1666 649 et
1687 610 1722 648 se

323 685 520 736 consequi,
532 683 668 736 juffit?
690 691 874 736 poterone
895 681 936 719 in
956 694 1020 719 eos
1040 679 1111 718 effe
1131 678 1354 724 vehemens,
1372 679 1441 731 qui
1463 691 1573 716 naves
1590 678 1721 715 inanes

325 765 404 790 non
424 751 542 789 modo
562 749 796 794 habuerunt,
818 748 881 787 sed
900 749 1019 786 etiam
1038 756 1183 800 apertas
1199 765 1211 791 3
1244 747 1284 784 in
1304 759 1394 784 eum
1416 745 1631 788 dissolutus,
1654 744 1724 796 qui

324 817 424 857 solus
445 817 625 856 habuerit
656 815 886 855 constratam
907 828 1057 860 navem,
1088 823 1127 852 et
1147 814 1275 852 minus
1296 812 1559 851 exinanitam?
1592 811 1724 848 Pereat

327 885 557 923 Cleomenes
579 897 666 922 una.
705 883 787 921 Ubi
807 882 900 920 fides
920 882 932 919 ?
960 882 1027 919 ubi
1047 880 1304 919 execrationes
1325 880 1337 916 ?
1361 879 1428 916 ubi
1448 878 1589 916 dextrae
1611 890 1722 915 com-

326 949 568 1003 plexusque?
601 950 669 987 ubi
703 948 802 986 illud
833 947 1133 986 contubernium
1165 945 1366 984 muliebris
1398 944 1549 982 militiae
1584 943 1625 980 in
1654 942 1725 980 illo

327 1015 597 1055 delicatissimo
628 1014 768 1053 litore?
800 1014 903 1052 Fieri
938 1013 1047 1051 nullo
1067 1012 1185 1050 modo
1205 1019 1367 1064 poterat,
1403 1010 1500 1062 quin
1521 1008 1727 1047 Cleomeni

328 1092 559 1137 parceretur.

385 1152 642 1189 Cleomenem
662 1157 774 1187 vocat
791 1163 800 1187 ε
831 1148 928 1186 dicit
948 1147 996 1192 ei,
1022 1146 1057 1184 se
1078 1144 1239 1185 statuiffe
1258 1144 1557 1183 animadvertere
1577 1143 1618 1180 in
1637 1155 1726 1180 om-

330 1231 395 1255 nes
417 1215 651 1260 navarch033
684 1216 737 1252 ita
757 1215 813 1252 sui
833 1214 996 1267 periculi
1017 1214 1180 1251 rationes
1201 1211 1312 1256 ferre,
1334 1225 1376 1248 ac
1397 1210 1599 1263 postulare.
1631 1207 1730 1246 Tibi

330 1285 398 1322 uni
419 1296 587 1336 parcam,
618 1291 657 1319 et
691 1282 809 1319 totius
841 1281 947 1319 istius
981 1279 1104 1332 culpae
1131 1279 1295 1323 crimen,
1328 1277 1730 1330 vituperationemque

330 1349 608 1394 inconstantiae,
630 1349 759 1401 potius
781 1347 998 1400 suscipiam,
1021 1359 1138 1398 quam
1160 1354 1226 1382 aut
1246 1345 1285 1382 in
1308 1355 1344 1382 te
1365 1343 1434 1381 fim
1455 1341 1635 1386 crudelis,
1665 1351 1730 1378 aut

330 1426 390 1456 tot
410 1425 489 1455 tam
524 1428 654 1468 graves
676 1414 785 1453 testes
807 1414 912 1452 vivos
942 1411 1234 1464 incolumesque
1254 1410 1325 1449 effe
1352 1410 1486 1462 patiar.
1519 1408 1616 1460 Agit
1641 1421 1729 1459 gra-

330 1485 401 1523 tias
434 1484 679 1526 Cleomenes,
715 1480 900 1533 approbat
931 1478 1160 1522 consilium3
1204 1477 1313 1522 dicit,
1348 1477 1400 1515 ita
1430 1475 1512 1514 fieri
1540 1484 1728 1527 oportere.

335 1551 534 1589 Admonet
554 1559 683 1587 tamen
705 1546 817 1591 illud,
840 1545 945 1598 quod
966 1545 1082 1582 istum
1103 1543 1266 1597 fugerat,
1300 1544 1339 1580 in
1362 1541 1596 1594 Phalargum
1624 1542 1731 1579 Cen-

334 1617 567 1669 turipinum,
600 1612 850 1656 navarchum‚
884 1625 962 1649 non
994 1610 1094 1663 poffe
1114 1609 1380 1654 animadverti,
1409 1617 1607 1661 propterea
1627 1606 1733 1659 quod

334 1683 464 1722 secum
495 1680 623 1719 fuiffet
653 1679 730 1718 una
763 1680 804 1717 in
826 1677 1081 1730 Centuripina
1101 1675 1349 1729 quadriremi.
1384 1673 1492 1725 Qid
1512 1674 1633 1725 ergo?
1664 1672 1733 1710 iste

335 1749 456 1788 homo
476 1762 523 1786 ex
545 1746 733 1800 ejusmodi
754 1746 922 1789 civitate,
954 1743 1169 1781 adolescens
1191 1741 1462 1785 nobiliffimus‚
1491 1739 1592 1778 testis
1613 1738 1732 1777 relin-

335 1815 507 1868 quetur?
540 1815 585 1852 In
616 1813 824 1866 praesenfia,
858 1811 987 1863 inquit
1009 1810 1254 1852 Cleomenes,
1291 1808 1476 1860 quoniam
1506 1807 1559 1844 ita
1589 1804 1734 1843 neceffe

336 1882 412 1927 est,
445 1881 506 1919 sed
527 1880 610 1933 post
630 1879 776 1932 aliquid
796 1878 1030 1922 videbimus,
1054 1890 1100 1914 ne
1121 1876 1187 1913 iste
1209 1875 1319 1913 nobis
1340 1873 1484 1912 obstare
1507 1872 1630 1925 poffit.

392 1949 503 1986 XLI.
536 1948 635 1985 Haec
670 1945 916 1998 posteaquam
937 1945 1017 1981 acta
1047 1952 1085 1980 et
1116 1942 1322 1980 constituta
1344 1940 1442 1984 sunt,
1476 1938 1650 1991 procedit
1670 1937 1737 1975 iste

338 2023 493 2067 repente
522 2027 542 2051 e
562 2013 753 2066 praetorio,
776 2011 1037 2049 inflammatus
1059 2009 1209 2053 scelere,
1246 2008 1387 2052 furore,
1419 2006 1657 2044 crudelitate.
1690 2005 1736 2041 111

338 2080 469 2118 forum
491 2080 618 2117 venit:
642 2076 848 2116 navarchos
870 2077 995 2115 vocari
1011 2076 1137 2128 jubet.
1162 2075 1242 2126 Qi
1263 2073 1360 2111 nihil
1383 2081 1614 2115 metuerent,
1638 2069 1736 2107 nihil

340 2147 630 2200 suspicarentur,
663 2145 790 2182 statim
811 2152 1030 2181 accurrunt.
1064 2142 1136 2179 Iste
1167 2140 1394 2178 hominibus
1426 2139 1585 2183 miseris,
1621 2138 1737 2174 inno-

341 2213 608 2265 centibusque,
631 2212 736 2263 injici
761 2219 911 2248 catenas
932 2210 1108 2262 imperat.
1144 2207 1354 2260 Implorare
1387 2206 1443 2244 illi
1467 2205 1581 2243 fidem
1604 2202 1739 2255 populi

343 2280 527 2325 Romani,
545 2289 597 2324 et,
620 2291 735 2331 quare
756 2278 794 2315 id
815 2275 968 2321 faceret,
991 2288 1134 2328 rogare.
1167 2276 1283 2312 Tunc
1312 2274 1377 2310 iste
1398 2272 1472 2309 hoc
1494 2270 1610 2308 causae
1630 2268 1738 2311 dicit,

345 2347 449 2398 quod
469 2345 621 2384 class‘em
655 2345 905 2398 praedonibus
921 2341 1183 2395 prodidissent.
1218 2342 1281 2378 Fit
1303 2340 1447 2376 clamor
1475 2346 1511 2374 et
1538 2335 1739 2372 admiratio

351 2412 498 2464 populi,
521 2421 666 2450 tantam
687 2411 758 2450 effe
778 2411 816 2448 in
839 2409 999 2450 homine
1019 2407 1301 2461 impudentiam
1331 2414 1443 2455 atque
1466 2401 1674 2445 audaciam,
1700 2410 1740 2437 ut

433 2480 500 2516 To
513 2491 563 2516 M.
588 2478 659 2516 IV.
1342 2471 1374 2508 L
1397 2469 1406 2505 l
1431 2469 1439 2502 1
