2201 2792
481 159 552 211 156
896 155 987 194 IN
1058 155 1438 195 VERREM

472 270 514 295 ac
534 256 707 309 periculo
727 269 804 294 non
825 256 983 309 poffitis.
1028 258 1121 295 Non
1142 257 1246 294 enim
1267 256 1387 309 potest
1418 256 1560 308 sperare
1589 254 1755 308 populus
1783 253 1866 290 Ro·

472 336 608 360 manus
629 322 698 360 effe
717 323 809 360 alios
830 324 870 360 in
892 323 1033 368 senatu,
1067 324 1135 375 qui
1155 325 1253 360 reste
1272 322 1411 374 poffint
1436 322 1621 373 judicare,
1650 333 1715 358 vos
1736 320 1763 357 fi
1791 331 1868 356 non

471 388 687 439 potueritis.
706 387 865 425 Necesse
884 388 949 432 est,
966 402 1057 426 cum
1079 388 1125 425 de
1146 396 1228 426 toto
1248 387 1380 425 ordine
1395 386 1609 439 desperarit,
1626 384 1729 422 aliud
1749 395 1868 436 genus

472 451 695 497 hominum,
732 462 845 504 atque
875 454 988 491 aliam
1022 453 1207 491 rationem
1233 452 1471 504 judiciorum
1498 451 1677 503 requirat.
1721 451 1812 488 Hoc
1843 448 1868 485 si

474 517 583 555 vobis
604 518 689 556 ideo
708 518 826 556 levius
848 519 1009 563 videtur,
1032 518 1137 570 quod
1156 518 1298 570 putatis
1318 530 1416 555 onus
1436 515 1507 554 effe
1526 529 1639 568 grave
1658 523 1696 552 et
1716 515 1868 552 incom-

473 584 650 628 modum,
678 583 874 634 judicare,
907 584 1120 636 intelligere
1151 583 1310 628 debetis,
1333 583 1506 635 primum
1534 580 1718 624 intereffe,
1740 577 1871 617 utrum

473 648 515 686 id
534 663 630 686 onus
652 649 869 702 vosmetipsi
890 650 1117 702 rejeceritis;
1150 663 1210 694 an,
1232 649 1337 701 quod
1358 648 1515 701 probare
1530 646 1675 699 populo
1694 646 1873 683 Romano

473 714 592 752 fidem
612 715 769 754 vestram
803 725 840 754 et
860 716 1087 769 religionem
1120 729 1197 753 non
1217 715 1432 768 potueritis,
1464 727 1508 752 eo
1533 713 1641 751 vobis
1670 709 1873 764 judicandi

473 780 635 832 potestas
656 790 782 834 erepta
801 782 859 819 fit.
892 783 1044 820 Deinde
1063 782 1179 820 etiam
1209 781 1307 819 illud
1328 781 1507 833 cogitate,
1538 787 1683 832 quanto
1702 775 1874 830 periculo

474 846 626 883 venturi
645 846 762 884 fimus
783 846 828 884 ad
848 860 910 885 eos
936 847 1102 899 judices,
1123 860 1219 900 quos
1236 855 1390 899 propter
1410 845 1545 884 odium
1564 843 1675 883 vestri
1706 841 1873 895 populus

473 910 676 950 Romanus
696 912 742 950 de
760 913 869 951 vobis
890 913 1053 951 voluerit
1067 914 1254 965 judicare.

529 976 677 1016 Verum
697 979 805 1017 vobis
825 979 952 1017 dicam
971 979 1024 1024 id,
1055 979 1160 1031 quod
1180 979 1366 1022 intellexi,
1384 978 1552 1028 Judices.
1585 975 1779 1014 Homines
1800 971 1874 1010 sci-

473 1051 553 1081 tote
572 1043 642 1081 effe
676 1044 875 1096 quosdam,
906 1058 1002 1096 quos
1037 1054 1191 1082 tantum
1210 1044 1346 1082 odium
1366 1043 1477 1080 vestri
1496 1041 1640 1080 ordinis
1662 1047 1800 1084 teneat,
1830 1046 1875 1076 ut

472 1107 548 1147 hoc
568 1110 696 1161 palam
723 1110 808 1161 jam
842 1111 1032 1155 dielitent,
1063 1110 1098 1147 se
1117 1110 1248 1154 istum,
1279 1122 1397 1160 quem
1428 1109 1547 1146 sciant
1575 1106 1645 1145 effe
1671 1105 1876 1144 hominem

473 1173 815 1226 improbiffimum,
845 1174 920 1212 hoc
941 1188 1020 1213 uno
1039 1175 1199 1212 nomine
1218 1173 1362 1210 absolvi
1387 1172 1499 1216 velle,
1530 1181 1573 1209 ut
1592 1172 1639 1208 ab
1660 1170 1788 1208 senatu
1804 1169 1873 1220 ju-

474 1239 575 1277 dicia
604 1253 671 1291 per
704 1240 977 1291 ignominiam,
1013 1238 1373 1290 turpitudinemque
1405 1236 1635 1274 auferantur.
1667 1236 1765 1272 Haec
1796 1247 1874 1279 me,

474 1303 645 1353 Judices,
667 1303 843 1356 pluribus
863 1303 988 1341 verbis
1008 1302 1209 1341 vobiscum
1243 1315 1350 1354 agere
1369 1302 1495 1354 coegit
1519 1315 1596 1339 non
1628 1301 1744 1338 timor
1765 1311 1874 1337 meus

474 1368 521 1405 de
540 1368 658 1406 vestra
677 1368 765 1413 fide,
797 1368 858 1405 sed
878 1368 958 1420 spes
989 1368 1147 1406 illorum
1169 1380 1279 1411 nova,
1310 1381 1394 1419 quae
1420 1380 1512 1404 cum
1532 1367 1695 1403 Verrem
1715 1378 1735 1401 a
1763 1371 1875 1415 porta

474 1432 602 1471 subito
632 1433 889 1485 adjudicium
924 1433 1143 1478 retraxisset,
1175 1432 1353 1471 nonnulli
1388 1431 1563 1484 suspicati
1590 1430 1677 1468 sunt
1696 1442 1774 1468 non
1799 1428 1876 1466 fine

475 1499 584 1536 causa
602 1499 707 1536 illius
728 1499 932 1537 consilium
954 1508 1033 1537 tam
1053 1507 1207 1551 repente
1227 1498 1297 1536 esse
1317 1506 1526 1535 mutatum.

530 1565 602 1602 IX.
635 1565 770 1610 Nunc,
801 1578 849 1602 ne
880 1578 980 1603 novo
999 1564 1248 1617 querimoniae
1268 1577 1403 1616 genere
1423 1563 1481 1601 uti
1500 1561 1611 1615 poffit
1631 1560 1874 1604 Hortensius,

474 1641 511 1670 et
531 1645 572 1669 ea
592 1632 731 1676 dicere,
762 1631 931 1683 opprimi
951 1644 1073 1675 reum,
1105 1631 1151 1668 de
1170 1643 1248 1682 quo
1280 1628 1379 1667 nihil
1400 1628 1501 1666 dicat
1528 1627 1744 1671 accusator3
1776 1625 1876 1663 nihil

473 1702 545 1741 effe
565 1711 644 1740 tam
664 1698 922 1753 periculosum
942 1696 1108 1735 fortunis
1139 1696 1421 1740 innocentium,
1452 1708 1571 1747 quam
1601 1703 1722 1732 tacere
1742 1693 1876 1731 adver-

475 1770 616 1814 sarios;
648 1776 685 1805 et
705 1779 753 1804 ne
772 1765 893 1809 aliter,
924 1777 1042 1816 quam
1073 1777 1146 1816 ego
1171 1763 1302 1807 velim,
1337 1776 1470 1801 meum
1502 1761 1632 1799 laudet
1660 1759 1875 1812 ingenium,

475 1850 568 1874 cum
584 1834 700 1877 dicat,
718 1845 794 1875 me,
812 1830 837 1868 fi
859 1830 983 1868 multa
998 1829 1187 1873 dixissem,
1205 1829 1493 1866 sublevaturum
1508 1827 1616 1864 fuiffe
1635 1839 1739 1870 eum,
1757 1837 1876 1877 quem

475 1910 609 1939 contra
628 1899 819 1939 dicerem;
852 1895 942 1946 quia
975 1907 1053 1930 non
1072 1893 1251 1937 dixerim,
1279 1892 1505 1944 perdidiffe3
1537 1904 1687 1928 morem
1713 1890 1773 1927 illi
1805 1903 1875 1942 ge-

478 1980 583 2004 ram:
616 1973 698 2001 utar
718 1961 888 1999 oratione
918 1966 1100 2011 perpetua
1117 1977 1128 2003 5
1161 1971 1238 1995 non
1259 1958 1442 2010 quoniam
1471 1956 1546 1994 hoc
1567 1956 1611 1994 fit
1631 1955 1787 2001 necesse,
1808 1969 1875 1994 ve-

479 2044 565 2069 rum
587 2038 629 2067 ut
650 2026 832 2080 experiar,
854 2033 985 2062 utrum
1006 2023 1071 2061 ille
1091 2022 1186 2061 ferat
1207 2023 1417 2067 molestius,
1443 2035 1505 2060 me
1526 2030 1619 2060 tunc
1641 2020 1806 2066 tacuisse,
1829 2034 1877 2060 an

479 2110 581 2135 nunc
602 2095 740 2132 dicere.

532 2162 615 2200 Hic
651 2169 693 2197 tu
727 2157 876 2196 fortaffe
895 2156 966 2193 eris
1003 2156 1183 2208 diligens,
1218 2169 1264 2192 ne
1287 2168 1403 2207 quam
1435 2168 1506 2207 ego
1533 2153 1669 2192 horam
1699 2153 1747 2191 de
1779 2152 1875 2190 meis

478 2226 663 2280 legitimis
697 2223 800 2262 horis
836 2222 1058 2259 remittam:
1091 2221 1159 2258 nisi
1181 2221 1289 2258 omni
1311 2230 1496 2273 tempore,
1532 2219 1637 2271 quod
1662 2216 1763 2256 mihi
1792 2217 1876 2268 lege

479 2291 698 2331 conceffum
718 2290 783 2334 est,
798 2288 933 2326 abusus
952 2300 1029 2331 ero,
1043 2287 1222 2338 querere3
1246 2286 1377 2324 Deum
1397 2295 1510 2337 atque
1530 2284 1738 2322 hominum
1758 2281 1876 2320 fidem

478 2357 704 2410 implorabis
721 2375 733 2401 ;
765 2353 1035 2394 circumveniri
1055 2354 1102 2390 C.
1122 2352 1298 2396 Verrem,
1318 2352 1423 2404 quod
1443 2350 1635 2388 accusator
1655 2349 1753 2387 nolit
1774 2357 1875 2386 tam-

479 2425 560 2469 diu,
583 2422 769 2477 quamdiu
787 2421 913 2466 liceat,
949 2419 1086 2458 dicere.
1123 2418 1241 2469 Qod
1263 2417 1362 2456 mihi
1392 2418 1454 2455 lex
1475 2416 1560 2454 mea
1583 2415 1694 2454 causi).
1724 2414 1800 2461 det,
1830 2427 1875 2453 eo
