2201 2792
558 147 688 188 PRO
721 145 858 184 SEX.
890 143 1148 183 ROSCIO
1179 143 1534 184 AMERINO.
1706 161 1754 200 71

349 260 436 288 tum
468 245 666 299 singularis
701 243 859 283 audacia
897 242 1116 282 ostendatur
1150 241 1295 281 neceffe
1328 242 1380 280 est
1392 261 1403 287 ς
1450 257 1575 295 neque
1605 244 1761 283 audacia

348 315 487 358 solum,
510 312 572 350 sed
594 312 776 350 summus
791 309 900 350 furor
919 319 1035 362 atque
1055 310 1235 348 amentia.
1286 310 1386 348 Haec
1408 323 1500 347 cum
1523 309 1594 347 fint
1614 312 1760 356 omnia,

346 390 475 419 tamen
496 388 628 418 extent
649 387 804 432 oportet
828 377 998 432 expressa
1016 377 1165 418 sceleris
1187 377 1355 430 vestigia,
1389 377 1472 421 ubi,
1505 390 1582 429 qua
1603 378 1761 421 ratione,

347 460 415 500 per
434 459 547 499 quoti,
571 459 650 498 quo
671 455 846 499 ternpore
866 444 1105 484 maleficium
1125 443 1171 483 fit
1190 443 1410 483 admifl‘um.
1444 445 1544 495 Qae
1564 443 1632 481 nisi
1654 444 1761 481 niul-

347 523 384 552 ta
404 523 442 552 et
462 512 663 552 manifesta
681 512 783 557 sunt,
814 511 987 565 profecto
1008 525 1064 550 res
1100 523 1179 550 tam
1212 510 1376 556 scelesta,
1412 520 1492 549 tam
1527 520 1650 555 atrox,
1683 520 1763 548 tam

347 579 491 619 nefaria
522 580 626 618 credi
646 593 724 619 non
744 579 882 632 potest.
916 578 1065 632 Magna
1085 578 1137 616 est
1152 577 1258 616 enim
1279 577 1334 616 vis
1352 576 1630 616 humanitatis:
1654 577 1763 622 mul—

347 656 435 685 tum
456 647 556 686 valet
575 646 806 686 communio
831 645 1053 698 sanguinis:
1085 645 1301 683 reclamitat
1331 644 1546 682 istiusmodi
1577 643 1763 696 suspicio-

346 714 462 752 nibus
482 714 562 766 ipsa
580 723 742 752 natura:
774 721 1002 766 portentum
1033 721 1148 765 atque
1171 711 1389 751 monstrum
1421 710 1676 750 certiffimum
1696 710 1762 755 est,

347 778 419 819 effe
438 779 611 832 aliquem
643 778 815 819 humana
848 778 972 831 specie
1005 787 1043 819 et
1063 778 1199 832 figura,
1233 778 1301 830 qui
1332 786 1486 821 tantum
1520 776 1765 814 immanitate

347 846 482 886 bestias
502 847 652 892 vicerit,
674 856 731 892 ut,
762 855 922 900 propter
940 859 1036 899 quos
1056 845 1157 885 hanc
1178 845 1435 885 suaviffimam
1456 845 1587 883 lucem
1607 844 1764 896 aspexe-

348 913 412 958 rit,
442 927 506 953 eos
527 913 791 967 indignissime
824 913 913 952 luce
932 913 1115 966 privarit;
1147 926 1240 952 cum
1275 913 1393 951 etiam
1427 911 1524 951 feras
1559 911 1660 953 inter
1692 909 1765 955 sese

348 990 495 1032 partus,
523 990 640 1032 atque
659 981 853 1025 educatio,
873 990 911 1019 et
932 990 1067 1019 natura
1087 980 1165 1033 ipsa
1185 980 1382 1018 conciliet.

406 1047 562 1084 XXIII.
594 1046 691 1084 Non
722 1046 775 1083 ita
795 1045 932 1084 multis
953 1055 1041 1083 ante
1061 1047 1170 1084 annis
1192 1047 1314 1091 aiunt,
1347 1047 1400 1085 T.
1425 1045 1617 1085 Cloelium
1638 1057 1764 1096 quen=

349 1112 440 1150 dam
472 1110 806 1156 Tarracinensem,
850 1109 1056 1150 hominem
1090 1125 1170 1149 non
1201 1111 1430 1156 obscurum,
1468 1125 1561 1149 cum
1591 1120 1765 1148 coenatus

350 1177 531 1215 cubitum
552 1177 592 1214 in
612 1177 718 1214 idem
739 1176 922 1214 conclave
942 1189 1034 1214 cum
1055 1178 1208 1215 duobus
1228 1177 1534 1216 adolescentibus
1556 1176 1646 1214 filiis
1668 1176 1764 1221 iffee,

349 1243 554 1281 inventum
575 1241 645 1280 effe
666 1254 779 1280 mane
794 1241 1040 1294 jugulatum.
1057 1243 1164 1280 Cum
1185 1255 1312 1294 neque
1332 1242 1458 1281 servus
1480 1242 1685 1294 quisquam
1705 1256 1764 1285 ren

350 1310 553 1364 periretur,
583 1322 711 1360 neq-ue
732 1308 844 1352 liber,
867 1307 913 1346 ad
935 1321 1056 1360 quem
1073 1321 1117 1346 ea
1136 1308 1302 1361 suspicio
1321 1309 1528 1361 pertineret
1541 1327 1553 1353 ς
1586 1308 1626 1345 id
1647 1309 1766 1346 aetatis

350 1387 481 1416 autem
498 1377 580 1415 duo
599 1376 673 1414 filii
703 1384 861 1429 propter
880 1375 1065 1414 cubantes
1097 1389 1146 1414 ne
1165 1375 1308 1414 senfiffe
1328 1376 1490 1428 quidem
1511 1375 1547 1414 se
1568 1376 1764 1420 dicerent,

350 1444 511 1483 nomina
530 1443 704 1482 filiorum
735 1443 782 1480 de
811 1442 1020 1496 parricidio
1048 1442 1172 1481 delata
1197 1442 1299 1481 sunt.
1344 1442 1453 1494 Qid
1484 1442 1642 1495 postea?
1674 1443 1768 1488 Erat

351 1511 438 1552 sane
456 1509 724 1564 suspiciosum,
754 1509 958 1548 Neutrum
988 1508 1162 1548 sensisse?
1193 1509 1351 1548 Ausum
1374 1518 1506 1548 autem
1526 1508 1597 1547 effe
1624 1522 1766 1561 quem-

348 1591 470 1630 quam
501 1576 537 1615 se
570 1577 612 1615 in
647 1575 689 1615 id
719 1576 903 1615 conclave
933 1576 1197 1621 committere,
1228 1589 1273 1614 eo
1302 1575 1546 1628 potiffimum
1576 1584 1766 1628 tempore,

350 1657 445 1682 cum
464 1644 612 1682 ibidem
643 1642 762 1681 effent
787 1643 865 1682 duo
891 1643 1145 1682 adolescentes
1176 1643 1264 1688 filii,
1295 1643 1364 1695 qui
1395 1652 1434 1682 et
1462 1643 1600 1682 sentire
1626 1652 1665 1681 et
1698 1642 1768 1680 de-

351 1709 507 1748 fendere
528 1709 643 1748 facile
669 1708 847 1762 poffent?
879 1709 973 1747 Erat
1004 1723 1119 1762 porro
1150 1723 1282 1753 nemo,
1313 1710 1355 1747 in
1385 1723 1505 1760 quem
1532 1722 1577 1747 ea
1604 1708 1769 1760 suspicio

351 1776 589 1815 conveniret.
622 1777 792 1821 Tamen,
813 1789 907 1814 cum
927 1775 1091 1828 planum
1111 1775 1312 1827 judicibus
1334 1774 1423 1812 effet
1441 1773 1604 1819 fastum,
1636 1782 1769 1826 aperto

351 1842 449 1882 ostio
470 1842 704 1881 dormientes
738 1855 802 1880 eos
823 1851 992 1895 repertos
1014 1842 1100 1888 effe,
1125 1842 1277 1894 judicio
1307 1840 1472 1879 absoluti
1498 1840 1768 1886 adolescentes,

351 1920 391 1948 et
410 1909 625 1963 suspicione
655 1909 766 1947 omni
794 1909 946 1946 liberati
968 1908 1069 1946 sunt.
1116 1908 1250 1946 Nemo
1281 1908 1388 1946 enim
1419 1907 1593 1961 putabat,
1624 1920 1767 1959 quem-

350 1990 472 2030 quam
506 1975 592 2021 effe,
624 1975 707 2028 qui,
739 1988 831 2013 cum
852 1975 986 2013 omnia
1015 1974 1146 2019 divina
1179 1984 1296 2027 atque
1320 1972 1492 2012 humana
1515 1974 1604 2026 jura
1633 1972 1770 2012 scelere

352 2041 499 2081 nefario
533 2041 742 2095 polluiffet,
777 2041 959 2080 somnum
994 2041 1122 2079 statim
1157 2053 1291 2093 capere
1323 2038 1532 2092 potuifl‘et3
1569 2048 1771 2093 propterea

353 2108 473 2160 quod,
505 2109 574 2160 qui
607 2117 761 2146 tantum
797 2107 948 2146 facinus
983 2106 1277 2152 commiserunt,
1308 2120 1386 2145 non
1415 2106 1534 2145 modo
1567 2106 1645 2151 fine
1679 2117 1770 2148 cura

353 2175 561 2227 quiescere,
583 2174 647 2212 sed
667 2188 715 2213 ne
735 2175 872 2228 spirare
893 2175 1055 2227 quidem
1077 2175 1153 2212 fine
1176 2184 1299 2219 metu,
1321 2173 1489 2227 poffunt.

409 2241 564 2280 XXIV.
596 2241 807 2287 Videtisne,
839 2255 936 2294 quos
970 2241 1082 2279 nobis
1119 2249 1239 2294 poetae
1267 2241 1520 2285 tradiderunt,
1552 2238 1668 2291 patris
1704 2237 1766 2282 ul-

353 2308 519 2346 ciscendi
551 2308 672 2353 causa,
702 2308 939 2362 supplicium
972 2309 1018 2346 de
1047 2319 1167 2347 matre
1194 2307 1402 2360 sumpfiffe,
1440 2320 1532 2346 cum
1562 2303 1768 2356 praesertim

354 2375 532 2415 Deorum
563 2375 850 2413 immortalium
880 2375 987 2427 jufiis
1020 2385 1134 2427 atque
1163 2374 1326 2414 oraculis
1361 2374 1400 2411 id
1429 2370 1555 2410 fecisse
1575 2370 1765 2413 dicantur,

353 2449 486 2480 tamen
509 2451 552 2480 ut
582 2456 644 2479 eos
677 2443 824 2495 agitent
854 2442 979 2487 furiae,
1012 2456 1137 2494 neque
1157 2441 1356 2479 consistere
1378 2438 1539 2489 usquam
1560 2437 1768 2489 patiantur,

358 2507 465 2557 quod
485 2522 532 2546 nc
552 2509 606 2561 pii
628 2509 789 2561 quidem
808 2509 885 2547 sine
906 2509 1043 2547 scelere
1062 2508 1131 2546 effe
1153 2505 1390 2560 potuerunt?
1420 2504 1481 2543 Sic
1502 2503 1538 2543 se
1559 2517 1615 2542 res
1636 2502 1770 2548 habet,
