2201 2792
647 106 941 148 ACTIO
1009 107 1321 148 PRIMA.
1526 112 1530 117 ·
1620 125 1694 166 ¹33

280 209 509 254 vestrorum,
551 218 645 246 cum
678 205 753 244 sint
786 204 923 258 parati,
953 204 1024 259 qui
1056 205 1314 245 concionibus
1347 215 1386 246 et
1415 206 1567 261 legibus
1597 208 1698 250 hanc

280 276 466 315 invidiam
500 271 650 313 senatus
682 271 925 311 inflammare
959 281 1164 318 conentur,
1206 285 1292 312 reus
1326 272 1368 311 in
1397 274 1597 325 judicium
1627 278 1697 316 ad-

279 342 416 382 ductus
436 340 491 379 est
520 341 568 379 C.
592 340 746 386 Verres,
765 338 889 379 homo
909 340 989 380 vita
1007 349 1123 393 atque
1143 338 1268 386 saetis,
1299 341 1485 379 omnium
1504 341 1588 393 jam
1608 343 1697 396 opi-

276 409 409 454 nione,
426 407 630 446 damnatus
642 425 656 452 ;
679 407 853 461 pecuniae
867 407 1153 460 magnitudine,
1175 407 1240 445 sua
1259 407 1336 461 spe,
1351 420 1394 446 ac
1410 408 1695 461 praedicatione,

277 474 488 514 absolutus.
538 474 650 514 Huic
683 488 756 527 ego
789 474 922 520 causae,
958 474 1132 526 Judices‚
1179 488 1272 512 cum
1311 474 1464 513 summa
1497 475 1698 514 voluntate

277 548 318 581 e't
341 541 608 596 expectatione
640 541 778 595 populi
813 541 987 580 Romani
1016 542 1121 579 actor
1151 540 1298 587 acoefli,
1329 555 1409 579 non
1441 550 1484 580 ut
1508 542 1697 595 'augerem

276 608 466 648 invidiam
485 608 647 655 ordinis,
677 607 740 647 sed
770 617 815 648 ut
843 607 1016 647 infamiae
1043 608 1250 647 communi
1279 608 1556 648 succurrerem.
1608 610 1695 648 Ad-

276 674 372 714 duxi
392 675 498 716 enim
517 674 737 721 hominem,
751 676 792 714 in
812 689 892 729 quo
912 674 1162 714 reconciliare
1181 674 1508 714 existimationem
1520 675 1698 728 judicio-

276 755 366 780 rum
385 741 572 788 amissam,
592 741 714 780 redire
732 741 773 780 in
799 743 964 795 gratiam
984 755 1077 780 cum
1094 741 1242 795 populo
1263 742 1459 787 Romano,
1482 741 1696 780 satisfacere

276 809 415 847 exteris
449 809 672 848 nationibus
706 809 858 862 possetis
874 828 887 855 3
933 809 1247 862 depeculatorem
1284 809 1433 854 aerarii,
1473 818 1696 848 vexatorem

275 874 376 918 Afiae
403 885 519 929 atque
549 875 806 930 PamphyHae,
849 875 1072 929 praedonem
1101 875 1201 929 juris
1236 876 1389 921 urbani,
1420 875 1548 914 labem
1580 885 1696 928 atque

278 941 490 992 perniciem
510 943 718 993 provinciae
752 942 906 982 Siciliae.
951 944 1014 982 De
1034 956 1114 995 quo
1144 942 1172 980 fi
1200 955 1266 981 vos
1286 942 1409 981 severe
1443 942 1696 994 religioseque

271 1005 553 1058 judicaveritis,
583 1007 786 1045 auctoritas
805 1021 860 1052 ea,
892 1022 977 1059 quae
997 1009 1039 1046 in
1059 1009 1169 1047 vobis
1201 1023 1394 1047 remanere
1414 1009 1542 1054 debet,
1572 1007 1694 1047 haere-

279 1072 362 1112 bit:
394 1073 450 1112 fin
478 1073 587 1112 istius
619 1073 794 1127 ingentes
826 1074 970 1112 divitiae
998 1074 1239 1126 judiciorum
1270 1076 1515 1128 religionem,
1552 1076 1695 1112 verita-

277 1147 438 1191 temque
456 1138 730 1191 perfregerint;
754 1153 826 1191 ego
846 1139 922 1178 hoc
939 1150 1068 1178 tamen
1087 1141 1269 1192 affequar,
1288 1151 1330 1180 ut
1345 1141 1543 1194 judicium
1564 1142 1694 1194 potius

276 1205 514 1258 reipublicae,
547 1218 667 1257 quam
687 1214 753 1243 aut
774 1218 857 1243 reus
872 1205 1091 1257 judicibus,
1123 1216 1188 1244 aut
1209 1208 1403 1245 accusator
1423 1221 1500 1252 re0,
1534 1207 1695 1245 defuiffe

274 1271 463 1311 videatur.

330 1337 384 1376 II.
417 1335 630 1390 Equidem,
653 1345 697 1376 ut
716 1337 763 1375 de
782 1351 846 1376 me
866 1336 1064 1383 confitear,
1085 1337 1258 1389 Judices,
1281 1350 1374 1376 cum
1397 1337 1532 1376 multae
1553 1337 1653 1376 mihi
1674 1353 1694 1377 a

254 1402 326 1442 ·C.
343 1403 464 1441 Verre
483 1403 627 1440 infidiae
647 1412 745 1441 terra
773 1404 950 1456 marique
981 1403 1090 1443 faetae
1110 1404 1199 1450 fint,
1230 1417 1324 1457 quas
1351 1405 1494 1457 partim
1515 1418 1600 1443 mea
1630 1406 1693 1443 di-

272 1468 435 1523 ligentia
464 1468 684 1514 devitarim‚
714 1470 859 1522 partim
890 1469 1109 1509 amicorum
1142 1470 1269 1509 studio
1295 1471 1505 1524 officioque
1536 1472 1691 1524 repule-

273 1535 349 1575 rim
364 1554 377 1582 3
409 1549 613 1589 nunquam
635 1544 766 1575 tamen
785 1550 911 1589 neque
933 1545 1086 1576 tantum
1105 1537 1328 1591 periculum
1348 1536 1450 1576 mihi
1470 1538 1573 1576 adire
1592 1537 1692 1576 visus

273 1600 374 1647 sum,
406 1615 531 1654 neque
551 1610 750 1654 tantopere
768 1603 969 1655 pertimui,
991 1612 1035 1641 ut
1055 1616 1160 1642 nunc
1181 1603 1222 1641 in
1243 1603 1325 1656 ipso
1340 1603 1506 1655 judicio.
1548 1604 1692 1656 Neque

273 1676 430 1707 tantum
473 1682 537 1707 me
570 1669 783 1720 expee'mtio
810 1669 1061 1708 accusationis
1094 1683 1213 1714 meae,
1255 1670 1541 1721 concursusque
1577 1679 1692 1708 tantae

273 1734 557 1780 multitudinis,
580 1734 723 1786 quibus
744 1748 815 1788 ego
835 1735 947 1774 rebus
968 1734 1301 1774 vehementissime
1331 1736 1548 1787 perturbor,
1576 1748 1688 1774 com-

273 1810 420 1846 movet,
453 1810 646 1853 quantum
666 1801 773 1840 istius
793 1801 938 1840 infidiae
958 1801 1124 1847 nefariae,
1147 1814 1240 1854 quas
1273 1815 1351 1839 uno
1379 1811 1550 1854 tempore
1572 1800 1688 1846 mihi,

271 1868 397 1914 vobis,
428 1869 505 1907 Μ’.
529 1868 737 1907 Glabrioni
758 1869 929 1914 Praetori,
962 1869 1087 1915 sociis,
1121 1870 1259 1907 exteris
1281 1868 1518 1914 nationibus,
1548 1869 1688 1914 ordini,

271 1934 426 1974 nomini
461 1934 629 1988 denique
663 1934 850 1975 senatorio
870 1934 993 1974 facere
1027 1944 1202 1974 conatur.
1243 1935 1324 1986 Qi
1360 1936 1413 1973 ita
1445 1935 1609 1980 dictitat,
1643 1936 1689 1973 iis

273 1999 346 2038 effe
365 2002 637 2047 metuendum,
674 2003 757 2054 qui,
794 2002 899 2055 quod
926 2002 1012 2056 ipfis
1033 2002 1120 2041 solis
1142 2002 1227 2040 satis
1260 2001 1362 2047 effer,
1395 2001 1686 2055 surripuissent3

273 2065 311 2104 se
331 2075 484 2107 tantum
514 2067 688 2121 rapuiffe,
720 2078 763 2106 ut
789 2069 831 2107 id
849 2069 986 2106 multis
1013 2069 1098 2107 satis
1119 2068 1191 2106 esse
1222 2068 1334 2120 poffit
1354 2087 1363 2112 ;
1397 2068 1496 2106 nihil
1518 2068 1589 2106 esse
1610 2078 1687 2106 tam

272 2132 460 2179 sanetum,
482 2133 589 2186 quod
608 2147 688 2172 non
708 2135 868 2180 violari,
900 2133 1001 2172 nihil
1022 2144 1102 2173 tam
1130 2136 1345 2180 munitum,
1378 2135 1482 2187 quod
1511 2149 1586 2173 non
1619 2149 1687 2173 ex-

271 2199 436 2253 pugnari
456 2198 622 2252 pecunia
640 2199 766 2252 poffit.

329 2264 448 2314 Qod
468 2265 509 2310 fi,
543 2278 663 2317 quam
689 2265 812 2304 audax
846 2265 898 2303 est
928 2266 974 2304 ad
1006 2267 1242 2312 conandum,
1276 2276 1356 2305 tam
1388 2266 1475 2304 effer
1505 2265 1685 2302 obscurus

275 2330 316 2369 in
336 2333 497 2385 agendo,
532 2331 683 2371 fortaffe
703 2332 833 2385 aliqua
852 2333 892 2370 in
914 2347 952 2371 re
973 2347 1041 2371 nos
1062 2334 1268 2386 aliquando
1289 2331 1494 2370 fefelliffet.
1537 2330 1685 2368 Verum

275 2394 350 2434 hoc
370 2397 496 2437 adhuc
517 2399 794 2451 percommode
815 2399 930 2444 cadit,
953 2400 1059 2452 quod
1079 2413 1170 2437 cum
1193 2397 1409 2436 incredibili
1432 2397 1511 2447 ejus
1529 2396 1683 2434 audacia

277 2460 474 2514 singularis
494 2463 655 2504 stultitia
672 2465 880 2516 conjun&a
898 2464 964 2504 est.
997 2465 1118 2508 Nam,
1141 2474 1182 2501 ut
1201 2471 1349 2514 apertus
1374 2462 1411 2498 in
1434 2461 1683 2513 corripiendi<
