2201 2792
741 177 878 215 PRO
936 177 987 215 A.
1049 178 1360 217 CAECINA.
1672 197 1749 236 509

363 291 563 331 nunquam
583 276 658 316 fuit
676 277 689 315 ?
721 279 839 333 Qod
860 278 885 316 fi
906 277 1047 324 fuisset,
1079 288 1117 317 et
1137 292 1184 317 ex
1203 292 1248 317 eo
1274 280 1374 325 1000,
1407 289 1514 318 metu
1535 293 1748 333 permotus,

318 388 322 392 ⁴
359 343 528 397 fugiffet,
550 358 641 382 cum
661 354 822 383 armatos
843 344 1016 390 vidiffet3
1039 345 1229 383 diceresne
1248 345 1318 384 effe
1338 347 1557 398 dejeffiun?
1583 349 1748 400 Opinor.

359 411 425 448 An
446 419 502 455 m,
531 411 599 462 qui
619 419 698 448 tam
718 411 935 463 diligenter,
967 420 1004 448 et
1025 419 1104 448 tam
1124 411 1275 456 callide,
1309 412 1433 450 verbis
1464 414 1748 458 controversias,

360 488 439 513 non
459 476 649 528 aequitate,
682 476 893 528 dijudicas;
925 485 961 514 et
975 477 1062 528 jura
1082 490 1159 514 non
1181 477 1347 515 utilitate
1367 479 1585 522 communi,
1616 478 1677 516 sed
1699 480 1749 516 li-

360 541 465 586 teris,
487 542 670 594 exprimis
687 560 699 586 ,
731 542 919 594 poterisne
939 542 1077 587 dicere,
1099 542 1291 594 dejectum
1311 543 1381 580 effe
1401 557 1507 588 eum,
1540 545 1606 596 qui
1629 546 1749 583 tactus

359 620 438 645 non
459 609 558 646 erit?
591 608 729 658 Qid?
752 608 948 645 detrusum
970 608 1073 645 dices
1092 609 1104 645 ?
1127 621 1217 646 narn
1238 621 1283 646 eo
1303 609 1418 647 verbo
1439 619 1546 647 antea
1567 612 1749 649 Praetores

359 673 401 711 in
420 673 496 711 hoc
515 673 720 711 interdicto
740 674 798 711 uti
818 673 1002 712 solebant.
1035 674 1145 725 Qid
1165 675 1216 711 ais
1236 675 1249 711 ?
1280 675 1452 727 potestne
1472 676 1623 714 detrudi
1643 678 1748 729 quis-

358 753 490 792 quam,
526 740 594 792 qui
625 754 702 778 non
723 740 956 792 attingitur?
988 741 1146 785 Nonne,
1182 741 1208 778 fi
1235 741 1396 779 verbum
1428 743 1533 794 sequi
1553 743 1748 789 volumus,

357 804 434 843 hoc
455 806 718 858 intelligamus
739 805 882 844 neceffe
901 805 967 851 est,
984 819 1074 843 eum
1095 805 1260 851 detrudi,
1278 807 1342 844 cui
1362 821 1498 845 manus
1519 807 1746 848 afferantur?

358 871 502 910 neceffe
521 871 587 916 est,
620 872 794 924 inquam,
828 872 854 910 fi
874 873 919 910 ad
939 873 1102 911 verbum
1135 887 1217 910 rem
1237 873 1417 911 volumus
1448 875 1646 927 attingere,
1678 890 1747 914 ne-

358 938 508 976 minem
528 938 626 976 statu
645 938 855 984 detrusum,
889 939 957 991 qui
977 953 1069 985 non,
1099 939 1271 978 adhibita
1291 940 1342 985 vi,
1374 953 1491 978 manu
1512 941 1688 981 demotus
1710 952 1748 981 et

358 1007 462 1043 aetus
483 1019 651 1059 praeceps
672 1006 922 1059 intelligatur.

413 1072 596 1124 DejeCIus
632 1085 720 1110 vero
754 1072 824 1125 qul
852 1073 974 1125 potest
1004 1073 1074 1111 effe
1095 1073 1312 1126 quisquam,
1350 1075 1416 1113 nisi
1449 1076 1489 1113 in
1523 1074 1746 1114 inferiorem

358 1137 492 1175 locum
513 1138 558 1176 de
579 1138 769 1190 superiore
791 1148 919 1177 motus
938 1140 950 1175 ?
974 1139 1100 1177 Potest
1120 1139 1264 1192 pulsus,
1287 1139 1456 1192 fugatus,
1473 1141 1613 1192 ejecftus
1634 1141 1745 1178 deni-

357 1216 460 1255 que,
493 1204 590 1242 illud
611 1217 698 1242 vero
719 1204 826 1242 nullo
847 1205 964 1242 modo
985 1205 1119 1257 potest,
1152 1206 1318 1257 dejec'tus
1339 1206 1409 1244 effe
1428 1206 1645 1258 quisquam,
1669 1221 1747 1245 non

357 1270 476 1307 modo
507 1270 575 1322 qui
595 1271 716 1308 taetus
741 1284 818 1308 non
850 1271 908 1315 fit,
942 1271 1001 1308 sed
1037 1285 1084 1308 ne
1113 1285 1221 1323 aequo
1252 1272 1411 1322 quidem
1443 1282 1480 1310 et
1509 1273 1622 1324 plano
1644 1273 1744 1311 loco.

357 1336 468 1387 Qid
487 1350 578 1389 ergo
596 1335 609 1372 ?
635 1335 712 1375 hoc
733 1337 981 1375 interdistum
1003 1347 1184 1390 putamus
1206 1352 1339 1376 eorum
1360 1339 1429 1376 esse
1455 1339 1561 1376 causa
1581 1352 1744 1391 compo-

355 1401 485 1448 snum,
518 1403 587 1455 qui
618 1403 654 1440 se
682 1403 936 1456 praecipitatos
967 1417 1014 1442 ex
1040 1404 1135 1442 locis
1157 1404 1412 1456 superioribus
1444 1405 1644 1442 dicerent?
1683 1418 1745 1443 eos

355 1469 462 1506 enim
483 1481 568 1506 vere
586 1468 783 1521 possumus
804 1469 928 1506 dicere
948 1468 1018 1506 effe
1039 1469 1218 1520 dejectos„

410 1534 566 1572 XVIII.
599 1536 663 1572 An
690 1547 783 1579 non,
815 1547 907 1572 cum
934 1534 1123 1580 voluntas,
1155 1544 1193 1572 et
1223 1535 1441 1581 confilium,
1478 1545 1515 1574 et
1546 1535 1743 1581 sententia,

356 1599 550 1637 interdicti
571 1599 822 1652 intelligatur,
842 1600 1124 1652 impudentiam
1142 1600 1347 1646 summam,
1365 1611 1429 1639 aut
1450 1602 1651 1640 stultitiam
1669 1603 1743 1639 fin-

355 1665 539 1717 gularem‚
563 1666 801 1718 putabimus,
834 1666 874 1704 in
895 1666 1101 1704 verborum
1132 1679 1254 1704 errore
1274 1667 1434 1712 versari,
1466 1681 1562 1712 rem,
1595 1678 1632 1705 et
1651 1681 1744 1705 cau-

356 1732 448 1777 sam,
471 1741 509 1770 et
531 1733 738 1770 utilitatem
759 1746 1028 1777 communem,
1050 1746 1128 1771 non
1148 1734 1364 1786 relinquere
1384 1733 1522 1778 solum,
1545 1734 1606 1771 sed
1627 1735 1744 1772 etiam

355 1799 539 1850 prodere?
574 1800 639 1836 An
659 1797 735 1837 hoc
756 1799 921 1837 dubium
942 1799 1008 1845 est,
1026 1800 1121 1852 quin
1142 1813 1267 1852 neque
1286 1801 1491 1838 verborum
1514 1808 1616 1838 tanta
1635 1801 1745 1852 copia

353 1864 413 1908 fit,
435 1878 513 1903 non
534 1864 652 1903 modo
672 1865 713 1902 in
733 1864 856 1903 nostra
875 1865 1020 1918 lingua,
1049 1879 1134 1918 quae
1155 1866 1297 1903 dicitur
1317 1865 1388 1904 effe
1406 1867 1530 1918 in0p5‚
1554 1866 1614 1903 sed
1634 1880 1681 1903 ne
1703 1867 1744 1903 in

354 1929 425 1968 alia
445 1930 603 1983 quidem
625 1930 715 1975 ulla,
749 1944 805 1969 res
830 1940 873 1968 ut
893 1945 1027 1970 omnes
1054 1931 1127 1969 suis
1149 1932 1260 1970 certis
1291 1945 1333 1969 ac
1365 1932 1527 1984 propriis
1548 1931 1743 1970 vocabulis

353 1997 628 2041 nominentur,
661 2010 785 2049 neque
805 2010 893 2034 vero
914 1997 1129 2049 quidquam
1149 2011 1244 2049 opus
1266 1997 1309 2035 fit
1330 1998 1467 2042 verbis,
1490 2011 1582 2035 cum
1603 2011 1645 2034 ea
1672 2011 1741 2042 res,

355 2063 464 2114 cujus
486 2061 592 2100 causa
611 2063 726 2100 verba
745 2063 898 2115 quaesita
918 2064 1003 2108 fint‚
1036 2064 1274 2115 intelligatur
1292 2065 1305 2100 ?
1338 2065 1435 2116 Qae
1461 2065 1537 2108 lex,
1560 2065 1664 2116 quod
1685 2065 1742 2101 se-

354 2128 724 2173 natus-consultum,
757 2129 862 2181 quod
895 2129 1132 2181 magistratus
1163 2130 1347 2174 edietum,
1376 2130 1478 2182 quod
1506 2129 1647 2174 foedus,
1678 2139 1743 2166 aut

352 2195 491 2246 paetio,
513 2195 616 2247 quod
650 2196 711 2246 (ut
739 2196 783 2233 ad
807 2196 968 2247 privatas
990 2209 1044 2233 res
1066 2196 1234 2248 redeam)
1258 2196 1542 2241 testamentum,
1574 2211 1656 2248 quae
1674 2198 1741 2247 ju-

352 2261 466 2304 dicia,
489 2270 553 2298 aut
573 2261 849 2313 stipulationes,
872 2270 935 2299 aut
955 2263 1054 2314 paeti
1075 2271 1112 2300 et
1131 2263 1309 2300 conventi
1331 2262 1511 2307 formula,
1534 2276 1609 2299 non
1631 2261 1739 2298 infir-

353 2327 463 2370 mari,
488 2336 552 2364 aut
572 2327 752 2371 convelli,
783 2327 920 2380 potest,
952 2328 977 2365 fi
1009 2328 1054 2365 ad
1086 2329 1199 2366 verba
1219 2342 1299 2366 rem
1319 2329 1514 2365 defleo-ere
1545 2327 1736 2371 velimus;

353 2392 556 2429 confilium
578 2402 708 2430 autem
728 2407 877 2439 eorum,
910 2394 978 2446 qui
1000 2394 1239 2446 scripserunt,
1272 2403 1308 2431 et
1329 2394 1529 2437 rationem,
1551 2402 1588 2430 et
1608 2394 1739 2430 aueto-

354 2456 521 2501 ritatem,
544 2457 806 2508 relinquamus
826 2459 839 2495 ?

411 2524 541 2560 Sermo
563 2522 783 2562 mehercule
804 2532 841 2562 et
860 2523 1059 2563 familiaris
1087 2533 1123 2562 et
1144 2525 1494 2576 quotidianuS.non
1517 2522 1736 2568 cohaerebit,
