2201 2792
1079 109 1278 163 [54]

1097 370 1246 405 PRO

513 595 719 653 SEX.
791 597 1208 654 ROSCIO
1274 598 1822 656 AMERINO.

940 869 1287 907 ORATIO
1337 869 1404 907 ΙΙ.

468 1076 500 1112 I.
660 1075 836 1112 REDO
862 1088 934 1126 ego
953 1088 1034 1119 vos,
1057 1075 1228 1126 judices,
1258 1076 1402 1122 mirarI,
1425 1075 1521 1128 quid
1548 1075 1605 1121 fit,
1628 1076 1747 1128 quod,
1778 1089 1870 1115 cum

525 1068 652 1203 C
686 1150 745 1178 tot
775 1141 918 1178 summi
949 1150 1127 1185 oratores,
1160 1141 1425 1194 hominesque*
1445 1142 1670 1180 nobiliffimi
1704 1143 1869 1187 sedeant,

681 1219 753 1257 ego
788 1204 1027 1256 potiffimum
1061 1205 1301 1250 surrexerim,
1333 1207 1402 1257 qui
1436 1220 1559 1257 neque
1593 1216 1713 1252 aetate,
1746 1220 1871 1259 neque

465 1270 637 1323 «ingenio,
671 1283 794 1322 neque
825 1271 1046 1308 auetoritate
1072 1271 1141 1308 fim
1163 1284 1255 1308 cum
1277 1272 1337 1316 iis,
1369 1272 1435 1324 qui
1457 1272 1619 1317 sedeant,
1641 1285 1869 1325 comparan-

469 1337 552 1375 dus.
598 1338 747 1374 Omnes
770 1337 875 1374 enim
896 1335 952 1381 hi,
976 1350 1072 1389 quos
1093 1337 1228 1374 videtis
1249 1337 1367 1374 adeffe
1388 1339 1427 1375 in
1448 1337 1519 1376 hac
1540 1338 1660 1384 causa,
1688 1339 1871 1390 injuriam

466 1417 570 1442 novo
590 1403 725 1441 scelere
756 1403 961 1441 conflatam
995 1412 1132 1456 putant
1159 1412 1331 1456 oportere
1362 1403 1543 1449 defendi;
1575 1404 1775 1443 defendere
1800 1405 1871 1457 ipfi

467 1478 622 1522 propter
653 1469 897 1521 iniquitatem
931 1477 1152 1522 temporum
1188 1483 1265 1507 non
1296 1470 1449 1508 audent.
1501 1471 1558 1507 Ita
1577 1469 1635 1515 fit,
1671 1479 1714 1508 ut
1734 1470 1869 1515 adsmt,

467 1543 667 1587 propterea
687 1533 793 1585 quod
813 1534 987 1572 officium
1008 1534 1244 1587 sequuntur5
1277 1543 1424 1573 taceant
1445 1545 1573 1573 autem
1595 1535 1751 1580 idcirco,
1781 1535 1872 1588 quia

466 1600 685 1653 periculum
706 1609 902 1638 metuunt.
935 1601 1045 1652 Qid
1065 1602 1182 1654 ergo?
1214 1602 1480 1640 audaciffimus
1503 1616 1573 1655 ego
1594 1616 1639 1640 ex
1660 1602 1868 1640 omnibus?

463 1668 654 1705 Minime.
687 1668 741 1705 At
763 1676 868 1705 tanto
899 1667 1114 1712 officiofior,
1147 1682 1265 1720 quam
1300 1669 1457 1706 caeteri?
1489 1669 1553 1707 Ne
1583 1669 1688 1706 istius
1709 1668 1870 1721 quidem

467 1734 588 1771 laudis
610 1734 662 1785 ita
683 1733 767 1770 sum
787 1733 967 1785 cupiduS,
999 1742 1041 1771 ut
1062 1734 1143 1772 aliis
1166 1748 1250 1772 eam
1270 1743 1496 1788 praereptam
1518 1735 1649 1773 velim.
1688 1735 1786 1786 Qae
1807 1747 1870 1772 me

467 1799 586 1850 igitur
607 1812 662 1836 res
685 1808 817 1851 praeter
847 1808 1000 1837 caeteros
1021 1800 1195 1852 impulit,
1229 1810 1272 1839 ut
1291 1801 1440 1839 causam
1458 1802 1548 1852 Sex.
1572 1800 1703 1854 Roscii
1721 1801 1869 1852 recipe-

468 1865 578 1903 rem?
610 1865 727 1915 Qia,
760 1865 786 1901 s1
808 1865 893 1916 quis
916 1865 1073 1902 istorum
1095 1865 1257 1910 dixisset,
1289 1880 1385 1918 quos
1407 1866 1542 1904 videtis
1564 1865 1695 1910 adeffe,
1718 1866 1758 1903 in
1779 1866 1868 1918 qui-

468 1930 538 1967 bus
560 1929 710 1967 summa
729 1930 929 1967 auCtoritas
951 1929 1016 1974 est,
1034 1939 1149 1982 atque
1170 1931 1411 1983 amplitudo,
1436 1932 1460 1969 fi
1478 1931 1637 1969 verbum
1659 1931 1704 1968 de
1725 1932 1868 1983 repub-

468 1996 541 2033 lica
561 1994 720 2040 fecisset,
751 1995 789 2033 id
811 1995 915 2047 quod
949 1996 988 2033 in
1009 1995 1080 2034 hac
1101 1997 1209 2034 causa
1229 1997 1310 2035 fieri
1333 1997 1475 2036 neceffe
1505 1997 1571 2043 est,
1603 1998 1730 2035 multo
1761 1998 1871 2050 plura

466 2061 613 2106 dixisse,
650 2075 767 2113 quam
788 2061 951 2106 dixisset,
985 2071 1195 2114 putaretur.
1242 2065 1327 2115 Ego
1347 2064 1492 2101 etiamsi
1524 2064 1669 2108 omnia,
1702 2077 1786 2116 quae
1806 2063 1868 2101 di-

468 2127 586 2165 cenda
608 2127 706 2172 sunt,
729 2127 846 2165 libere
868 2128 1011 2173 dixero,
1035 2142 1277 2181 nequaquam
1299 2139 1425 2168 tamen
1448 2130 1623 2168 similiter
1642 2130 1762 2168 oratio
1783 2144 1869 2169 mea

467 2194 583 2238 exire,
605 2205 718 2246 atque
739 2194 777 2231 in
799 2194 937 2247 vulgus
957 2208 1131 2232 emanare
1151 2196 1304 2248 poterit.
1330 2196 1494 2241 Deinde,
1516 2196 1622 2248 quod
1642 2205 1870 2234 caeterorum

468 2273 593 2311 neque
613 2259 762 2297 dietum
783 2259 989 2298 obscurum
1014 2261 1134 2312 potest
1155 2261 1238 2306 effe,
1272 2271 1427 2314 propter
1461 2262 1704 2299 nobilitatem
1726 2271 1763 2299 et
1783 2275 1868 2299 am·-

469 2325 732 2378 plitudinem5
756 2339 879 2378 neque
901 2334 1043 2364 temere
1063 2325 1165 2363 didio
1185 2328 1356 2372 concedi,
1379 2336 1535 2380 propter
1555 2335 1703 2364 aetatem
1721 2336 1758 2364 et
1774 2341 1868 2379 pru-

471 2391 640 2429 dentiam
659 2407 668 2429 :
700 2405 771 2444 ego
792 2391 817 2429 fi
849 2391 945 2444 quid
965 2390 1084 2430 libere
1103 2392 1249 2437 dixero,
1281 2393 1340 2430 vel
1361 2393 1563 2431 occultum
1583 2391 1653 2430 effe
1672 2402 1870 2445 propterea

467 2457 573 2510 quod
594 2457 769 2496 nondum
801 2457 848 2496 ad
867 2457 1149 2511 rempublicam
1171 2458 1313 2505 acceffi,
1347 2458 1407 2498 vel
1437 2458 1582 2512 ignosci
1609 2458 1869 2498 adolescentiae
