<?xml version="1.0" encoding="UTF-8"?>
<!DOCTYPE html PUBLIC "-//W3C//DTD XHTML 1.0 Transitional//EN"
    "http://www.w3.org/TR/xhtml1/DTD/xhtml1-transitional.dtd">
<html xmlns="http://www.w3.org/1999/xhtml" xml:lang="en" lang="en">
 <head>
  <title>
</title>
<meta http-equiv="Content-Type" content="text/html;charset=utf-8" />
  <meta name='ocr-system' content='tesseract 3.04.00' />
  <meta name='ocr-capabilities' content='ocr_page ocr_carea ocr_par ocr_line ocrx_word'/>
</head>
<body>
  <div class='ocr_page' id='page_1' title='image "./operacumindicibu04ciceuoft_0209.png"; bbox 0 0 2201 2792; ppageno 0'>
   <div class='ocr_carea' id='block_1_1' title="bbox 634 173 1743 230">
    <p class='ocr_par' dir='ltr' id='par_1_1' title="bbox 634 173 1743 230">
     <span class='ocr_line' id='line_1_1' title="bbox 634 173 1743 230; baseline -0.002 -18"><span class='ocrx_word' id='word_1_1' title='bbox 634 173 981 212; x_wconf 88' lang='lat' dir='ltr'>ACTIONIS</span> <span class='ocrx_word' id='word_1_2' title='bbox 1025 173 1076 211; x_wconf 91' lang='lat' dir='ltr'>II.</span> <span class='ocrx_word' id='word_1_3' title='bbox 1152 174 1437 213; x_wconf 86' lang='lat' dir='ltr'><strong>LIBERI.</strong></span> <span class='ocrx_word' id='word_1_4' title='bbox 1670 190 1743 230; x_wconf 80' lang='lat'>¹93</span> 
     </span>
    </p>
   </div>
   <div class='ocr_carea' id='block_1_2' title="bbox 327 270 1750 2453">
    <p class='ocr_par' dir='ltr' id='par_1_2' title="bbox 327 270 1748 858">
     <span class='ocr_line' id='line_1_2' title="bbox 331 270 1744 326; baseline 0.001 -14"><span class='ocrx_word' id='word_1_5' title='bbox 331 273 448 312; x_wconf 85' lang='lat' dir='ltr'>sacras</span> <span class='ocrx_word' id='word_1_6' title='bbox 468 271 701 316; x_wconf 73' lang='lat' dir='ltr'>locavissent,</span> <span class='ocrx_word' id='word_1_7' title='bbox 733 285 858 324; x_wconf 86' lang='lat' dir='ltr'>neque</span> <span class='ocrx_word' id='word_1_8' title='bbox 876 270 1086 324; x_wconf 80' lang='lat' dir='ltr'>potuiffent</span> <span class='ocrx_word' id='word_1_9' title='bbox 1104 272 1237 310; x_wconf 86' lang='lat' dir='ltr'>omnia</span> <span class='ocrx_word' id='word_1_10' title='bbox 1257 272 1350 310; x_wconf 80' lang='lat' dir='ltr'>sarta</span> <span class='ocrx_word' id='word_1_11' title='bbox 1371 274 1468 310; x_wconf 68' lang='lat' dir='ltr'>tecta</span> <span class='ocrx_word' id='word_1_12' title='bbox 1488 275 1652 326; x_wconf 73' lang='lat' dir='ltr'>exigere,</span> <span class='ocrx_word' id='word_1_13' title='bbox 1674 289 1744 313; x_wconf 59' lang='lat' dir='ltr'>ne&lt;</span> 
     </span>
     <span class='ocr_line' id='line_1_3' title="bbox 329 338 1746 391; baseline 0.001 -14"><span class='ocrx_word' id='word_1_14' title='bbox 329 353 406 391; x_wconf 90' lang='lat' dir='ltr'>que</span> <span class='ocrx_word' id='word_1_15' title='bbox 434 339 463 376; x_wconf 91' lang='lat' dir='ltr'>ii</span> <span class='ocrx_word' id='word_1_16' title='bbox 481 339 681 382; x_wconf 63' lang='lat' dir='ltr'>Praetores,</span> <span class='ocrx_word' id='word_1_17' title='bbox 719 338 861 390; x_wconf 88' lang='lat' dir='ltr'>quibus</span> <span class='ocrx_word' id='word_1_18' title='bbox 893 347 972 375; x_wconf 84' lang='lat' dir='ltr'>erat</span> <span class='ocrx_word' id='word_1_19' title='bbox 1006 338 1208 390; x_wconf 84' lang='lat' dir='ltr'>negotium</span> <span class='ocrx_word' id='word_1_20' title='bbox 1233 338 1382 383; x_wconf 85' lang='lat' dir='ltr'>datum,</span> <span class='ocrx_word' id='word_1_21' title='bbox 1411 339 1458 376; x_wconf 92' lang='lat' dir='ltr'>C.</span> <span class='ocrx_word' id='word_1_22' title='bbox 1482 340 1676 384; x_wconf 78' lang='lat' dir='ltr'>Sacerdos,</span> <span class='ocrx_word' id='word_1_23' title='bbox 1708 349 1746 378; x_wconf 86' lang='lat' dir='ltr'>et</span> 
     </span>
     <span class='ocr_line' id='line_1_4' title="bbox 329 403 1744 456; baseline -0.001 -13"><span class='ocrx_word' id='word_1_24' title='bbox 329 405 393 444; x_wconf 93' lang='lat' dir='ltr'>M.</span> <span class='ocrx_word' id='word_1_25' title='bbox 417 403 584 449; x_wconf 82' lang='lat' dir='ltr'>Caefius;</span> <span class='ocrx_word' id='word_1_26' title='bbox 605 403 754 442; x_wconf 71' lang='lat' dir='ltr'>factum</span> <span class='ocrx_word' id='word_1_27' title='bbox 775 403 827 442; x_wconf 93' lang='lat' dir='ltr'>est</span> <span class='ocrx_word' id='word_1_28' title='bbox 846 403 1259 449; x_wconf 77' lang='lat' dir='ltr'>senatus-consultum,</span> <span class='ocrx_word' id='word_1_29' title='bbox 1283 404 1425 456; x_wconf 87' lang='lat' dir='ltr'>quibus</span> <span class='ocrx_word' id='word_1_30' title='bbox 1447 404 1493 442; x_wconf 91' lang='lat' dir='ltr'>de</span> <span class='ocrx_word' id='word_1_31' title='bbox 1510 404 1615 442; x_wconf 80' lang='lat' dir='ltr'>sartis</span> <span class='ocrx_word' id='word_1_32' title='bbox 1637 406 1744 443; x_wconf 62' lang='lat' dir='ltr'>tectis</span> 
     </span>
     <span class='ocr_line' id='line_1_5' title="bbox 327 469 1744 523; baseline 0.001 -15"><span class='ocrx_word' id='word_1_33' title='bbox 327 470 534 523; x_wconf 87' lang='lat' dir='ltr'>cognitum</span> <span class='ocrx_word' id='word_1_34' title='bbox 554 478 592 508; x_wconf 92' lang='lat' dir='ltr'>et</span> <span class='ocrx_word' id='word_1_35' title='bbox 606 470 831 522; x_wconf 89' lang='lat' dir='ltr'>judicatum</span> <span class='ocrx_word' id='word_1_36' title='bbox 847 483 927 509; x_wconf 92' lang='lat' dir='ltr'>non</span> <span class='ocrx_word' id='word_1_37' title='bbox 947 469 1050 515; x_wconf 85' lang='lat' dir='ltr'>effet,</span> <span class='ocrx_word' id='word_1_38' title='bbox 1070 470 1128 508; x_wconf 89' lang='lat' dir='ltr'>uti</span> <span class='ocrx_word' id='word_1_39' title='bbox 1149 472 1198 508; x_wconf 89' lang='lat' dir='ltr'>C.</span> <span class='ocrx_word' id='word_1_40' title='bbox 1216 471 1369 515; x_wconf 82' lang='lat' dir='ltr'>Verres,</span> <span class='ocrx_word' id='word_1_41' title='bbox 1392 471 1437 509; x_wconf 93' lang='lat' dir='ltr'>P.</span> <span class='ocrx_word' id='word_1_42' title='bbox 1462 470 1619 516; x_wconf 82' lang='lat' dir='ltr'>Caelius‚</span> <span class='ocrx_word' id='word_1_43' title='bbox 1642 472 1744 509; x_wconf 77' lang='lat' dir='ltr'>Prae-</span> 
     </span>
     <span class='ocr_line' id='line_1_6' title="bbox 328 536 1743 590; baseline 0.001 -16"><span class='ocrx_word' id='word_1_44' title='bbox 328 544 429 576; x_wconf 87' lang='lat' dir='ltr'>tores</span> <span class='ocrx_word' id='word_1_45' title='bbox 463 536 752 590; x_wconf 83' lang='lat' dir='ltr'>cognoscerent,</span> <span class='ocrx_word' id='word_1_46' title='bbox 787 546 827 575; x_wconf 89' lang='lat' dir='ltr'>et</span> <span class='ocrx_word' id='word_1_47' title='bbox 849 536 1085 590; x_wconf 82' lang='lat' dir='ltr'>judicarent.</span> <span class='ocrx_word' id='word_1_48' title='bbox 1133 538 1222 588; x_wconf 84' lang='lat' dir='ltr'>Qa</span> <span class='ocrx_word' id='word_1_49' title='bbox 1252 536 1435 590; x_wconf 88' lang='lat' dir='ltr'>potestate</span> <span class='ocrx_word' id='word_1_50' title='bbox 1465 537 1533 576; x_wconf 89' lang='lat' dir='ltr'>iste</span> <span class='ocrx_word' id='word_1_51' title='bbox 1553 537 1743 590; x_wconf 60' lang='lat' dir='ltr'>permista,</span> 
     </span>
     <span class='ocr_line' id='line_1_7' title="bbox 331 602 1748 657; baseline 0.001 -16"><span class='ocrx_word' id='word_1_52' title='bbox 331 602 395 654; x_wconf 93' lang='lat' dir='ltr'>(ut</span> <span class='ocrx_word' id='word_1_53' title='bbox 413 616 461 642; x_wconf 83' lang='lat' dir='ltr'>ex</span> <span class='ocrx_word' id='word_1_54' title='bbox 481 603 646 650; x_wconf 87' lang='lat' dir='ltr'>Fannio,</span> <span class='ocrx_word' id='word_1_55' title='bbox 669 613 707 643; x_wconf 89' lang='lat' dir='ltr'>et</span> <span class='ocrx_word' id='word_1_56' title='bbox 727 617 775 642; x_wconf 85' lang='lat' dir='ltr'>ex</span> <span class='ocrx_word' id='word_1_57' title='bbox 796 603 998 656; x_wconf 75' lang='lat' dir='ltr'>QTadio</span> <span class='ocrx_word' id='word_1_58' title='bbox 1018 603 1271 657; x_wconf 87' lang='lat' dir='ltr'>cognovistis)</span> <span class='ocrx_word' id='word_1_59' title='bbox 1304 613 1392 642; x_wconf 86' lang='lat' dir='ltr'>tum</span> <span class='ocrx_word' id='word_1_60' title='bbox 1412 618 1515 650; x_wconf 84' lang='lat' dir='ltr'>vero,</span> <span class='ocrx_word' id='word_1_61' title='bbox 1544 618 1638 643; x_wconf 90' lang='lat' dir='ltr'>cum</span> <span class='ocrx_word' id='word_1_62' title='bbox 1659 604 1748 643; x_wconf 68' lang='lat' dir='ltr'>ess‘et</span> 
     </span>
     <span class='ocr_line' id='line_1_8' title="bbox 327 669 1748 724; baseline 0.001 -16"><span class='ocrx_word' id='word_1_63' title='bbox 327 669 513 708; x_wconf 88' lang='lat' dir='ltr'>omnibus</span> <span class='ocrx_word' id='word_1_64' title='bbox 533 670 574 709; x_wconf 90' lang='lat' dir='ltr'>in</span> <span class='ocrx_word' id='word_1_65' title='bbox 594 670 708 709; x_wconf 88' lang='lat' dir='ltr'>rebus</span> <span class='ocrx_word' id='word_1_66' title='bbox 737 669 969 724; x_wconf 85' lang='lat' dir='ltr'>apertiffime</span> <span class='ocrx_word' id='word_1_67' title='bbox 997 670 1408 724; x_wconf 83' lang='lat' dir='ltr'>impudentiffimeque</span> <span class='ocrx_word' id='word_1_68' title='bbox 1434 671 1638 724; x_wconf 64' lang='lat' dir='ltr'>praedatus,</span> <span class='ocrx_word' id='word_1_69' title='bbox 1668 669 1748 709; x_wconf 90' lang='lat' dir='ltr'>hoc</span> 
     </span>
     <span class='ocr_line' id='line_1_9' title="bbox 328 736 1748 790; baseline 0.001 -15"><span class='ocrx_word' id='word_1_70' title='bbox 328 736 453 775; x_wconf 85' lang='lat' dir='ltr'>voluit</span> <span class='ocrx_word' id='word_1_71' title='bbox 472 737 724 776; x_wconf 88' lang='lat' dir='ltr'>clariffimurn</span> <span class='ocrx_word' id='word_1_72' title='bbox 741 737 957 790; x_wconf 87' lang='lat' dir='ltr'>relinquere</span> <span class='ocrx_word' id='word_1_73' title='bbox 977 737 1170 776; x_wconf 89' lang='lat' dir='ltr'>indicium</span> <span class='ocrx_word' id='word_1_74' title='bbox 1186 737 1482 776; x_wconf 88' lang='lat' dir='ltr'>latrociniorum</span> <span class='ocrx_word' id='word_1_75' title='bbox 1501 738 1678 784; x_wconf 74' lang='lat' dir='ltr'>suorum,</span> <span class='ocrx_word' id='word_1_76' title='bbox 1701 737 1748 776; x_wconf 86' lang='lat' dir='ltr'>de</span> 
     </span>
     <span class='ocr_line' id='line_1_10' title="bbox 328 804 1556 858; baseline 0.002 -16"><span class='ocrx_word' id='word_1_77' title='bbox 328 815 407 856; x_wconf 90' lang='lat' dir='ltr'>quo</span> <span class='ocrx_word' id='word_1_78' title='bbox 426 817 507 843; x_wconf 90' lang='lat' dir='ltr'>non</span> <span class='ocrx_word' id='word_1_79' title='bbox 527 804 657 843; x_wconf 84' lang='lat' dir='ltr'>audire</span> <span class='ocrx_word' id='word_1_80' title='bbox 676 804 900 858; x_wconf 88' lang='lat' dir='ltr'>aliquando,</span> <span class='ocrx_word' id='word_1_81' title='bbox 922 804 985 844; x_wconf 87' lang='lat' dir='ltr'>sed</span> <span class='ocrx_word' id='word_1_82' title='bbox 1006 805 1133 844; x_wconf 90' lang='lat' dir='ltr'>videre</span> <span class='ocrx_word' id='word_1_83' title='bbox 1154 805 1329 858; x_wconf 88' lang='lat' dir='ltr'>quotidie</span> <span class='ocrx_word' id='word_1_84' title='bbox 1348 804 1556 858; x_wconf 74' lang='lat' dir='ltr'>poss‘emus.</span> 
     </span>
    </p>

    <p class='ocr_par' dir='ltr' id='par_1_3' title="bbox 329 871 1750 1972">
     <span class='ocr_line' id='line_1_11' title="bbox 383 871 1745 925; baseline 0.001 -15"><span class='ocrx_word' id='word_1_85' title='bbox 383 871 585 924; x_wconf 83' lang='lat' dir='ltr'>Qaefivit,</span> <span class='ocrx_word' id='word_1_86' title='bbox 618 871 706 925; x_wconf 90' lang='lat' dir='ltr'>quis</span> <span class='ocrx_word' id='word_1_87' title='bbox 727 872 849 911; x_wconf 88' lang='lat' dir='ltr'>aedem</span> <span class='ocrx_word' id='word_1_88' title='bbox 881 872 1048 911; x_wconf 84' lang='lat' dir='ltr'>Castoris</span> <span class='ocrx_word' id='word_1_89' title='bbox 1079 871 1218 911; x_wconf 87' lang='lat' dir='ltr'>sartam</span> <span class='ocrx_word' id='word_1_90' title='bbox 1250 874 1392 911; x_wconf 64' lang='lat' dir='ltr'>testam</span> <span class='ocrx_word' id='word_1_91' title='bbox 1412 873 1567 912; x_wconf 88' lang='lat' dir='ltr'>deberet</span> <span class='ocrx_word' id='word_1_92' title='bbox 1587 872 1745 912; x_wconf 85' lang='lat' dir='ltr'>tradere.</span> 
     </span>
     <span class='ocr_line' id='line_1_12' title="bbox 330 938 1748 992; baseline 0.002 -17"><span class='ocrx_word' id='word_1_93' title='bbox 330 938 499 988; x_wconf 88' lang='lat' dir='ltr'>Junium</span> <span class='ocrx_word' id='word_1_94' title='bbox 532 939 661 992; x_wconf 88' lang='lat' dir='ltr'>ipsum</span> <span class='ocrx_word' id='word_1_95' title='bbox 693 948 899 979; x_wconf 89' lang='lat' dir='ltr'>mortuum</span> <span class='ocrx_word' id='word_1_96' title='bbox 927 939 1001 978; x_wconf 83' lang='lat' dir='ltr'>effe</span> <span class='ocrx_word' id='word_1_97' title='bbox 1032 939 1200 979; x_wconf 89' lang='lat' dir='ltr'>sciebat:</span> <span class='ocrx_word' id='word_1_98' title='bbox 1233 939 1327 978; x_wconf 87' lang='lat' dir='ltr'>scire</span> <span class='ocrx_word' id='word_1_99' title='bbox 1347 940 1515 985; x_wconf 87' lang='lat' dir='ltr'>volebat,</span> <span class='ocrx_word' id='word_1_100' title='bbox 1547 939 1592 977; x_wconf 91' lang='lat' dir='ltr'>ad</span> <span class='ocrx_word' id='word_1_101' title='bbox 1628 953 1748 992; x_wconf 88' lang='lat' dir='ltr'>quem</span> 
     </span>
     <span class='ocr_line' id='line_1_13' title="bbox 330 1003 1746 1059; baseline 0.003 -18"><span class='ocrx_word' id='word_1_102' title='bbox 330 1003 399 1042; x_wconf 84' lang='lat' dir='ltr'>illa</span> <span class='ocrx_word' id='word_1_103' title='bbox 418 1017 476 1043; x_wconf 88' lang='lat' dir='ltr'>res</span> <span class='ocrx_word' id='word_1_104' title='bbox 497 1006 706 1057; x_wconf 88' lang='lat' dir='ltr'>pertineret</span> <span class='ocrx_word' id='word_1_105' title='bbox 724 1020 732 1043; x_wconf 92' lang='lat'>:</span> <span class='ocrx_word' id='word_1_106' title='bbox 755 1006 864 1044; x_wconf 86' lang='lat' dir='ltr'>audit</span> <span class='ocrx_word' id='word_1_107' title='bbox 883 1006 1084 1059; x_wconf 87' lang='lat' dir='ltr'>pupillum</span> <span class='ocrx_word' id='word_1_108' title='bbox 1105 1006 1176 1045; x_wconf 82' lang='lat' dir='ltr'>effe</span> <span class='ocrx_word' id='word_1_109' title='bbox 1196 1006 1341 1045; x_wconf 90' lang='lat' dir='ltr'>filium.</span> <span class='ocrx_word' id='word_1_110' title='bbox 1381 1007 1532 1052; x_wconf 90' lang='lat' dir='ltr'>Homo,</span> <span class='ocrx_word' id='word_1_111' title='bbox 1555 1007 1624 1059; x_wconf 92' lang='lat' dir='ltr'>qui</span> <span class='ocrx_word' id='word_1_112' title='bbox 1644 1006 1746 1044; x_wconf 89' lang='lat' dir='ltr'>sem-</span> 
     </span>
     <span class='ocr_line' id='line_1_14' title="bbox 329 1069 1748 1125; baseline 0.002 -17"><span class='ocrx_word' id='word_1_113' title='bbox 329 1082 398 1122; x_wconf 90' lang='lat' dir='ltr'>per</span> <span class='ocrx_word' id='word_1_114' title='bbox 416 1069 470 1108; x_wconf 90' lang='lat' dir='ltr'>ita</span> <span class='ocrx_word' id='word_1_115' title='bbox 498 1071 627 1123; x_wconf 87' lang='lat' dir='ltr'>palam</span> <span class='ocrx_word' id='word_1_116' title='bbox 656 1071 873 1117; x_wconf 68' lang='lat' dir='ltr'>dietitaffet,</span> <span class='ocrx_word' id='word_1_117' title='bbox 903 1072 1091 1125; x_wconf 86' lang='lat' dir='ltr'>pupillos,</span> <span class='ocrx_word' id='word_1_118' title='bbox 1112 1080 1151 1110; x_wconf 92' lang='lat' dir='ltr'>et</span> <span class='ocrx_word' id='word_1_119' title='bbox 1171 1072 1353 1125; x_wconf 81' lang='lat' dir='ltr'>pupillas,</span> <span class='ocrx_word' id='word_1_120' title='bbox 1375 1072 1623 1111; x_wconf 87' lang='lat' dir='ltr'>certiffimam</span> <span class='ocrx_word' id='word_1_121' title='bbox 1648 1086 1748 1125; x_wconf 79' lang='lat' dir='ltr'>prae-</span> 
     </span>
     <span class='ocr_line' id='line_1_15' title="bbox 329 1136 1748 1192; baseline 0.003 -18"><span class='ocrx_word' id='word_1_122' title='bbox 329 1136 421 1174; x_wconf 89' lang='lat' dir='ltr'>dam</span> <span class='ocrx_word' id='word_1_123' title='bbox 441 1137 513 1175; x_wconf 84' lang='lat' dir='ltr'>effe</span> <span class='ocrx_word' id='word_1_124' title='bbox 533 1138 782 1183; x_wconf 88' lang='lat' dir='ltr'>Praetoribus,</span> <span class='ocrx_word' id='word_1_125' title='bbox 817 1147 996 1190; x_wconf 81' lang='lat' dir='ltr'>optatum</span> <span class='ocrx_word' id='word_1_126' title='bbox 1031 1141 1233 1192; x_wconf 84' lang='lat' dir='ltr'>negotium</span> <span class='ocrx_word' id='word_1_127' title='bbox 1254 1139 1324 1177; x_wconf 88' lang='lat' dir='ltr'>fibi</span> <span class='ocrx_word' id='word_1_128' title='bbox 1356 1139 1397 1177; x_wconf 88' lang='lat' dir='ltr'>in</span> <span class='ocrx_word' id='word_1_129' title='bbox 1427 1139 1555 1178; x_wconf 88' lang='lat' dir='ltr'>finum</span> <span class='ocrx_word' id='word_1_130' title='bbox 1575 1139 1748 1178; x_wconf 88' lang='lat' dir='ltr'>delatum</span> 
     </span>
     <span class='ocr_line' id='line_1_16' title="bbox 330 1201 1747 1258; baseline 0.003 -18"><span class='ocrx_word' id='word_1_131' title='bbox 330 1201 402 1240; x_wconf 87' lang='lat' dir='ltr'>effe</span> <span class='ocrx_word' id='word_1_132' title='bbox 422 1202 590 1241; x_wconf 82' lang='lat' dir='ltr'>dicebat.</span> <span class='ocrx_word' id='word_1_133' title='bbox 619 1204 936 1242; x_wconf 90' lang='lat' dir='ltr'>Monumentum</span> <span class='ocrx_word' id='word_1_134' title='bbox 954 1204 1021 1242; x_wconf 91' lang='lat' dir='ltr'>illa</span> <span class='ocrx_word' id='word_1_135' title='bbox 1040 1205 1314 1258; x_wconf 87' lang='lat' dir='ltr'>amplitudine,</span> <span class='ocrx_word' id='word_1_136' title='bbox 1335 1205 1404 1244; x_wconf 90' lang='lat' dir='ltr'>illo</span> <span class='ocrx_word' id='word_1_137' title='bbox 1424 1219 1552 1258; x_wconf 89' lang='lat' dir='ltr'>opere,</span> <span class='ocrx_word' id='word_1_138' title='bbox 1571 1206 1747 1258; x_wconf 83' lang='lat' dir='ltr'>quamvis</span> 
     </span>
     <span class='ocr_line' id='line_1_17' title="bbox 329 1267 1750 1323; baseline 0.003 -17"><span class='ocrx_word' id='word_1_139' title='bbox 329 1267 474 1307; x_wconf 88' lang='lat' dir='ltr'>sartum</span> <span class='ocrx_word' id='word_1_140' title='bbox 495 1270 657 1315; x_wconf 69' lang='lat' dir='ltr'>tectum,</span> <span class='ocrx_word' id='word_1_141' title='bbox 679 1269 957 1322; x_wconf 88' lang='lat' dir='ltr'>integrumque</span> <span class='ocrx_word' id='word_1_142' title='bbox 977 1269 1079 1315; x_wconf 86' lang='lat' dir='ltr'>effet,</span> <span class='ocrx_word' id='word_1_143' title='bbox 1107 1279 1236 1308; x_wconf 85' lang='lat' dir='ltr'>tamen</span> <span class='ocrx_word' id='word_1_144' title='bbox 1255 1271 1402 1323; x_wconf 89' lang='lat' dir='ltr'>aliquid</span> <span class='ocrx_word' id='word_1_145' title='bbox 1423 1270 1459 1309; x_wconf 89' lang='lat' dir='ltr'>se</span> <span class='ocrx_word' id='word_1_146' title='bbox 1479 1272 1750 1317; x_wconf 86' lang='lat' dir='ltr'>inventurum,</span> 
     </span>
     <span class='ocr_line' id='line_1_18' title="bbox 330 1335 1750 1389; baseline 0.001 -15"><span class='ocrx_word' id='word_1_147' title='bbox 330 1335 372 1374; x_wconf 89' lang='lat' dir='ltr'>in</span> <span class='ocrx_word' id='word_1_148' title='bbox 393 1349 472 1388; x_wconf 90' lang='lat' dir='ltr'>quo</span> <span class='ocrx_word' id='word_1_149' title='bbox 492 1335 623 1374; x_wconf 86' lang='lat' dir='ltr'>moliri</span> <span class='ocrx_word' id='word_1_150' title='bbox 642 1335 879 1389; x_wconf 85' lang='lat' dir='ltr'>praedarique</span> <span class='ocrx_word' id='word_1_151' title='bbox 898 1335 1032 1389; x_wconf 85' lang='lat' dir='ltr'>poffet,</span> <span class='ocrx_word' id='word_1_152' title='bbox 1054 1336 1323 1375; x_wconf 85' lang='lat' dir='ltr'>arbitrabatur.</span> <span class='ocrx_word' id='word_1_153' title='bbox 1355 1337 1405 1375; x_wconf 90' lang='lat' dir='ltr'>L.</span> <span class='ocrx_word' id='word_1_154' title='bbox 1425 1337 1606 1377; x_wconf 85' lang='lat' dir='ltr'>Rabonio</span> <span class='ocrx_word' id='word_1_155' title='bbox 1627 1338 1750 1376; x_wconf 82' lang='lat' dir='ltr'>aedem</span> 
     </span>
     <span class='ocr_line' id='line_1_19' title="bbox 332 1401 1749 1457; baseline 0.003 -17"><span class='ocrx_word' id='word_1_156' title='bbox 332 1401 497 1441; x_wconf 83' lang='lat' dir='ltr'>Castoris</span> <span class='ocrx_word' id='word_1_157' title='bbox 533 1403 631 1442; x_wconf 87' lang='lat' dir='ltr'>tradi</span> <span class='ocrx_word' id='word_1_158' title='bbox 648 1403 863 1456; x_wconf 88' lang='lat' dir='ltr'>oportebat.</span> <span class='ocrx_word' id='word_1_159' title='bbox 896 1404 933 1442; x_wconf 87' lang='lat' dir='ltr'>Is</span> <span class='ocrx_word' id='word_1_160' title='bbox 968 1402 1055 1442; x_wconf 82' lang='lat' dir='ltr'>casu</span> <span class='ocrx_word' id='word_1_161' title='bbox 1086 1403 1230 1457; x_wconf 87' lang='lat' dir='ltr'>pupilli</span> <span class='ocrx_word' id='word_1_162' title='bbox 1250 1403 1361 1455; x_wconf 86' lang='lat' dir='ltr'>Junii</span> <span class='ocrx_word' id='word_1_163' title='bbox 1379 1412 1485 1443; x_wconf 89' lang='lat' dir='ltr'>tutor</span> <span class='ocrx_word' id='word_1_164' title='bbox 1511 1413 1604 1451; x_wconf 85' lang='lat' dir='ltr'>erat,</span> <span class='ocrx_word' id='word_1_165' title='bbox 1635 1404 1749 1444; x_wconf 85' lang='lat' dir='ltr'>testa-</span> 
     </span>
     <span class='ocr_line' id='line_1_20' title="bbox 331 1471 1748 1525; baseline 0.002 -18"><span class='ocrx_word' id='word_1_166' title='bbox 331 1478 467 1508; x_wconf 89' lang='lat' dir='ltr'>mento</span> <span class='ocrx_word' id='word_1_167' title='bbox 500 1471 646 1523; x_wconf 88' lang='lat' dir='ltr'>patris:</span> <span class='ocrx_word' id='word_1_168' title='bbox 679 1484 772 1508; x_wconf 90' lang='lat' dir='ltr'>cum</span> <span class='ocrx_word' id='word_1_169' title='bbox 807 1484 852 1509; x_wconf 90' lang='lat' dir='ltr'>eo</span> <span class='ocrx_word' id='word_1_170' title='bbox 882 1471 958 1509; x_wconf 84' lang='lat' dir='ltr'>fine</span> <span class='ocrx_word' id='word_1_171' title='bbox 978 1471 1061 1509; x_wconf 92' lang='lat' dir='ltr'>ullo</span> <span class='ocrx_word' id='word_1_172' title='bbox 1091 1472 1379 1511; x_wconf 86' lang='lat' dir='ltr'>intertrimento</span> <span class='ocrx_word' id='word_1_173' title='bbox 1399 1481 1628 1512; x_wconf 86' lang='lat' dir='ltr'>convenerat</span> <span class='ocrx_word' id='word_1_174' title='bbox 1648 1474 1748 1525; x_wconf 87' lang='lat' dir='ltr'>jam,</span> 
     </span>
     <span class='ocr_line' id='line_1_21' title="bbox 330 1536 1748 1590; baseline 0.002 -16"><span class='ocrx_word' id='word_1_175' title='bbox 330 1536 665 1588; x_wconf 87' lang='lat' dir='ltr'>quemadmodum</span> <span class='ocrx_word' id='word_1_176' title='bbox 687 1536 911 1575; x_wconf 88' lang='lat' dir='ltr'>traderetur.</span> <span class='ocrx_word' id='word_1_177' title='bbox 944 1536 1017 1575; x_wconf 89' lang='lat' dir='ltr'>Iste</span> <span class='ocrx_word' id='word_1_178' title='bbox 1051 1537 1097 1575; x_wconf 90' lang='lat' dir='ltr'>ad</span> <span class='ocrx_word' id='word_1_179' title='bbox 1118 1537 1153 1576; x_wconf 87' lang='lat' dir='ltr'>se</span> <span class='ocrx_word' id='word_1_180' title='bbox 1174 1538 1403 1577; x_wconf 86' lang='lat' dir='ltr'>Rabonium</span> <span class='ocrx_word' id='word_1_181' title='bbox 1423 1547 1534 1577; x_wconf 88' lang='lat' dir='ltr'>vocat</span> <span class='ocrx_word' id='word_1_182' title='bbox 1553 1554 1562 1577; x_wconf 73' lang='grc' dir='ltr'>ε</span> <span class='ocrx_word' id='word_1_183' title='bbox 1595 1539 1748 1590; x_wconf 83' lang='lat' dir='ltr'>quaerit,</span> 
     </span>
     <span class='ocr_line' id='line_1_22' title="bbox 332 1603 1748 1658; baseline 0.003 -19"><span class='ocrx_word' id='word_1_184' title='bbox 332 1603 475 1653; x_wconf 86' lang='lat' dir='ltr'>ecquid</span> <span class='ocrx_word' id='word_1_185' title='bbox 496 1604 556 1648; x_wconf 88' lang='lat' dir='ltr'>fit,</span> <span class='ocrx_word' id='word_1_186' title='bbox 586 1603 693 1655; x_wconf 92' lang='lat' dir='ltr'>quod</span> <span class='ocrx_word' id='word_1_187' title='bbox 713 1616 733 1640; x_wconf 90' lang='lat' dir='ltr'>a</span> <span class='ocrx_word' id='word_1_188' title='bbox 762 1603 914 1656; x_wconf 91' lang='lat' dir='ltr'>pupillo</span> <span class='ocrx_word' id='word_1_189' title='bbox 935 1603 1123 1642; x_wconf 84' lang='lat' dir='ltr'>traditum</span> <span class='ocrx_word' id='word_1_190' title='bbox 1157 1618 1235 1642; x_wconf 89' lang='lat' dir='ltr'>non</span> <span class='ocrx_word' id='word_1_191' title='bbox 1256 1604 1314 1649; x_wconf 89' lang='lat' dir='ltr'>fit,</span> <span class='ocrx_word' id='word_1_192' title='bbox 1347 1605 1452 1657; x_wconf 90' lang='lat' dir='ltr'>quod</span> <span class='ocrx_word' id='word_1_193' title='bbox 1472 1606 1576 1658; x_wconf 78' lang='lat' dir='ltr'>exigi</span> <span class='ocrx_word' id='word_1_194' title='bbox 1597 1605 1748 1644; x_wconf 88' lang='lat' dir='ltr'>debeat.</span> 
     </span>
     <span class='ocr_line' id='line_1_23' title="bbox 334 1668 1750 1723; baseline 0.003 -18"><span class='ocrx_word' id='word_1_195' title='bbox 334 1669 440 1705; x_wconf 89' lang='lat' dir='ltr'>Cum</span> <span class='ocrx_word' id='word_1_196' title='bbox 475 1668 555 1712; x_wconf 91' lang='lat' dir='ltr'>ille,</span> <span class='ocrx_word' id='word_1_197' title='bbox 586 1668 625 1705; x_wconf 92' lang='lat' dir='ltr'>id</span> <span class='ocrx_word' id='word_1_198' title='bbox 661 1668 768 1720; x_wconf 88' lang='lat' dir='ltr'>quod</span> <span class='ocrx_word' id='word_1_199' title='bbox 801 1677 892 1713; x_wconf 89' lang='lat' dir='ltr'>erat,</span> <span class='ocrx_word' id='word_1_200' title='bbox 923 1668 1080 1713; x_wconf 88' lang='lat' dir='ltr'>diceret,</span> <span class='ocrx_word' id='word_1_201' title='bbox 1117 1668 1275 1707; x_wconf 86' lang='lat' dir='ltr'>facilem</span> <span class='ocrx_word' id='word_1_202' title='bbox 1310 1671 1463 1723; x_wconf 90' lang='lat' dir='ltr'>pupillo</span> <span class='ocrx_word' id='word_1_203' title='bbox 1498 1671 1750 1709; x_wconf 85' lang='lat' dir='ltr'>traditionem</span> 
     </span>
     <span class='ocr_line' id='line_1_24' title="bbox 333 1732 1748 1787; baseline 0.003 -17"><span class='ocrx_word' id='word_1_204' title='bbox 333 1732 418 1778; x_wconf 82' lang='lat' dir='ltr'>effe,</span> <span class='ocrx_word' id='word_1_205' title='bbox 449 1733 555 1785; x_wconf 71' lang='lat' dir='ltr'>signa</span> <span class='ocrx_word' id='word_1_206' title='bbox 587 1741 625 1771; x_wconf 89' lang='lat' dir='ltr'>et</span> <span class='ocrx_word' id='word_1_207' title='bbox 660 1733 760 1771; x_wconf 88' lang='lat' dir='ltr'>dona</span> <span class='ocrx_word' id='word_1_208' title='bbox 794 1746 1016 1786; x_wconf 85' lang='lat' dir='ltr'>comparere</span> <span class='ocrx_word' id='word_1_209' title='bbox 1045 1734 1179 1772; x_wconf 86' lang='lat' dir='ltr'>omnia</span> <span class='ocrx_word' id='word_1_210' title='bbox 1194 1753 1206 1779; x_wconf 81' lang='lat'>3</span> <span class='ocrx_word' id='word_1_211' title='bbox 1245 1735 1372 1787; x_wconf 86' lang='lat' dir='ltr'>ipsum</span> <span class='ocrx_word' id='word_1_212' title='bbox 1408 1735 1603 1787; x_wconf 86' lang='lat' dir='ltr'>templum</span> <span class='ocrx_word' id='word_1_213' title='bbox 1637 1736 1748 1774; x_wconf 89' lang='lat' dir='ltr'>omni</span> 
     </span>
     <span class='ocr_line' id='line_1_25' title="bbox 332 1799 1748 1853; baseline 0.001 -15"><span class='ocrx_word' id='word_1_214' title='bbox 332 1812 447 1852; x_wconf 89' lang='lat' dir='ltr'>opere</span> <span class='ocrx_word' id='word_1_215' title='bbox 466 1799 538 1837; x_wconf 85' lang='lat' dir='ltr'>effe</span> <span class='ocrx_word' id='word_1_216' title='bbox 557 1799 752 1853; x_wconf 87' lang='lat' dir='ltr'>integrum</span> <span class='ocrx_word' id='word_1_217' title='bbox 770 1818 782 1845; x_wconf 84' lang='lat'>3</span> <span class='ocrx_word' id='word_1_218' title='bbox 814 1800 1023 1853; x_wconf 86' lang='lat' dir='ltr'>indignum</span> <span class='ocrx_word' id='word_1_219' title='bbox 1052 1800 1113 1839; x_wconf 87' lang='lat' dir='ltr'>isti</span> <span class='ocrx_word' id='word_1_220' title='bbox 1133 1800 1256 1839; x_wconf 88' lang='lat' dir='ltr'>videri</span> <span class='ocrx_word' id='word_1_221' title='bbox 1279 1801 1412 1853; x_wconf 84' lang='lat' dir='ltr'>coepit,</span> <span class='ocrx_word' id='word_1_222' title='bbox 1444 1815 1492 1840; x_wconf 84' lang='lat' dir='ltr'>ex</span> <span class='ocrx_word' id='word_1_223' title='bbox 1520 1810 1624 1840; x_wconf 85' lang='lat' dir='ltr'>tanta</span> <span class='ocrx_word' id='word_1_224' title='bbox 1654 1802 1748 1849; x_wconf 88' lang='lat' dir='ltr'>aede,</span> 
     </span>
     <span class='ocr_line' id='line_1_26' title="bbox 331 1866 1747 1921; baseline 0.002 -17"><span class='ocrx_word' id='word_1_225' title='bbox 331 1874 517 1919; x_wconf 87' lang='lat' dir='ltr'>tantoque</span> <span class='ocrx_word' id='word_1_226' title='bbox 537 1879 652 1919; x_wconf 90' lang='lat' dir='ltr'>opere</span> <span class='ocrx_word' id='word_1_227' title='bbox 672 1866 708 1905; x_wconf 91' lang='lat' dir='ltr'>se</span> <span class='ocrx_word' id='word_1_228' title='bbox 728 1880 806 1905; x_wconf 89' lang='lat' dir='ltr'>non</span> <span class='ocrx_word' id='word_1_229' title='bbox 827 1867 1009 1920; x_wconf 89' lang='lat' dir='ltr'>opimum</span> <span class='ocrx_word' id='word_1_230' title='bbox 1028 1867 1168 1920; x_wconf 72' lang='lat' dir='ltr'>praeda,</span> <span class='ocrx_word' id='word_1_231' title='bbox 1200 1867 1410 1920; x_wconf 85' lang='lat' dir='ltr'>praesertim</span> <span class='ocrx_word' id='word_1_232' title='bbox 1441 1881 1461 1905; x_wconf 86' lang='lat' dir='ltr'>a</span> <span class='ocrx_word' id='word_1_233' title='bbox 1480 1868 1646 1921; x_wconf 85' lang='lat' dir='ltr'>pupillo,</span> <span class='ocrx_word' id='word_1_234' title='bbox 1669 1868 1747 1907; x_wconf 87' lang='lat' dir='ltr'>dis-</span> 
     </span>
     <span class='ocr_line' id='line_1_27' title="bbox 332 1933 478 1972; baseline -0.007 0"><span class='ocrx_word' id='word_1_235' title='bbox 332 1933 478 1972; x_wconf 87' lang='lat' dir='ltr'>cedere.</span> 
     </span>
    </p>

    <p class='ocr_par' dir='ltr' id='par_1_4' title="bbox 334 1999 1750 2453">
     <span class='ocr_line' id='line_1_28' title="bbox 388 1999 1750 2055; baseline 0.003 -17"><span class='ocrx_word' id='word_1_236' title='bbox 388 2001 459 2039; x_wconf 93' lang='lat' dir='ltr'>LI.</span> <span class='ocrx_word' id='word_1_237' title='bbox 482 2000 603 2039; x_wconf 89' lang='lat' dir='ltr'>Venit</span> <span class='ocrx_word' id='word_1_238' title='bbox 623 1999 701 2053; x_wconf 88' lang='lat' dir='ltr'>ipse</span> <span class='ocrx_word' id='word_1_239' title='bbox 720 2000 762 2038; x_wconf 90' lang='lat' dir='ltr'>in</span> <span class='ocrx_word' id='word_1_240' title='bbox 783 2000 904 2039; x_wconf 86' lang='lat' dir='ltr'>aedem</span> <span class='ocrx_word' id='word_1_241' title='bbox 925 1999 1090 2039; x_wconf 85' lang='lat' dir='ltr'>Castoris</span> <span class='ocrx_word' id='word_1_242' title='bbox 1110 2015 1119 2039; x_wconf 94' lang='lat'><strong>:</strong></span> <span class='ocrx_word' id='word_1_243' title='bbox 1156 2000 1366 2040; x_wconf 85' lang='lat' dir='ltr'>confiderat</span> <span class='ocrx_word' id='word_1_244' title='bbox 1387 2001 1583 2055; x_wconf 88' lang='lat' dir='ltr'>templum</span> <span class='ocrx_word' id='word_1_245' title='bbox 1602 2016 1610 2040; x_wconf 92' lang='lat'>:</span> <span class='ocrx_word' id='word_1_246' title='bbox 1644 2001 1750 2042; x_wconf 88' lang='lat' dir='ltr'>videt</span> 
     </span>
     <span class='ocr_line' id='line_1_29' title="bbox 334 2065 1747 2120; baseline 0.002 -17"><span class='ocrx_word' id='word_1_247' title='bbox 334 2065 508 2118; x_wconf 88' lang='lat' dir='ltr'>undique</span> <span class='ocrx_word' id='word_1_248' title='bbox 528 2067 676 2104; x_wconf 67' lang='lat' dir='ltr'>testum</span> <span class='ocrx_word' id='word_1_249' title='bbox 707 2065 970 2119; x_wconf 88' lang='lat' dir='ltr'>pulcherrime</span> <span class='ocrx_word' id='word_1_250' title='bbox 996 2066 1219 2119; x_wconf 83' lang='lat' dir='ltr'>laqueatum</span> <span class='ocrx_word' id='word_1_251' title='bbox 1237 2085 1249 2112; x_wconf 69' lang='grc' dir='ltr'>ς</span> <span class='ocrx_word' id='word_1_252' title='bbox 1284 2076 1462 2120; x_wconf 82' lang='lat' dir='ltr'>praeterea</span> <span class='ocrx_word' id='word_1_253' title='bbox 1481 2076 1615 2106; x_wconf 81' lang='lat' dir='ltr'>caetera</span> <span class='ocrx_word' id='word_1_254' title='bbox 1636 2082 1747 2113; x_wconf 79' lang='lat' dir='ltr'>nova,</span> 
     </span>
     <span class='ocr_line' id='line_1_30' title="bbox 334 2132 1747 2188; baseline 0.002 -18"><span class='ocrx_word' id='word_1_255' title='bbox 334 2141 450 2184; x_wconf 83' lang='lat' dir='ltr'>atque</span> <span class='ocrx_word' id='word_1_256' title='bbox 470 2132 645 2185; x_wconf 86' lang='lat' dir='ltr'>integra:</span> <span class='ocrx_word' id='word_1_257' title='bbox 678 2132 798 2170; x_wconf 87' lang='lat' dir='ltr'>versat</span> <span class='ocrx_word' id='word_1_258' title='bbox 819 2133 881 2177; x_wconf 77' lang='lat' dir='ltr'>se3</span> <span class='ocrx_word' id='word_1_259' title='bbox 911 2133 1063 2184; x_wconf 82' lang='lat' dir='ltr'>quaerit,</span> <span class='ocrx_word' id='word_1_260' title='bbox 1086 2133 1182 2185; x_wconf 88' lang='lat' dir='ltr'>quid</span> <span class='ocrx_word' id='word_1_261' title='bbox 1202 2143 1302 2186; x_wconf 84' lang='lat' dir='ltr'>agat.</span> <span class='ocrx_word' id='word_1_262' title='bbox 1335 2135 1447 2173; x_wconf 89' lang='lat' dir='ltr'>Dicit</span> <span class='ocrx_word' id='word_1_263' title='bbox 1466 2135 1501 2173; x_wconf 89' lang='lat' dir='ltr'>ei</span> <span class='ocrx_word' id='word_1_264' title='bbox 1523 2135 1682 2188; x_wconf 78' lang='lat' dir='ltr'>quidam</span> <span class='ocrx_word' id='word_1_265' title='bbox 1701 2148 1747 2173; x_wconf 86' lang='lat' dir='ltr'>ex</span> 
     </span>
     <span class='ocr_line' id='line_1_31' title="bbox 336 2199 1746 2252; baseline 0.001 -16"><span class='ocrx_word' id='word_1_266' title='bbox 336 2199 414 2237; x_wconf 84' lang='lat' dir='ltr'>illis</span> <span class='ocrx_word' id='word_1_267' title='bbox 435 2199 610 2244; x_wconf 83' lang='lat' dir='ltr'>canibus,</span> <span class='ocrx_word' id='word_1_268' title='bbox 642 2212 739 2251; x_wconf 92' lang='lat' dir='ltr'>quos</span> <span class='ocrx_word' id='word_1_269' title='bbox 759 2199 827 2237; x_wconf 88' lang='lat' dir='ltr'>iste</span> <span class='ocrx_word' id='word_1_270' title='bbox 848 2200 986 2252; x_wconf 90' lang='lat' dir='ltr'>Liguri</span> <span class='ocrx_word' id='word_1_271' title='bbox 1008 2199 1154 2239; x_wconf 81' lang='lat' dir='ltr'>dixerat</span> <span class='ocrx_word' id='word_1_272' title='bbox 1175 2201 1246 2239; x_wconf 77' lang='lat' dir='ltr'>effe</span> <span class='ocrx_word' id='word_1_273' title='bbox 1266 2202 1366 2240; x_wconf 87' lang='lat' dir='ltr'>circa</span> <span class='ocrx_word' id='word_1_274' title='bbox 1391 2202 1425 2240; x_wconf 86' lang='lat' dir='ltr'>se</span> <span class='ocrx_word' id='word_1_275' title='bbox 1456 2203 1602 2241; x_wconf 83' lang='lat' dir='ltr'>multos</span> <span class='ocrx_word' id='word_1_276' title='bbox 1621 2221 1633 2246; x_wconf 64' lang='grc' dir='ltr'><strong><em>ς</em></strong></span> <span class='ocrx_word' id='word_1_277' title='bbox 1666 2203 1746 2244; x_wconf 85' lang='lat' dir='ltr'>Tu,</span> 
     </span>
     <span class='ocr_line' id='line_1_32' title="bbox 336 2265 1748 2320; baseline -0.001 -16"><span class='ocrx_word' id='word_1_278' title='bbox 336 2266 488 2311; x_wconf 86' lang='lat' dir='ltr'>Verres,</span> <span class='ocrx_word' id='word_1_279' title='bbox 519 2265 585 2304; x_wconf 90' lang='lat' dir='ltr'>hic</span> <span class='ocrx_word' id='word_1_280' title='bbox 607 2266 713 2318; x_wconf 85' lang='lat' dir='ltr'>quod</span> <span class='ocrx_word' id='word_1_281' title='bbox 733 2265 907 2311; x_wconf 82' lang='lat' dir='ltr'>moliare,</span> <span class='ocrx_word' id='word_1_282' title='bbox 939 2265 1038 2304; x_wconf 86' lang='lat' dir='ltr'>nihil</span> <span class='ocrx_word' id='word_1_283' title='bbox 1058 2267 1190 2313; x_wconf 81' lang='lat' dir='ltr'>habes,</span> <span class='ocrx_word' id='word_1_284' title='bbox 1220 2269 1288 2307; x_wconf 76' lang='lat' dir='ltr'>nisi</span> <span class='ocrx_word' id='word_1_285' title='bbox 1309 2268 1409 2308; x_wconf 87' lang='lat' dir='ltr'>forte</span> <span class='ocrx_word' id='word_1_286' title='bbox 1440 2271 1496 2307; x_wconf 67' lang='lat' dir='ltr'>vis</span> <span class='ocrx_word' id='word_1_287' title='bbox 1518 2269 1562 2306; x_wconf 76' lang='lat' dir='ltr'>ad</span> <span class='ocrx_word' id='word_1_288' title='bbox 1582 2280 1748 2320; x_wconf 84' lang='lat' dir='ltr'>perpen-</span> 
     </span>
     <span class='ocr_line' id='line_1_33' title="bbox 336 2332 1748 2386; baseline 0.001 -16"><span class='ocrx_word' id='word_1_289' title='bbox 336 2332 516 2372; x_wconf 88' lang='lat' dir='ltr'>diculum</span> <span class='ocrx_word' id='word_1_290' title='bbox 549 2333 751 2371; x_wconf 87' lang='lat' dir='ltr'>columnas</span> <span class='ocrx_word' id='word_1_291' title='bbox 786 2333 950 2386; x_wconf 77' lang='lat' dir='ltr'>exigere.</span> <span class='ocrx_word' id='word_1_292' title='bbox 1002 2334 1139 2372; x_wconf 88' lang='lat' dir='ltr'>Homo</span> <span class='ocrx_word' id='word_1_293' title='bbox 1170 2336 1350 2373; x_wconf 84' lang='lat' dir='ltr'>omnium</span> <span class='ocrx_word' id='word_1_294' title='bbox 1383 2348 1510 2372; x_wconf 62' lang='lat' dir='ltr'>rerum</span> <span class='ocrx_word' id='word_1_295' title='bbox 1547 2332 1748 2384; x_wconf 81' lang='lat' dir='ltr'>imperitus</span> 
     </span>
     <span class='ocr_line' id='line_1_34' title="bbox 335 2398 1750 2453; baseline -0.001 -17"><span class='ocrx_word' id='word_1_296' title='bbox 335 2399 487 2450; x_wconf 81' lang='lat' dir='ltr'>quaerit,</span> <span class='ocrx_word' id='word_1_297' title='bbox 519 2399 615 2452; x_wconf 88' lang='lat' dir='ltr'>quid</span> <span class='ocrx_word' id='word_1_298' title='bbox 635 2399 693 2445; x_wconf 90' lang='lat' dir='ltr'>fit,</span> <span class='ocrx_word' id='word_1_299' title='bbox 715 2400 761 2437; x_wconf 86' lang='lat' dir='ltr'>ad</span> <span class='ocrx_word' id='word_1_300' title='bbox 779 2399 1117 2453; x_wconf 82' lang='lat' dir='ltr'>perpendiculum.</span> <span class='ocrx_word' id='word_1_301' title='bbox 1165 2402 1316 2439; x_wconf 83' lang='lat' dir='ltr'>Dicunt</span> <span class='ocrx_word' id='word_1_302' title='bbox 1336 2401 1385 2444; x_wconf 86' lang='lat' dir='ltr'>ei,</span> <span class='ocrx_word' id='word_1_303' title='bbox 1411 2399 1488 2436; x_wconf 77' lang='lat' dir='ltr'>fere</span> <span class='ocrx_word' id='word_1_304' title='bbox 1509 2398 1656 2436; x_wconf 85' lang='lat' dir='ltr'>nullam</span> <span class='ocrx_word' id='word_1_305' title='bbox 1678 2398 1750 2436; x_wconf 81' lang='lat' dir='ltr'>effe</span> 
     </span>
    </p>
   </div>
   <div class='ocr_carea' id='block_1_3' title="bbox 339 2464 1748 2572">
    <p class='ocr_par' dir='ltr' id='par_1_5' title="bbox 339 2464 1748 2572">
     <span class='ocr_line' id='line_1_35' title="bbox 339 2464 1748 2522; baseline 0 -19"><span class='ocrx_word' id='word_1_306' title='bbox 339 2465 580 2512; x_wconf 82' lang='lat' dir='ltr'>columnam,</span> <span class='ocrx_word' id='word_1_307' title='bbox 602 2481 687 2519; x_wconf 86' lang='lat' dir='ltr'>quae</span> <span class='ocrx_word' id='word_1_308' title='bbox 708 2467 753 2506; x_wconf 87' lang='lat' dir='ltr'>ad</span> <span class='ocrx_word' id='word_1_309' title='bbox 773 2467 1098 2522; x_wconf 80' lang='lat' dir='ltr'>perpendiculum</span> <span class='ocrx_word' id='word_1_310' title='bbox 1119 2467 1189 2506; x_wconf 78' lang='lat' dir='ltr'>effe</span> <span class='ocrx_word' id='word_1_311' title='bbox 1216 2466 1342 2519; x_wconf 75' lang='lat' dir='ltr'>possit.</span> <span class='ocrx_word' id='word_1_312' title='bbox 1386 2465 1493 2504; x_wconf 73' lang='lat' dir='ltr'>Nam</span> <span class='ocrx_word' id='word_1_313' title='bbox 1513 2464 1748 2510; x_wconf 84' lang='lat' dir='ltr'>mehercule,</span> 
     </span>
     <span class='ocr_line' id='line_1_36' title="bbox 423 2531 1446 2572; baseline -0.006 -3"><span class='ocrx_word' id='word_1_314' title='bbox 423 2532 496 2569; x_wconf 94' lang='lat' dir='ltr'>To</span> <span class='ocrx_word' id='word_1_315' title='bbox 512 2544 564 2572; x_wconf 87' lang='lat' dir='ltr'>M.</span> <span class='ocrx_word' id='word_1_316' title='bbox 597 2533 670 2572; x_wconf 93' lang='lat' dir='ltr'>IV.</span> <span class='ocrx_word' id='word_1_317' title='bbox 1370 2532 1399 2569; x_wconf 81' lang='grc' dir='ltr'>Β</span> <span class='ocrx_word' id='word_1_318' title='bbox 1423 2531 1446 2570; x_wconf 84' lang='lat' dir='ltr'>b</span> 
     </span>
    </p>
   </div>
  </div>
 </body>
</html>
