2201 2792
408 77 480 127 148
829 78 919 118 IN
995 79 1377 120 VERREM

402 177 574 216 oratione
593 177 807 225 firmavero,
829 188 917 218 tum
937 180 1046 219 testes
1067 180 1113 218 ad
1133 181 1280 219 crimen
1301 179 1609 226 accommodem,
1632 188 1677 219 ut
1706 179 1807 220 nihil

401 244 503 282 inter
518 244 626 283 illam
641 246 817 284 usitatam
837 246 1132 292 accusationem,
1150 257 1263 300 atque
1280 246 1379 285 hanc
1400 261 1540 286 novam
1559 247 1720 294 interfit,
1737 248 1808 287 nifi

403 311 509 363 quod
530 313 570 350 in
591 312 657 350 illa
677 322 785 358 tunc,
817 327 909 352 cum
931 315 1062 352 omnia
1092 314 1192 352 dieta
1210 314 1311 359 sunt,
1344 314 1452 352 testes
1474 314 1611 353 dantur
1627 333 1638 360 ς
1671 314 1737 354 hic
1766 315 1810 353 in

403 377 568 431 singulas
589 392 644 416 res
666 379 871 425 dabuntur,
907 389 951 418 ut
970 380 1047 418 illis
1069 393 1225 433 quoque
1245 380 1378 418 eadem
1404 381 1663 434 interrogandi
1681 379 1807 419 facul-

403 454 474 489 tas,
496 446 803 497 argumentandi,
837 446 1066 498 dicendique
1098 447 1156 485 fit.
1189 447 1227 484 Si
1245 447 1332 498 quis
1363 447 1449 492 erit,
1481 448 1550 499 qui
1580 456 1809 501 perpetuam

402 510 616 548 orationem
636 510 994 563 accusationemque
1013 511 1208 556 desideret,
1228 511 1342 549 altera
1361 511 1509 549 adtione
1528 512 1679 551 audiet:
1701 525 1807 551 nunc

405 575 458 621 id,
474 576 579 628 quod
598 575 776 622 facimus,
801 578 859 629 (ea
879 578 1022 615 ratione
1037 576 1217 622 facimus,
1237 586 1279 615 ut
1296 577 1453 615 malitiae
1468 577 1629 616 illorum
1648 577 1809 616 confilio

404 643 532 680 nostro
551 645 816 695 occurramus)
840 643 1040 683 necessario
1059 644 1140 682 fieri
1158 644 1364 697 intelligat.

461 709 558 748 Haec
578 709 713 762 primae
732 710 891 748 aetionis
912 710 983 748 erit
1003 710 1204 749 accusatio.
1237 710 1434 755 Dicimus,
1456 710 1504 748 C.
1519 708 1697 754 Verrem,
1714 721 1809 747 cum

405 776 530 814 multa
549 776 767 822 libidinose,
802 777 926 815 multa
956 777 1162 815 crudeliter
1181 777 1223 815 in
1255 776 1357 815 cives
1378 776 1591 820 Romanos,
1623 784 1739 829 atque
1767 774 1809 813 in

404 842 539 887 socios,
571 843 695 882 multa
727 844 768 881 in
789 844 893 882 Deos
913 843 1166 896 hominesque
1186 842 1328 882 nefarie
1346 843 1493 888 fecerit,
1516 852 1603 881 tum
1631 851 1809 895 praeterea

404 909 715 961 quadringenties
747 909 957 948 sestertium
976 924 1023 948 ex
1045 910 1174 948 Sicilia
1199 919 1332 948 contra
1362 910 1463 962 leges
1483 908 1684 947 abstulisse.
1715 908 1808 945 Hoc

404 975 577 1020 testibus,
598 975 674 1014 hoc
696 976 849 1020 tabulis,
869 977 1025 1028 privatis
1046 976 1289 1028 publicisque
1309 974 1614 1018 auetoritatibus,
1631 972 1684 1010 ita
1698 972 1808 1011 vobis

404 1041 566 1093 planum
586 1040 788 1085 faciemus,
806 1050 849 1078 ut
869 1040 945 1079 hoc
963 1041 1145 1086 statuatis,
1163 1041 1280 1078 etiam
1297 1041 1323 1078 fi
1345 1040 1511 1093 spatium
1531 1039 1577 1077 ad
1597 1038 1808 1078 dicendum

404 1105 531 1144 nostro
551 1106 774 1151 commodo,
810 1105 1023 1158 vacuosque
1057 1106 1136 1146 dies
1163 1105 1438 1151 habuissemus,
1475 1114 1603 1144 tamen
1638 1104 1810 1143 oratione

405 1172 519 1225 longa
538 1172 637 1212 nihil
656 1185 752 1225 opus
773 1171 895 1211 fuiffe.
938 1173 1048 1211 Dixi.
