2201 2792
716 201 854 240 PRO
913 203 965 240 A.
1026 203 1338 242 cAEC1NA.
1642 218 1720 257 499

328 303 435 340 Cum
456 301 588 340 omnia
614 301 667 339 ita
699 300 798 339 facta
829 301 958 346 essent,
994 301 1326 354 quemadmodum
1360 314 1428 339 nos
1463 301 1721 348 defendimus,

330 367 528 405 Caeseunia
545 366 716 406 fundum
737 367 910 420 poffedit,
931 367 1173 420 locavitque:
1206 380 1332 419 neque
1350 367 1404 405 ita
1422 367 1549 405 multo
1569 367 1651 421 post
1671 370 1721 406 A.

330 435 493 474 Caecinae
512 435 655 488 nupsit.
687 436 746 473 Ut
763 435 804 473 in
825 448 946 488 pauca
971 434 1183 479 conferam,
1217 435 1442 473 testamento
1461 434 1562 473 facto
1582 435 1723 473 mulier

329 502 506 540 moritur.
539 502 650 540 Facit
668 500 851 540 heredem
874 515 921 540 ex
941 501 1100 546 deunce,
1134 510 1172 539 et
1192 501 1400 547 semuncia,
1423 502 1644 540 Caecinam:
1676 514 1723 539 ex

328 567 475 605 duabus
494 567 650 606 sextulis
671 568 735 606 M.
758 568 1000 612 Fulcinium,
1033 567 1218 605 libertum
1239 567 1440 619 superioris
1460 567 1532 605 viri
1551 581 1560 605 :
1592 567 1721 605 AEbu-

328 635 385 672 tio
405 635 591 674 sextulam
612 635 786 687 aspergit.
816 636 932 673 Hanc
951 634 1137 673 sextulam
1158 634 1225 672 illa
1245 634 1463 672 mercedem
1484 634 1544 672 isti
1563 634 1633 672 effe
1653 648 1720 672 vo-

328 699 403 737 luit
422 700 658 745 affiduitatis‚
680 708 717 737 et
737 699 934 745 molestiae,
956 699 982 737 fi
1003 713 1121 752 quam
1142 698 1377 753 susceperat:
1409 698 1477 737 iste
1503 708 1631 737 autem
1651 699 1722 737 hac

327 765 474 804 sextula
492 765 528 804 se
547 765 674 804 ansam
694 766 857 803 retinere
876 766 1057 804 omnium
1077 765 1416 804 controversiarum
1438 774 1559 818 putat.

382 831 477 868 VII.
509 831 597 881 Jam
618 830 812 883 principio
832 830 940 869 ausus
960 830 1013 868 est
1032 831 1171 875 dicere,
1202 844 1280 869 non
1311 830 1414 883 poffe
1443 829 1626 868 heredem
1653 829 1723 867 esse

328 896 533 935 Caesenniae
555 897 750 934 Caecinam
765 915 778 942 ς
810 897 914 948 quod
948 897 980 935 is
1001 897 1187 934 deteriore
1211 898 1300 949 jure
1319 896 1421 942 effet,
1457 910 1576 948 quam
1596 896 1722 934 caeteri

327 963 450 1008 cives,
483 971 639 1015 propter
668 963 967 1001 incommodum
998 963 1352 1008 Volaterranorum,
1385 963 1722 1014 calamitatemque

327 1029 498 1067 civilem.
535 1030 670 1082 Itaque
701 1028 822 1067 homo
854 1030 1014 1067 timidus
1036 1029 1328 1082 imperstusque,
1359 1030 1428 1082 qui
1456 1042 1580 1082 neque
1600 1029 1721 1067 animi

326 1109 451 1148 neque
471 1095 620 1133 consilii
641 1095 725 1133 satis
746 1094 916 1140 haberet,
949 1109 1027 1134 non
1048 1096 1198 1149 putavit
1227 1096 1299 1134 effe
1325 1096 1423 1134 tanti
1451 1094 1719 1140 hereditatem,

326 1171 371 1201 ut
404 1162 451 1199 de
484 1162 638 1200 civitate
671 1162 712 1200 in
747 1162 913 1200 dubium
944 1163 1089 1200 veniret
1107 1177 1116 1201 z
1148 1163 1343 1208 conceffit,
1380 1162 1508 1206 credo,
1540 1162 1719 1207 AEbutio,

325 1239 517 1282 quantum
539 1230 665 1275 vellet,
699 1230 744 1267 de
767 1230 970 1268 Caesenniae
991 1230 1101 1267 bonis
1124 1239 1166 1267 ut
1186 1229 1369 1274 haberet,
1402 1230 1542 1274 immo,
1575 1238 1619 1267 ut
1638 1229 1721 1267 viro

324 1294 418 1333 forti
438 1308 480 1333 ac
500 1295 658 1348 sapienti
679 1296 843 1348 dignum
861 1294 951 1341 fuit,
970 1296 1021 1333 ita
1041 1295 1277 1333 calumniam
1295 1295 1575 1347 stultitiamque
1594 1294 1719 1333 obtri-

325 1361 382 1399 vit
402 1375 444 1399 ac
465 1361 657 1400 contudit.

381 1430 426 1467 In
446 1428 664 1481 poffeffione
685 1428 876 1466 bonorum
897 1441 988 1466 cum
1010 1427 1112 1473 esset,
1135 1437 1172 1465 et
1193 1441 1285 1466 cum
1308 1428 1385 1480 ipse
1405 1428 1593 1465 sextulam
1614 1427 1719 1466 suam

326 1495 495 1532 nimium
519 1503 775 1546 exaggeraret,
792 1494 952 1531 nomine
972 1492 1130 1531 heredis*
1142 1494 1330 1531 arbitrum
1346 1492 1504 1531 familiae
1524 1492 1718 1531 erciscun-

325 1560 382 1598 dae
401 1560 619 1613 postulavit.
649 1561 781 1612 Atque
800 1559 878 1597 illis
898 1560 1029 1612 paucis
1051 1559 1199 1604 diebus,
1225 1560 1470 1612 posteaquam
1493 1559 1598 1598 videt
1618 1558 1718 1597 nihil

324 1627 360 1664 se
380 1627 427 1664 ab
447 1628 498 1664 A.
523 1626 676 1665 Caecina
695 1625 809 1679 posse,
832 1626 963 1664 litium
985 1635 1137 1670 terrore,
1169 1626 1346 1663 abradere
1361 1644 1373 1670 ς
1405 1624 1559 1664 homini
1580 1626 1718 1664 Romae

323 1693 365 1730 in
385 1691 470 1730 foro
490 1693 705 1737 denuntiat,
727 1690 894 1730 fundum
917 1691 1046 1735 illum,
1073 1692 1118 1729 de
1140 1705 1219 1743 quo
1239 1701 1324 1729 ante
1343 1691 1438 1736 dixi,
1460 1693 1569 1743 cujus
1600 1691 1717 1729 istum

325 1768 543 1812 emptorem
565 1759 818 1797 demonstravi
839 1757 950 1796 fuifl‘e
970 1758 1153 1796 mandatu
1176 1757 1394 1802 Caesenniae,
1417 1757 1528 1795 suum
1550 1757 1636 1802 effe,
1658 1757 1715 1795 se-

324 1839 400 1878 que
421 1826 489 1864 fibi
509 1825 651 1864 emisse.
675 1826 783 1877 Qid
803 1826 854 1863 ais
874 1826 887 1862 ?
920 1825 1028 1863 Istius
1050 1825 1116 1862 ille
1137 1823 1279 1862 fundus
1300 1824 1365 1869 est,
1399 1838 1515 1877 quem
1537 1824 1612 1861 siue
1639 1824 1717 1862 ulla

324 1892 575 1930 controversia
594 1892 906 1944 quadriennium,
933 1890 1009 1929 hoc
1030 1891 1094 1935 est,
1127 1904 1174 1928 ex
1195 1904 1273 1942 quo
1294 1900 1464 1943 tempore
1485 1889 1627 1927 fundus
1649 1903 1714 1927 ve-

323 1959 411 2004 niit,
433 1959 560 2011 quoad
579 1959 692 2004 vixit,
724 1958 883 2011 possedit
905 1957 1131 1996 Caesennia?
1165 1957 1264 1995 Usus
1291 1957 1411 2001 enim,
1444 1957 1586 2009 inquit,
1618 1957 1713 2009 ejus,

324 2033 362 2062 et
381 2023 528 2062 fructus
548 2023 676 2070 fundi,
700 2025 926 2063 testamento
946 2024 1031 2069 viri,
1053 2023 1177 2062 fuerat
1199 2021 1417 2061 Caesenniae.

380 2090 487 2128 Cum
507 2088 583 2128 hoc
607 2103 713 2128 novae
733 2090 812 2128 litis
838 2103 958 2142 genus
986 2098 1066 2127 tam
1090 2088 1279 2127 malitiose
1309 2088 1538 2134 intenderet,
1569 2088 1715 2141 placuit

324 2157 502 2202 Caecinae,
537 2156 584 2194 de
604 2156 819 2195 amicorum
854 2156 1049 2200 sententia,
1086 2155 1329 2200 constituere,
1365 2169 1444 2208 quo
1478 2155 1539 2192 die
1560 2155 1599 2192 in
1632 2167 1714 2191 rem

322 2221 548 2274 praesentem
568 2222 773 2266 veniretur,
806 2231 843 2259 et
864 2222 909 2259 de
928 2221 1052 2260 fundo
1073 2222 1226 2260 Caecina
1252 2222 1426 2259 moribus
1448 2220 1712 2258 deduceretur.

325 2287 641 2340 Colloquuntur:
684 2288 763 2326 dies
794 2302 840 2326 ex
871 2287 1067 2339 utriusque
1096 2287 1306 2326 commodo
1340 2287 1516 2324 sumitur.
1560 2283 1714 2322 Caecina

324 2366 417 2391 cum
450 2354 586 2392 amicis
617 2354 663 2392 ad
694 2354 798 2392 diem
831 2354 935 2392 venit
966 2354 1006 2391 in
1036 2353 1234 2391 castellum
1257 2353 1422 2390 Axiam:
1455 2363 1501 2386 ex
1527 2362 1604 2400 quo
1626 2348 1711 2386 loco
1760 2385 1765 2389 ,

324 2417 467 2457 fundus
488 2420 535 2464 is,
567 2420 614 2458 de
633 2434 711 2472 quo
730 2421 869 2473 agitur,
891 2434 969 2458 non
990 2420 1105 2472 longe
1125 2419 1239 2458 abest.
1273 2418 1333 2454 Ibi
1359 2416 1498 2454 certior
1517 2414 1560 2452 fit
1581 2427 1601 2451 a
1622 2415 1711 2466 plu-

323 2485 459 2531 ribus,
500 2484 679 2525 homines
715 2487 944 2539 permultos,
979 2487 1119 2525 liberos
1153 2495 1268 2537 atque
1302 2482 1442 2526 servos,
1481 2480 1642 2533 coegisse
1673 2490 1712 2519 et

1252 2549 1288 2586 R
1312 2562 1328 2586 r
1349 2562 1365 2585 r
1388 2560 1408 2586 2
