2201 2792
500 145 577 182 240
822 166 824 169 .
929 129 1018 168 IN
1091 128 1472 166 VERREM

551 233 722 272 XLVII.
756 232 846 268 Hoc
868 229 913 267 de
933 228 1106 273 homine,
1134 242 1176 267 ac
1197 229 1243 266 de
1262 228 1377 280 hujus
1408 227 1534 272 bonis,
1565 226 1681 264 etiam
1701 225 1742 263 in
1769 226 1897 276 Eryco

498 310 631 340 monte
645 306 946 337 monumentum
962 306 1119 333 tuorum
1136 295 1384 347 flagitiorum,
1398 293 1707 344 crudelitatisque
1720 291 1894 345 posuisti:

498 369 539 405 in
559 381 637 419 quo
659 363 1069 404 StheniiThermitani
1091 375 1233 399 nomen
1254 361 1460 412 ascriptum
1477 360 1542 398 est.
1566 359 1660 396 Vidi
1673 367 1897 411 argenteum

498 433 735 486 Cupidinem
757 444 848 467 cum
875 428 1063 480 lampade,
1107 427 1215 477 Qid
1243 426 1395 463 tandem
1417 425 1553 463 habuit
1572 424 1803 476 argumenti,
1834 431 1899 460 aut

497 499 653 538 rationis
675 511 746 541 res,
763 495 1016 547 quamobrem
1037 494 1077 530 in
1098 506 1142 530 eo
1162 490 1402 544 potissimum
1419 490 1672 529 Sthenianum
1693 489 1899 542 praemium

497 574 704 620 poneretur
724 564 735 599 ?
769 559 900 599 utrum
920 559 995 597 hoc
1017 559 1168 610 signum
1187 558 1408 610 cupiditatis
1438 566 1526 601 tuae,
1554 570 1601 593 an
1622 564 1807 608 tropaeum
1829 568 1898 592 ne-

499 630 746 674 ceffitudinis‚
778 636 892 679 atque
923 625 1104 677 hospitii,
1147 638 1193 662 an
1224 624 1363 661 amoris
1398 623 1589 660 indicium
1619 621 1688 659 effe
1718 620 1898 659 voluisti?

498 698 664 737 Faciunt
684 695 759 733 hoc
789 692 981 736 homines,
1014 704 1110 743 quos
1141 691 1180 727 in
1203 690 1353 728 summa
1386 688 1558 741 nequitia
1585 701 1663 725 non
1693 687 1818 725 solum
1849 686 1900 724 li-

500 765 592 802 bido
624 772 661 800 et
691 761 880 813 voluptas,
916 771 1051 795 verum
1085 757 1200 794 etiam
1229 756 1342 809 ipsius
1364 755 1544 808 nequitiae
1574 753 1690 798 fama,
1725 753 1899 797 deleffitat,

499 840 544 868 ut
575 828 710 867 multis
740 828 781 864 in
813 826 906 862 locis
938 833 1060 867 notas,
1091 836 1134 860 ac
1164 822 1317 874 vestigia
1336 821 1520 859 scelerum
1549 820 1703 858 suorum
1735 818 1902 870 relinqui

498 896 633 935 velint.
669 893 840 932 Ardebat
860 904 988 929 amore
1014 890 1119 927 illius
1139 888 1312 942 hospitae,
1335 897 1489 940 propter
1507 900 1623 938 quam
1644 885 1801 937 hospitii
1815 886 1903 937 jura

498 963 669 1001 violarat.
703 961 793 998 Hoc
814 972 892 996 non
914 957 1037 995 solum
1068 956 1152 993 sciri
1184 965 1284 999 tum,
1316 968 1449 992 verum
1471 954 1586 991 etiam
1606 951 1905 990 commemorari

499 1030 647 1081 semper
666 1026 830 1064 volebat.
856 1025 989 1075 Itaque
1008 1036 1054 1060 ex
1075 1022 1141 1059 illa
1160 1021 1237 1074 ipsa
1257 1034 1308 1065 re,
1326 1033 1458 1072 quam,
1475 1018 1671 1057 accusante
1688 1017 1900 1070 Agathino,

500 1094 669 1148 gesserat,
690 1091 832 1129 Veneri
861 1089 1101 1142 potissimum
1124 1087 1253 1125 deberi
1279 1086 1483 1139 praemium
1503 1085 1646 1129 statuit,
1683 1098 1766 1136 quae
1795 1084 1904 1122 illam

498 1170 622 1200 totam
642 1158 936 1200 accusationem,
966 1154 1241 1207 judiciumque
1262 1152 1454 1190 conflarat.
1493 1153 1672 1189 Putarem
1695 1159 1731 1187 te
1750 1159 1904 1202 gratum

498 1228 540 1266 in
561 1228 680 1270 Deos,
703 1224 728 1261 fi
750 1222 824 1260 hoc
845 1223 993 1260 donum
1016 1220 1156 1257 Veneri
1178 1232 1254 1255 non
1275 1218 1321 1254 de
1343 1215 1493 1255 Sthenii
1513 1216 1624 1254 bonis
1649 1216 1820 1260 dedisses,
1842 1215 1904 1253 sed

501 1294 547 1331 de
568 1293 643 1330 tuis
661 1306 670 1329 :
704 1289 808 1342 quod
829 1288 951 1325 facere
972 1285 1148 1329 debuisti,
1172 1284 1380 1337 praesertim
1401 1297 1493 1322 cum
1515 1283 1586 1320 tibi
1607 1283 1676 1320 illo
1698 1282 1779 1335 ipso
1803 1295 1903 1320 anno

500 1372 521 1395 a
537 1356 754 1396 Chelidone
774 1352 928 1391 veniffet
948 1350 1160 1389 haereditas.

556 1425 639 1462 Hic
673 1436 757 1474 ego,
799 1420 824 1457 fi
856 1418 955 1456 hanc
990 1417 1140 1455 causam
1185 1431 1263 1454 non
1300 1417 1479 1455 omnium
1515 1415 1734 1454 Siculorum
1769 1423 1905 1467 rogatu

501 1489 753 1543 recepiffem3
787 1487 812 1524 fi
844 1484 918 1523 hoc
950 1498 970 1522 a
1004 1498 1067 1522 me
1099 1483 1268 1521 muneris
1303 1497 1380 1521 non
1416 1482 1586 1521 universa
1606 1481 1801 1534 provincia
1831 1495 1904 1534 po-

501 1555 704 1610 posciffet3
738 1553 762 1590 s1
791 1565 852 1589 me
884 1551 1049 1595 animus,
1080 1558 1194 1601 atque
1229 1563 1335 1588 amor
1366 1549 1406 1586 in
1438 1547 1736 1601 rempublicam,
1773 1547 1904 1585 existi-

502 1623 700 1672 matioque
720 1617 861 1656 offensa
891 1616 1007 1654 nostri
1028 1615 1186 1660 ordinis,
1218 1628 1259 1652 ac
1291 1615 1533 1666 judiciorum
1568 1627 1645 1651 non
1676 1612 1752 1650 hoc
1782 1611 1905 1650 facere

503 1686 708 1740 coegisset,
752 1694 866 1735 atque
901 1681 983 1720 haec
1018 1695 1092 1719 una
1125 1680 1232 1719 causa
1262 1679 1401 1725 fuiffet,
1439 1679 1544 1732 quod
1577 1680 1764 1723 amicum,
1792 1688 1906 1731 atque

502 1753 695 1806 hospitem
727 1764 861 1788 meum
894 1747 1115 1792 Sthenium,
1151 1760 1269 1799 quem
1301 1746 1341 1783 in
1362 1746 1547 1798 quaestura
1567 1759 1652 1783 mea
1671 1731 1907 1797 singulariter

503 1818 728 1862 dilexissem,
762 1817 808 1854 de
838 1829 916 1868 quo
936 1815 1085 1867 optime
1105 1812 1386 1856 existimaffem,
1410 1826 1527 1864 quem
1558 1814 1598 1849 in
1620 1811 1817 1864 provincia
1836 1823 1905 1848 ex-

502 1885 745 1924 istimationis
775 1896 868 1920 meae
899 1879 1233 1923 studiofiffimum‚
1269 1879 1637 1930 cupidiffimumque
1670 1875 1905 1928 cognossem,

504 1961 585 1989 tam
616 1949 844 1991 crudeliter,
879 1946 1076 1989 scelerate,
1122 1943 1340 1995 nefarieque
1374 1942 1584 1981 tractasses:
1628 1951 1757 1980 tamen
1792 1942 1908 1994 digna

505 2017 613 2055 causa
640 2015 750 2059 effet,
789 2027 856 2051 cur
887 2011 1110 2049 inimicitias
1141 2009 1313 2048 hominis
1349 2008 1620 2062 improbissimi
1653 2008 1906 2061 susciperem,

505 2092 548 2122 ut
582 2081 743 2134 hospitis
778 2079 962 2122 salutem,
1011 2076 1257 2128 fortunasque
1292 2075 1549 2113 defenderem.
1610 2075 1800 2113 Fecerunt
1832 2074 1908 2112 hoc

505 2149 622 2188 multi
644 2147 745 2199 apud
778 2146 936 2196 majores
964 2143 1137 2188 nostros3
1170 2142 1263 2180 fecit
1293 2142 1409 2181 etiam
1440 2155 1561 2194 nuper
1595 2139 1716 2179 horno
1749 2140 1906 2178 clariffi-

506 2229 608 2259 mus,
641 2214 716 2252 Cn.
750 2211 965 2255 Domitius,
997 2210 1065 2261 qui
1098 2210 1160 2247 M.
1185 2209 1372 2253 Silanum,
1405 2207 1641 2246 consularem
1667 2207 1809 2251 virum,
1842 2219 1907 2244 ac-

506 2281 650 2320 cusavit
682 2287 835 2331 propter
857 2275 1094 2328 Egi-itomari
1120 2274 1365 2327 Transalpini
1385 2273 1545 2326 hospitis
1566 2272 1735 2324 injurias.
1788 2273 1907 2310 Puta-

508 2362 590 2386 rem
611 2359 674 2384 me
701 2345 897 2387 idoneum,
933 2342 1001 2394 qui
1031 2340 1257 2392 exemplum
1292 2340 1461 2393 sequerer
1494 2337 1760 2382 humanitatis,
1795 2346 1910 2390 atque

507 2411 652 2456 officii,
689 2420 1020 2464 proponeremque
1053 2405 1156 2459 spem
1187 2405 1282 2442 meis
1318 2404 1530 2457 hospitibus
1549 2433 1559 2448 ,
1596 2416 1638 2440 ac
1670 2401 1907 2448 necessariis,

507 2491 588 2531 quo
609 2477 792 2516 tutiorem
813 2475 932 2514 vitam
951 2472 1024 2512 sese
1050 2485 1138 2511 meo
1158 2470 1328 2525 praefidio
1348 2471 1512 2511 νίξὶυῐοε
1533 2468 1603 2508 effe
1623 2469 1907 2509 arbitrarentur.
