2201 2792
434 200 486 237 40
905 185 1260 224 ORATIO

433 289 496 326 M.
521 287 734 332 Marcell&
767 287 1036 326 vadimonium
1057 286 1158 325 mihi
1192 301 1270 325 non
1303 286 1401 325 obiit
1435 286 1594 339 quidam
1629 287 1766 334 socius,
1803 297 1841 326 et

433 355 558 393 affinis
595 368 718 399 meus,
762 354 924 407 quicum
963 353 1063 392 mihi
1095 353 1328 392 neceffitudo
1358 362 1483 399 vetus,
1514 355 1765 393 controversia
1796 355 1842 393 de

435 435 473 459 re
504 422 721 474 pecuniaria
752 434 881 458 recens
913 421 1149 459 intercedit:
1190 421 1391 474 postulone
1426 435 1446 459 a
1470 422 1647 466 Praetore,
1678 431 1721 459 ut
1761 422 1842 473 ejus

434 489 535 526 bona
556 487 654 525 mihi
677 487 859 540 poffidere
878 487 1023 525 liceat?
1055 501 1116 532 an,
1147 501 1241 526 cum
1262 489 1400 526 Romae
1427 488 1565 526 domus
1596 489 1692 540 ejus,
1728 502 1841 532 uxor,

435 555 547 592 liberi
583 555 681 599 lint,
713 554 878 592 domum
909 555 1037 607 potius
1073 554 1336 592 denuntiem?
1384 555 1493 606 Qid
1527 555 1592 599 est,
1627 555 1734 607 quod
1769 554 1842 592 hac

435 622 588 659 tandem
623 621 668 659 de
705 635 742 658 re
775 621 884 659 vobis
923 621 1036 673 poffit
1074 621 1221 658 videri?
1254 620 1444 666 Profeeto,
1486 622 1510 660 fi
1553 623 1650 669 redte
1683 621 1842 659 vestram

437 687 651 725 bonitatem
682 696 797 739 atque
830 687 1074 740 prudentiam
1107 687 1297 739 cognovi,
1343 701 1421 725 non
1457 687 1631 725 multum
1670 701 1734 725 me
1767 686 1843 725 fal-

435 754 512 798 lit,
546 755 570 791 fi
602 753 858 791 consulamini
880 783 890 799 ‚
923 754 1020 806 quid
1053 754 1130 792 sitis
1158 753 1366 807 responsuri
1390 769 1399 792 z
1432 747 1633 807 primum,
1663 755 1841 806 expecta-

436 834 505 865 re,
549 820 699 865 deinde,
731 821 757 858 si
788 820 948 866 latitare,
990 834 1033 858 ac
1068 821 1213 858 diutius
1246 820 1443 859 ludificare
1474 820 1665 865 videatur,
1697 820 1843 858 amicos

435 886 671 930 convenire;
717 899 895 938 quaerere,
941 887 1027 938 quis
1057 895 1281 939 procurator
1305 886 1378 932 fit,
1410 886 1574 925 domum
1604 886 1841 924 denuntiare.

437 953 529 991 Dici
560 953 624 990 vix
660 953 794 1005 potest,
841 966 959 1005 quam
995 953 1120 991 multa
1151 952 1237 997 fint‚
1271 966 1356 1005 quae
1390 952 1613 1005 respondeas
1647 961 1734 990 ante
1763 951 1844 989 fieri

434 1028 623 1070 oportere,
656 1032 774 1070 quam
806 1018 852 1055 ad
882 1017 982 1056 hanc
1013 1019 1202 1055 rationem
1222 1026 1436 1056 extremam
1468 1017 1709 1055 neceffariam
1728 1017 1843 1054 deve-

435 1085 530 1122 nire.

491 1150 598 1201 Qid
619 1150 665 1187 ad
684 1149 766 1187 haec
788 1149 977 1188 Naevius?
1010 1149 1129 1186 Ridet
1155 1149 1301 1186 scilicet
1332 1148 1499 1186 nostram
1519 1148 1744 1192 amentiam,
1776 1148 1845 1200 qui

436 1218 475 1254 in
497 1217 574 1254 vita
594 1216 657 1253 sua
676 1215 864 1252 rationem
884 1214 1028 1252 summi
1048 1214 1169 1252 officii
1195 1214 1464 1259 defideremus,
1495 1223 1534 1252 et
1565 1213 1739 1252 instituta
1770 1214 1842 1252 bo-

435 1296 576 1320 norum
597 1283 768 1319 virorum
799 1280 1052 1332 requiramus.
1095 1280 1204 1333 Qid
1224 1279 1339 1325 mihi,
1371 1280 1515 1333 inquit,
1537 1294 1630 1318 cum
1650 1280 1718 1317 ista
1737 1279 1845 1319 sum-

435 1363 498 1387 ma
532 1348 793 1392 sanffimonia,
824 1360 867 1385 ac
896 1347 1128 1399 diligentia?
1160 1348 1339 1391 viderint,
1361 1348 1503 1400 inquit,
1530 1347 1599 1386 ista
1617 1347 1746 1385 officia
1772 1347 1846 1385 viri

436 1416 542 1460 boni,
575 1415 621 1453 de
642 1427 705 1452 me
725 1423 853 1451 autem
873 1413 926 1450 ita
945 1413 1210 1458 confiderent;
1243 1427 1336 1459 non,
1358 1414 1453 1465 quid
1471 1412 1649 1458 habeam,
1672 1413 1734 1451 sed
1754 1413 1845 1465 qui-

437 1482 508 1519 bus
530 1481 641 1518 rebus
663 1480 890 1523 invenerim,
914 1488 1111 1531 quaerant;
1143 1488 1182 1517 et
1201 1479 1535 1532 quemadmodum
1556 1488 1680 1524 natuS,
1707 1487 1745 1517 et
1765 1492 1846 1531 quo

436 1550 546 1601 pacto
567 1548 749 1584 educatus
771 1546 854 1590 fim,
886 1546 1064 1584 memini.
1098 1546 1221 1584 Vetus
1241 1546 1307 1591 est,
1339 1547 1548 1600 Descurrcz
1575 1547 1685 1585 multo
1689 1546 1847 1598 facilius

436 1615 596 1657 divitem,
630 1627 734 1666 quam
748 1612 1063 1665 patrenfium'lias‚
1080 1612 1176 1664 fieri
1194 1612 1299 1665 poſjb.
1342 1613 1440 1651 Haec
1461 1612 1542 1658 ille,
1572 1613 1599 1650 fi
1620 1611 1745 1650 verbis
1766 1625 1846 1650 non

436 1680 562 1726 audet,
594 1693 633 1717 re
667 1679 827 1731 quidem
848 1678 934 1716 vera
954 1678 1081 1731 palam
1102 1678 1288 1731 loquitur.
1331 1679 1494 1717 Etenim
1515 1679 1541 1716 fi
1568 1678 1654 1717 vult
1673 1678 1846 1717 virorum

437 1748 629 1784 bonorum
650 1744 826 1782 instituto
856 1744 995 1789 vivere,
1027 1744 1150 1783 multa
1169 1753 1322 1798 oportet
1352 1745 1484 1791 discat,
1515 1754 1629 1798 atque
1649 1744 1844 1790 dediscat;

435 1826 602 1865 quorum
624 1810 683 1848 illi
703 1811 803 1848 aetati
824 1819 1034 1862 utrumque
1055 1811 1215 1849 difficile
1235 1811 1300 1849 est.

465 1879 619 1917 XVIII.
643 1878 737 1916 Non
758 1877 944 1921 dubitavi,
964 1877 1106 1929 inquit,
1128 1890 1222 1915 cum
1241 1877 1510 1916 vadimonium
1530 1876 1721 1914 desertum
1742 1874 1845 1922 effet,

438 1946 537 1984 bona
558 1944 803 1998 proscribere.
837 1942 1044 1996 Improbe:
1077 1942 1225 1989 verum,
1258 1945 1444 1997 quoniam
1466 1953 1509 1982 tu
1529 1944 1568 1982 id
1589 1944 1662 1982 tibi
1681 1957 1845 1997 arrogas,

437 2022 473 2051 et
495 2012 655 2050 concedi
686 2010 866 2064 postula8‚
902 2011 1173 2049 concedamus.
1221 2011 1330 2062 Qid
1362 2011 1387 2048 fi
1419 2025 1621 2064 nunquam
1654 2011 1846 2049 deseruit?

438 2079 464 2116 fi
486 2079 552 2116 ista
571 2078 678 2116 causa
709 2077 774 2115 abs
807 2086 844 2114 te
865 2086 944 2115 tota
974 2091 1041 2130 per
1061 2077 1252 2116 summam
1273 2076 1448 2116 fraudem
1469 2086 1506 2116 et
1536 2078 1726 2116 malitiam
1760 2077 1849 2116 ficsta

438 2146 489 2183 est
508 2147 520 2183 ?
552 2145 577 2183 fi
599 2144 866 2183 vadimonium
897 2144 1060 2182 omnino
1081 2145 1153 2182 tibi
1173 2158 1266 2183 cum
1287 2145 1332 2183 P.
1356 2145 1524 2196 Qintio
1551 2145 1708 2183 nullum
1739 2143 1845 2182 fuit?

438 2226 517 2265 quo
538 2221 574 2250 te
596 2212 753 2250 nomine
773 2211 1038 2264 appellemus?
1071 2212 1330 2264 Improbum?
1362 2213 1430 2258 At,
1462 2213 1580 2250 etiam
1600 2211 1626 2249 fi
1655 2211 1846 2249 desertum

438 2279 706 2316 vadimonium
727 2277 830 2322 effet,
863 2287 992 2315 tamen
1023 2277 1064 2314 in
1098 2277 1165 2315 ista
1197 2278 1465 2330 postulatione,
1501 2287 1539 2316 et
1570 2277 1849 2330 proscriptione

440 2347 647 2391 bonorum,
670 2344 971 2398 improbiffimus
992 2344 1237 2397 reperiebare.
1271 2345 1384 2383 Num
1401 2345 1667 2383 malitiosum?
1699 2344 1845 2397 Negas.

440 2413 745 2451 fraudulentum
766 2413 778 2449 ?
797 2413 886 2463 Jam
907 2412 946 2449 id
968 2412 1125 2463 quidem
1142 2425 1289 2464 arrogas
1312 2412 1397 2457 tibi,
1415 2421 1452 2450 et
1473 2412 1698 2464 praeclarum
1718 2421 1844 2464 putas.

439 2479 668 2516 Audacem?
702 2479 920 2531 cupidum?
952 2477 1230 2531 perfidiosum?
1264 2478 1460 2532 Vulgaria,
1489 2488 1527 2517 et
1547 2478 1712 2517 obsoleta
1734 2477 1844 2522 sunt3

438 2559 495 2583 res
517 2553 646 2583 autem
669 2558 776 2590 nova,
799 2556 911 2598 atque
933 2544 1114 2582 inaudita.
