2201 2792
590 151 937 192 ACTIONIS
969 152 1022 189 ΙΙ.
1083 151 1292 190 LIBER
1334 154 1388 191 ΙΙ.
1616 167 1691 208 233

292 263 470 306 praeterea
499 251 646 289 addidit
674 250 796 289 homo
816 250 1020 294 Venerius,
1058 264 1157 289 novo
1192 251 1324 296 modo,
1361 251 1470 289 nullo
1501 253 1694 304 exemplo,

293 320 352 359 Ob
370 335 445 358 eam
463 333 537 358 rem
556 319 653 357 H-S
671 318 891 371 quingenties
912 317 1043 357 Veneri
1056 318 1239 370 Effycince,
1261 317 1302 356 de
1322 318 1464 356 Sthenii
1479 317 1576 356 bonis
1590 333 1695 357 exac-

291 395 442 430 turum;
481 385 658 437 bonaque
689 386 770 437 ejus
801 385 929 423 statim
964 384 1085 436 coepit
1115 384 1300 422 vendere:
1333 393 1371 421 et
1402 383 1639 428 vendidiffet,
1670 384 1696 422 fi

291 452 488 490 tantulum
509 465 625 489 morae
645 449 785 496 fuiffet,
807 464 886 503 quo
907 450 1036 488 minus
1058 450 1092 487 ei
1112 450 1276 502 pecunia
1295 449 1362 487 illa
1381 458 1658 487 numeraretur.

348 519 406 556 Ea
438 517 684 571 posteaquam
715 526 915 555 numerata
944 516 1010 561 est,
1043 525 1248 554 contentus
1280 515 1352 554 hac
1386 516 1592 568 iniquitate
1622 529 1699 553 non

291 583 393 622 fuit:
425 584 552 637 palam
571 584 618 622 de
648 583 750 628 sella,
783 597 826 622 ac
847 582 1031 621 tribunali
1062 583 1311 636 pronuntiat3
1345 583 1388 621 Si
1417 583 1495 636 quis
1526 582 1700 636 absentem

293 651 481 690 Sthenium
495 651 552 689 rei
567 650 733 703 capitalis
746 665 845 688 reum
850 650 983 702 facere
997 650 1117 695 vellet,
1126 651 1202 703 fist
1221 650 1293 702 ejus
1311 664 1432 688 nomen
1452 659 1699 702 recepturum:

294 726 333 755 et
352 717 478 762 fimul,
511 727 555 756 ut
585 717 630 755 ad
652 717 801 756 causam
828 717 1038 762 accederet,
1072 730 1294 769 nomenque
1325 715 1500 762 deferret,
1531 715 1700 768 Agathi-

292 798 405 829 num,
429 798 576 823 novum
596 784 765 829 affinem,
798 794 912 837 atque
932 783 1138 837 hospitem,
1160 784 1280 837 coepit
1300 783 1458 822 hortari.
1496 785 1606 822 Tum
1636 783 1702 820 ille

293 850 408 896 clare,
431 851 614 889 omnibus
634 850 894 896 audientibus,
930 850 1003 888 sese
1024 851 1063 889 id
1084 864 1162 889 non
1189 850 1259 888 effe
1279 849 1488 895 fafiturum,
1521 863 1646 902 neque
1666 849 1702 886 se

294 917 414 970 usque
448 918 493 956 eo
515 916 675 956 Sthenio
695 917 767 956 effe
801 918 1025 963 inimicum,
1062 926 1105 956 ut
1132 931 1223 955 eum
1251 918 1305 955 rei
1338 917 1512 969 capitalis
1544 916 1701 955 affinem

295 983 367 1021 effe
387 983 542 1022 diceret.
575 984 656 1022 Hic
677 993 763 1022 tum
784 993 939 1036 repente
971 984 1137 1022 Pacilius
1167 984 1340 1036 quidam,
1372 982 1493 1022 homo
1524 995 1638 1035 egens
1665 991 1703 1020 et

295 1048 405 1095 levis,
427 1050 586 1088 accedit.
608 1050 692 1094 Ait,
714 1049 741 1087 fi
758 1049 903 1094 liceret,
922 1063 1065 1087 nomen
1082 1049 1244 1087 absentis
1266 1048 1410 1087 deferre
1430 1049 1465 1087 se
1486 1049 1597 1086 velle.
1631 1049 1703 1087 Iste

295 1129 400 1160 vero,
432 1125 470 1154 et
489 1115 618 1160 licere,
641 1124 678 1153 et
698 1115 780 1153 fieri
801 1115 932 1160 solere,
954 1124 992 1153 et
1014 1115 1048 1153 se
1069 1124 1338 1168 recepturum:
1370 1115 1499 1168 itaque
1519 1114 1701 1153 defertur.

295 1181 430 1219 Edicit
446 1181 598 1225 statim,
629 1189 673 1218 ut
693 1181 876 1218 Kalendis
895 1181 1128 1219 Decembris
1163 1181 1256 1219 adfit
1289 1180 1469 1219 Sthenius
1501 1180 1702 1232 Syracufis.

295 1247 393 1292 Hic,
429 1247 498 1299 qui
529 1247 700 1284 Romam
733 1245 901 1291 venisset,
933 1246 1093 1298 satisque
1124 1245 1289 1284 feliciter
1321 1247 1411 1284 anni
1437 1247 1521 1298 jam
1552 1246 1704 1284 adverso

295 1323 471 1366 tempore
504 1312 720 1366 navigasset,
751 1313 961 1365 omniaque
992 1311 1183 1351 habuifl‘et
1203 1313 1382 1366 aequiora,
1414 1322 1451 1351 et
1477 1312 1705 1365 placabilio-

266 1423 270 1427 ,
296 1395 351 1426 ra,
382 1394 500 1433 quam
526 1381 703 1418 animum
724 1380 899 1418 Praetoris
920 1388 1035 1432 atque
1065 1378 1241 1433 hospitis,
1275 1393 1356 1418 rem
1390 1379 1436 1417 ad
1455 1379 1599 1417 amicos
1619 1379 1704 1418 suos

298 1447 466 1493 detulit;
499 1461 583 1500 quae
604 1456 647 1485 ut
666 1456 772 1486 erant
792 1446 938 1492 acerba,
967 1455 1082 1500 atque
1102 1446 1273 1500 indigna,
1296 1446 1345 1485 fic
1367 1446 1595 1485 videbantur
1615 1459 1704 1485 om-

297 1515 427 1554 nibus.
1079 1504 1083 1508 ’

357 1583 551 1622 ΧΧΧΙΧ.
585 1584 720 1635 Itaque
740 1583 780 1621 in
801 1583 929 1621 senatu
949 1582 1138 1621 continuo
1160 1583 1235 1621 Cn.
1259 1581 1465 1627 LentuluS,
1480 1590 1518 1620 et
1536 1583 1585 1620 L.
1606 1580 1705 1620 Gel-

298 1649 374 1686 lius
396 1649 582 1687 Consules
602 1648 751 1686 faciunt
770 1650 1026 1693 mentionem,
1054 1649 1201 1700 placere
1221 1648 1345 1692 statui,
1368 1648 1393 1685 fi
1415 1648 1587 1700 patribus
1608 1661 1705 1685 con-

300 1715 449 1768 scriptis
470 1715 675 1759 videretur,
697 1729 740 1752 ne
757 1715 914 1767 absentes
933 1715 1085 1752 homines
1104 1715 1140 1752 in
1154 1714 1356 1766 provinciis
1374 1714 1430 1751 rei
1431 1713 1570 1764 fierent
1585 1727 1706 1751 rerum

300 1781 521 1834 capitalium.
555 1780 719 1818 Causam
741 1779 892 1818 Sthenii
913 1790 1046 1825 totam,
1069 1789 1106 1818 et
1127 1780 1231 1818 istius
1250 1779 1531 1824 crudelitatem,
1563 1788 1600 1817 et
1627 1780 1705 1817 ini-

301 1849 491 1899 quitatem
513 1847 684 1885 senatum
707 1847 859 1885 docent.
886 1848 1057 1885 Aderant
1077 1847 1117 1884 in
1138 1846 1264 1884 senatu
1286 1847 1436 1890 Verres,
1459 1854 1565 1898 pater
1584 1845 1705 1890 istius,

300 1923 339 1952 et
359 1914 452 1952 flens
475 1927 795 1965 unumquemque
816 1911 1027 1951 senatorem
1048 1913 1218 1965 rogabat,
1251 1921 1293 1950 ut
1320 1912 1401 1950 filio
1422 1911 1488 1949 suo
1508 1921 1677 1964 parceret
1695 1926 1704 1950 ε

301 1993 427 2032 neque
459 1989 587 2018 tamen
619 1979 792 2017 multum
820 1979 1071 2032 proficiebat:
1105 1988 1183 2016 erat
1217 1979 1321 2016 enim
1358 1978 1509 2016 summa
1529 1978 1706 2016 voluntas

303 2045 465 2084 senatus.
513 2034 647 2097 Itaque
679 2045 870 2083 sententias
902 2045 1139 2089 dicebantur,
1171 2059 1248 2083 cum
1283 2044 1451 2083 Sthenius
1480 2044 1599 2097 absens
1628 2059 1709 2083 reus

289 2113 421 2166 fizft'us
440 2111 531 2164 cffit,
561 2110 602 2148 de
620 2110 759 2164 algfi’fflte
771 2111 948 2162 judicium
969 2111 1202 2162 nullumfieri
1210 2112 1354 2163 placere
1365 2129 1376 2156 ς
1409 2120 1457 2155 et,
1465 2111 1508 2161 st
1524 2110 1617 2164 quod
1631 2110 1708 2164 cff’t

288 2179 453 2231 fabium,
489 2176 528 2215 id
553 2185 676 2214 ratum
696 2176 755 2229 ‘ff’
788 2191 855 2215 non
881 2178 1038 2229 placere.
1083 2179 1142 2215 Eo
1163 2177 1223 2215 die
1244 2177 1397 2229 transigi
1434 2176 1531 2214 nihil
1564 2177 1705 2229 potuit,

303 2245 409 2296 quod
430 2254 467 2281 et
496 2243 534 2281 id
557 2244 739 2295 temporis
760 2253 851 2288 erat,
882 2253 920 2280 et
952 2244 1016 2281 ille
1036 2253 1140 2296 pater
1160 2244 1265 2282 istius
1292 2245 1486 2281 invenerat
1512 2242 1706 2286 homines,

304 2311 374 2363 qui
393 2310 555 2349 dicendo
589 2320 742 2362 tempus
763 2310 1042 2348 consumerent.
1090 2310 1221 2348 Postea
1241 2310 1350 2348 senex
1371 2310 1506 2346 Verres
1533 2307 1706 2345 defenso-

304 2390 376 2421 res,
412 2387 527 2429 atque
560 2375 728 2429 hospites
761 2374 895 2415 omncs
928 2376 1076 2414 Sthenii
1109 2377 1317 2414 convenit:
1351 2383 1457 2426 rogat
1483 2387 1559 2417 cos,
1592 2382 1708 2425 atque

305 2451 413 2486 orat,
458 2456 505 2480 ne
538 2452 765 2496 oppugnent
799 2443 926 2482 filium
961 2443 1105 2487 suum;
1154 2443 1199 2480 de
1235 2440 1392 2479 Sthenio
1424 2452 1470 2476 ne
1502 2439 1705 2478 laborent:

390 2509 455 2547 To
467 2522 518 2547 M.
543 2509 613 2547 IV.
681 2553 685 2555 λ
885 2550 889 2552 ,
1323 2506 1361 2543 G
1382 2519 1408 2558 g
