2201 2792
419 158 469 197 92
943 148 1296 188 ORATIO

475 244 594 298 Qod
615 247 915 287 animadversum
937 250 988 288 est
1009 250 1048 288 in
1069 264 1146 296 cos,
1179 251 1247 303 qui
1268 259 1399 290 contra
1424 250 1531 288 omni
1553 249 1696 289 ratione
1715 263 1818 302 pug-

417 322 570 357 narunt,
601 327 679 352 non
712 315 832 353 debeo
852 315 1149 369 reprehendere:
1182 316 1286 369 quod
1317 317 1407 355 viris
1437 316 1618 362 fortibus,
1648 329 1818 368 quorum

416 392 528 431 opera
547 381 688 418 eximia
708 381 747 418 in
768 383 879 420 rebus
899 383 1073 434 gerendis
1094 384 1236 428 extitit,
1258 382 1381 421 honos
1402 382 1555 420 habitus
1575 382 1640 427 est,
1677 382 1814 420 laudo:

416 459 502 498 quae
521 456 565 484 ut
586 447 732 492 fierent,
754 447 898 486 idcirco
918 458 1135 501 pugnatum
1156 449 1227 487 effe
1247 449 1422 494 arbitror,
1451 463 1591 500 meque
1612 449 1651 486 in
1672 462 1717 486 eo
1736 448 1814 485 stu-

417 513 481 550 dio
500 514 670 565 partium
690 512 800 552 fuiffe
830 515 1028 552 confiteor.
1062 515 1126 552 Sin
1148 524 1277 553 autem
1305 515 1344 553 id
1363 517 1492 552 aetum
1518 515 1583 559 est,
1615 523 1652 552 et
1672 514 1817 552 idcirco

415 591 520 616 arma
539 579 692 632 sumpta
712 579 810 625 sunt,
833 589 875 618 ut
895 580 1071 618 homines
1092 581 1272 633 postremi
1292 581 1464 633 pecuniis
1486 580 1618 617 alienis
1639 579 1816 631 locuple-

416 652 599 690 tarentur,
629 655 667 683 et
699 646 738 683 in
759 644 930 684 fortunas
962 647 1258 699 uniuscujusque
1286 648 1479 699 impetum
1507 645 1691 690 facerent,
1720 653 1758 682 et
1778 644 1818 682 id

416 723 494 748 non
515 711 634 749 modo
654 725 692 748 re
712 710 914 763 prohibere
935 726 1010 750 non
1031 712 1134 757 licet,
1167 711 1228 749 sed
1255 725 1302 749 ne
1330 711 1454 750 verbis
1481 711 1641 764 quidem
1661 711 1816 763 vitupe-

415 790 494 815 rare
511 796 522 823 ;
554 787 640 816 tum
661 791 749 816 vero
776 778 815 815 in
837 778 906 816 isto
927 778 1030 816 bello
1051 792 1126 816 non
1148 788 1349 823 recreatus,
1380 792 1505 830 neque
1525 777 1733 822 restitutus,
1755 776 1818 814 sed

415 843 590 882 subactus
612 844 879 897 oppressusque
900 845 1066 898 populus
1083 845 1285 883 Romanus
1307 845 1371 883 est.
1404 846 1553 883 Verum
1574 844 1689 896 longe
1708 842 1816 881 aliter

414 910 490 948 est:
523 909 622 948 nihil
643 909 785 948 horum
805 911 870 955 est,
893 911 1048 962 Judices
1067 925 1076 948 :
1109 925 1186 949 non
1203 911 1320 949 modo
1341 925 1418 949 non
1439 911 1598 949 laedetur
1615 908 1723 947 causa
1742 922 1816 947 no-

414 975 589 1021 bilitatis,
612 976 637 1014 fi
660 976 737 1014 istis
758 974 985 1014 hominibus
1007 976 1191 1021 resistetis,
1213 990 1347 1013 verum
1369 977 1484 1013 etiam
1506 975 1718 1013 ornabitur.

468 1043 661 1080 XLVIII.
684 1041 858 1085 Etenim,
892 1041 960 1092 qui
984 1040 1066 1078 haec
1093 1041 1305 1093 vituperare
1339 1040 1489 1084 volunt,
1519 1039 1818 1092 Chrysogonum

412 1116 566 1145 tantum
586 1106 688 1160 poffe
705 1115 944 1159 queruntur3
982 1106 1050 1158 qui
1076 1106 1229 1144 laudare
1254 1105 1405 1151 volunt,
1433 1105 1650 1144 concessum
1677 1105 1712 1142 ei
1738 1117 1819 1143 non

411 1173 482 1212 effe
502 1182 825 1212 commemorant.
867 1174 927 1210 Ac
951 1173 1034 1224 jam
1065 1171 1165 1209 nihil
1194 1171 1260 1216 est,
1293 1171 1398 1223 quod
1418 1171 1621 1223 quisquam
1651 1179 1716 1208 aut
1737 1179 1817 1208 tam

412 1241 563 1284 stultus,
585 1248 650 1276 aut
672 1247 750 1275 tam
773 1237 972 1288 improbus
993 1237 1051 1281 sit,
1073 1237 1140 1288 qui
1162 1237 1276 1280 dicat,
1294 1237 1420 1274 Vellem
1436 1236 1570 1290 qm'dem
1588 1237 1710 1275 liceret
1718 1254 1729 1280 3
1752 1235 1818 1274 hoc

412 1306 575 1360 dzbcqffim.
610 1306 726 1343 Dicas
747 1304 852 1341 licet.
887 1303 1141 1357 Hocfimssbm.
1186 1304 1317 1342 Facias
1338 1303 1428 1341 licet
1441 1322 1451 1348 ;
1485 1317 1600 1341 nemo
1618 1301 1813 1355 prohibet.

413 1375 494 1411 Hoc
513 1370 743 1422 decrevisslssm.
777 1370 964 1414 Decerne,
987 1369 1103 1407 modo
1126 1371 1246 1414 rec‘te3
1269 1382 1402 1407 omnes
1419 1369 1701 1422 approbabunt.
1735 1369 1818 1406 Hoc

399 1437 615 1491 judiczgffi’m.
647 1435 881 1474 Laudabunt
901 1449 1049 1481 omnes,
1071 1436 1098 1474 fi
1119 1438 1217 1474 recte
1236 1446 1274 1474 et
1293 1436 1426 1474 ordine
1440 1435 1641 1488 judicaris.

467 1506 577 1544 Dum
601 1501 744 1542 neceffe
764 1512 856 1547 erat,
888 1502 1018 1555 resque
1045 1502 1123 1555 ipsa
1143 1503 1318 1556 cogebat,
1352 1516 1449 1541 unus
1476 1503 1608 1540 omnia
1637 1510 1812 1555 poterat:

412 1573 479 1624 qui
500 1570 744 1624 posteaquam
765 1568 1004 1621 magistratus
1025 1570 1178 1614 creavit,
1210 1569 1386 1622 legesque
1406 1569 1618 1614 constituit,
1646 1568 1710 1605 sua
1728 1567 1813 1605 cui-

412 1651 486 1691 que
507 1636 724 1689 procuratio
745 1635 1019 1687 au&oritasque
1051 1635 1103 1672 est
1135 1635 1330 1672 restituta:
1364 1649 1482 1687 quam
1507 1635 1532 1673 fi
1553 1635 1712 1672 retinere
1743 1646 1813 1670 vo—

411 1704 497 1742 lunt
528 1704 569 1746 ii,
601 1703 668 1754 qui
693 1710 978 1752 recuperarunt,
1010 1702 1047 1738 in
1070 1710 1298 1753 perpetuum
1320 1710 1502 1754 poterunt
1530 1701 1715 1739 obtinere.
1748 1699 1815 1738 Sin

410 1770 476 1808 has
499 1768 631 1812 caedes,
651 1776 688 1804 et
710 1768 871 1819 rapinas,
889 1776 926 1804 ct
945 1766 1016 1804 hos
1037 1776 1160 1805 tantos
1182 1777 1339 1820 tamque
1359 1767 1532 1820 profusos
1553 1767 1728 1819 sumptus
1749 1774 1814 1804 aut

410 1836 566 1879 facient,
582 1829 646 1871 aut
662 1834 949 1886 approbabunt;
974 1834 1064 1871 nolo
1084 1834 1124 1871 in
1145 1847 1207 1871 eos
1227 1834 1378 1885 gravius
1399 1834 1627 1886 quidquam,
1647 1845 1694 1870 ne
1709 1832 1812 1869 omi-

410 1902 470 1940 nis
491 1893 649 1953 quidem
670 1898 777 1936 causa
809 1898 947 1935 dicere.
981 1899 1119 1935 Unum
1150 1897 1226 1935 hoc
1261 1898 1378 1943 dico,
1411 1898 1527 1936 nostri
1557 1897 1618 1935 isti
1647 1897 1811 1942 nobiles,

410 1968 479 2005 nisi
501 1966 717 2017 vigilantes,
739 1973 775 2001 et
793 1963 900 2008 boni,
922 1972 959 2000 et
974 1962 1105 2007 fortes,
1128 1972 1165 2001 et
1186 1963 1446 2002 misericordes
1467 1973 1593 2008 erunt,
1614 1963 1659 2001 iis
1680 1962 1813 2000 homi-

412 2033 540 2076 nibus,
559 2032 598 2068 in
621 2031 761 2082 quibus
782 2028 863 2067 haec
884 2038 1010 2074 erunt,
1030 2039 1253 2067 ornamenta
1274 2030 1337 2068 sua
1356 2031 1569 2068 concedant
1585 2029 1726 2068 neceffe
1746 2029 1811 2067 est.

466 2099 712 2150 Qapropter
731 2095 900 2133 desinant
931 2096 1136 2148 aliquando
1157 2096 1295 2142 dicere,
1326 2096 1424 2135 male
1444 2097 1613 2149 aliquem
1634 2096 1812 2134 locutum

410 2164 492 2209 esse,
509 2165 533 2202 fi
554 2164 639 2216 quis
662 2175 758 2207 vere,
781 2175 822 2199 ac
840 2162 957 2199 libere
975 2162 1128 2200 locutus
1150 2162 1220 2208 fit;
1244 2163 1412 2202 definant
1428 2163 1532 2201 suam
1554 2162 1703 2201 causam
1719 2175 1812 2199 cum

411 2229 663 2281 Chrysogono
694 2227 1009 2271 communicare5
1041 2227 1224 2273 desinant,
1256 2228 1282 2266 fi
1303 2229 1369 2266 ille
1399 2229 1505 2266 laesus
1525 2229 1585 2272 fit,
1619 2228 1664 2264 de
1685 2226 1720 2264 se
1740 2226 1811 2263 ali-

409 2297 504 2348 quid
526 2295 737 2332 detractum
759 2293 957 2337 arbitrari;
989 2288 1155 2339 videant,
1178 2307 1225 2331 ne
1245 2303 1356 2347 turpe
1376 2294 1633 2344 miserumque
1653 2293 1711 2336 sit,
1733 2305 1809 2337 eos,

411 2362 478 2414 qui
510 2359 720 2412 equestrem
755 2358 994 2411 splendorem
1022 2359 1099 2411 pati
1121 2372 1198 2396 non
1219 2368 1441 2411 potuerunt,
1477 2358 1570 2395 servi
1593 2357 1812 2409 nequissixni

410 2426 716 2465 dominationem
750 2423 847 2462 ferre
880 2423 992 2477 poffe.
1042 2424 1139 2472 Qae
1173 2425 1332 2476 quidem
1363 2424 1597 2468 dominatio,
1634 2423 1809 2474 Judices,

411 2494 451 2532 in
472 2493 554 2531 aliis
576 2492 687 2530 rebus
709 2501 817 2530 antea
838 2491 1049 2530 versabatur
1065 2509 1077 2537 3
1109 2504 1213 2530 nunc
1244 2504 1332 2530 vero
1352 2504 1469 2545 quam
1499 2491 1600 2529 viam
1628 2491 1810 2534 munitet,
