2201 2792
489 174 565 222 462
917 174 1006 212 IN
1083 173 1463 213 VERREM

488 272 647 309 liberius
668 272 713 309 de
734 270 838 309 istius
861 272 1107 324 improbitate
1128 281 1242 324 atque
1264 273 1448 324 nequitia.
1482 272 1600 322 Qod
1622 271 1681 309 isti
1702 271 1812 309 simul
1837 284 1878 309 ac

489 338 750 376 renuntiatum
772 338 847 382 est5
870 337 1072 376 hominem
1088 338 1200 389 jubet
1222 338 1444 389 Lilybaeum
1463 338 1727 376 vadimonium
1749 338 1878 375 Vene-

489 406 544 442 rio
565 405 668 442 servo
690 405 926 457 promittere.
951 405 1166 442 Promittit.
1190 404 1410 455 Lilybaeum
1431 405 1595 443 venitur.
1620 406 1766 456 Cogere
1787 417 1879 442 eum

489 472 620 523 ccepit,
643 484 734 508 cum
755 480 878 522 ageret
900 483 1030 514 nemo,
1048 483 1163 507 nemo
1183 470 1402 522 postularet,
1421 471 1512 508 H-S
1534 470 1682 508 duobus
1705 470 1878 508 millibus

489 537 727 589 sponsionem
748 534 869 573 facere
890 549 982 574 cum
1004 535 1157 573 Lictore
1188 536 1267 581 suo,
1303 536 1362 573 Ni
1376 536 1503 588 furtis
1528 536 1693 590 quaestum
1714 536 1877 587 faceret.

491 604 790 654 Recuperatores
813 602 858 639 de
890 600 1048 639 cohorte
1069 601 1131 639 sua
1151 601 1246 639 dicit
1273 601 1466 639 daturum.
1504 601 1684 639 Servilius
1711 610 1749 638 et
1770 614 1879 638 recu-

490 669 578 713 sare,
600 678 637 706 et
658 668 863 720 deprecari,
887 681 948 712 ne,
970 668 1113 719 iniquis
1129 667 1341 719 judicibus,
1364 667 1474 705 nullo
1494 667 1714 711 adversario,
1730 667 1880 719 judici-

489 748 557 772 um
578 734 713 786 capitis
734 735 775 771 in
795 733 830 771 se
851 733 1155 771 constitueretur.

544 802 641 838 Haec
662 813 753 836 cum
776 800 944 836 maxime
964 799 1198 851 loqueretur,
1218 799 1279 837 sex
1300 799 1472 836 Li&ores
1493 813 1582 836 eum
1599 799 1882 836 circumsistunt

488 865 744 910 valentiffimi,
774 873 812 902 et
842 864 887 902 ad
908 864 1110 916 pulsandos
1142 864 1468 916 verberandosque
1493 864 1672 902 homines
1694 865 1880 902 exercita-

490 933 645 970 tiffimi:
678 931 830 969 caedunt
863 931 1046 968 acerrime
1066 931 1210 983 virgis:
1245 931 1411 983 denique
1431 932 1631 984 proximus
1660 931 1805 976 Lictor,
1834 931 1884 969 de

489 1013 567 1050 quo
588 998 778 1051 saepejam
799 997 893 1041 dixi,
917 997 1068 1042 Sestius,
1091 997 1271 1035 converso
1291 997 1445 1042 bacillo,
1478 998 1610 1035 oculos
1631 996 1768 1035 misero
1789 1006 1881 1035 tun-

490 1066 576 1103 dere
596 1063 925 1102 vehementiffime
946 1064 1079 1115 coepit.
1112 1064 1261 1115 Itaque,
1284 1063 1343 1100 illi
1363 1077 1456 1101 cum
1478 1063 1626 1116 sanguis
1656 1078 1696 1102 os
1729 1064 1880 1102 oculos—

489 1146 565 1184 que
586 1129 823 1183 complesset,
845 1130 1044 1175 concidit;
1076 1143 1168 1167 cum
1199 1129 1257 1167 illi
1290 1129 1416 1167 nihilo
1442 1131 1572 1168 minus
1598 1131 1742 1182 jacenti
1767 1131 1883 1169 latera

489 1199 754 1241 tunderentur,
779 1206 819 1234 ut
838 1197 1043 1248 aliquando
1064 1196 1246 1249 spondere
1278 1196 1312 1234 se
1333 1197 1489 1235 diceret.
1523 1198 1583 1234 Sic
1614 1197 1679 1235 ille
1710 1197 1880 1242 affectus,

488 1266 597 1302 illinc
619 1274 704 1301 tum
736 1277 805 1315 pro
836 1272 991 1300 mortuo
1012 1263 1196 1307 sublatus,
1233 1263 1337 1300 brevi
1370 1263 1494 1315 postea
1514 1263 1566 1300 est
1586 1272 1776 1301 mortuus.
1809 1264 1881 1301 Iste

488 1342 632 1376 autem,
656 1330 776 1368 homo
797 1330 997 1373 Venerius,
1019 1338 1056 1366 et
1077 1328 1233 1366 affluens
1256 1330 1364 1366 omni
1386 1329 1514 1382 lepore
1540 1338 1577 1367 et
1598 1330 1803 1374 venustate,
1835 1330 1882 1368 de

489 1398 601 1436 bonis
634 1397 738 1435 illius
772 1397 811 1434 in
843 1396 920 1433 aede
942 1396 1102 1433 Veneris
1135 1404 1357 1447 argenteum
1380 1384 1616 1447 Cupidinem
1648 1396 1787 1448 posuit.
1821 1397 1882 1435 Sic

489 1465 606 1503 etiam
627 1463 793 1502 fortunis
815 1461 1024 1500 hominum
1044 1462 1271 1501 abutebatur
1297 1462 1343 1500 ad
1363 1464 1548 1501 nocturna
1577 1471 1664 1500 vota
1689 1462 1881 1516 cupidita-

489 1541 575 1570 tum
596 1531 762 1568 suarum.

545 1597 633 1636 LV.
666 1596 773 1634 Nam
794 1595 889 1648 quid
910 1609 981 1648 ego
1002 1595 1048 1634 de
1067 1596 1212 1634 caeteris
1232 1596 1380 1634 civium
1397 1597 1664 1634 Romanorum
1685 1595 1882 1649 suppliciis

488 1663 712 1716 fingillatim
733 1663 875 1716 potius,
891 1676 1009 1715 quam
1027 1663 1239 1715 generatim
1259 1672 1373 1715 atque
1395 1663 1577 1708 universe,
1595 1663 1752 1715 loquar?
1786 1664 1882 1701 Car-

490 1745 552 1769 cer
571 1730 652 1775 ille,
674 1731 742 1782 qui
762 1729 814 1768 est
834 1744 853 1767 a
873 1730 1134 1768 crudeliffimo
1156 1739 1317 1782 tyranno
1334 1730 1520 1782 Dionyfio
1539 1729 1660 1769 factus
1680 1730 1882 1783 Syracufis,

489 1811 573 1850 quae
594 1797 762 1845 latumiae
779 1806 975 1841 vocantur,
994 1797 1033 1835 in
1050 1797 1155 1835 istius
1178 1797 1342 1850 imperio
1363 1797 1611 1835 domicilium
1632 1797 1780 1835 civium
1796 1798 1881 1835 Ro-

490 1877 694 1902 manorum
716 1862 804 1901 fuit.
838 1864 895 1900 Ut
916 1862 1076 1914 quisque
1097 1863 1203 1901 istius
1225 1864 1416 1909 animum,
1448 1873 1513 1901 aut
1533 1863 1681 1908 oculos,
1710 1862 1881 1901 offende—

489 1939 559 1974 rat,
582 1930 621 1967 in
643 1929 821 1966 latumias
842 1927 967 1965 statim
989 1929 1280 1979 conjiciebatur.
1307 1929 1518 1981 Indignum
1538 1928 1613 1966 hoc
1635 1928 1746 1967 video
1763 1928 1884 1967 videri

490 1996 688 2038 omnibus,
707 1994 862 2044 Judices
880 2011 891 2037 3
924 2002 960 2031 et
980 1993 1020 2031 id
1041 1995 1124 2045 jam
1145 1994 1269 2046 priore
1290 1994 1450 2038 actione,
1472 2008 1563 2032 cum
1588 1993 1670 2032 haec
1692 1995 1799 2032 testes
1821 1995 1883 2032 di-

493 2070 634 2104 cerent,
666 2059 852 2097 intellexi.
890 2059 1065 2097 Retineri
1092 2060 1197 2098 enim
1219 2060 1361 2113 putatis
1382 2070 1555 2113 oportere
1582 2061 1669 2112 jura
1698 2061 1883 2099 libertatis

492 2141 569 2166 non
592 2127 709 2164 modo
729 2125 808 2169 hic,
842 2125 910 2162 ubi
931 2126 1077 2163 tribuni
1106 2126 1229 2179 plebis
1251 2126 1351 2171 sunt,
1382 2127 1450 2164 ubi
1472 2128 1598 2164 caeteri
1630 2127 1883 2179 magistratus,

493 2195 559 2232 ubi
580 2194 739 2246 plenum
762 2191 891 2229 forum
907 2192 1162 2243 judiciorum,
1196 2193 1263 2230 ubi
1288 2193 1435 2231 senatus
1457 2194 1672 2238 auffloritas,
1696 2193 1763 2230 ubi
1783 2192 1883 2230 exis-

490 2260 643 2298 timatio
660 2258 794 2311 populi
816 2258 985 2294 Romani
1005 2266 1042 2294 et
1062 2257 1304 2309 frequentia;
1337 2258 1413 2303 scd,
1447 2259 1669 2310 ubicunque
1699 2267 1883 2296 terrarum

490 2337 528 2364 ct
547 2326 723 2378 gentium
745 2323 931 2362 violatum
945 2324 1010 2376 jus
1030 2324 1176 2361 civium
1191 2324 1458 2362 Romanorum
1476 2325 1534 2369 fit,
1556 2324 1718 2361 statuitis
1739 2323 1778 2361 id
1796 2338 1883 2376 per-

492 2393 609 2430 tinere
630 2392 675 2429 ad
697 2403 952 2429 communem
971 2389 1120 2427 causam
1140 2389 1328 2427 libertatis
1349 2399 1387 2427 et
1403 2390 1616 2442 dignitatis.

548 2459 592 2495 In
625 2468 871 2496 externorum
904 2456 1126 2501 hominurn,
1162 2464 1200 2494 et
1226 2455 1491 2494 maleficorum
1523 2456 1882 2509 sceleratorumque,

490 2525 530 2564 in
551 2524 776 2577 praedonum
794 2522 1054 2576 hostiumque,
1074 2522 1260 2564 custodias
1282 2532 1322 2562 tu
1345 2531 1495 2562 tantum
1511 2536 1719 2562 numerum
1737 2523 1884 2562 civium
