2201 2792
528 131 656 171 PRO
689 128 825 167 SEX.
859 126 1116 165 ROSCIO
1148 126 1498 166 AMERINO.
1673 143 1723 181 93

315 233 419 286 quod
439 232 511 269 iter
530 227 694 272 affeecet,
716 225 879 264 videtis:
910 224 957 263 ad
978 223 1112 269 fidem,
1146 224 1192 261 ad
1206 224 1496 276 jusjurandum,
1517 226 1564 262 ad
1578 226 1728 277 judicia

313 299 444 342 vestra,
466 295 512 333 ad
532 293 587 339 id,
604 292 710 345 quod
730 291 855 330 solum
876 303 995 344 prope
1015 290 1056 328 in
1077 290 1233 328 civitate
1248 289 1454 335 sincerum,
1477 290 1729 343 sanctumque

311 362 431 402 restat,
483 361 616 399 Hicne
645 359 762 397 etiam
784 357 858 396 sese
887 366 1000 410 putat
1019 356 1168 409 aliquid
1197 355 1300 409 pofi‘e
1320 354 1628 408 Chrysogonus?
1659 356 1727 395 hic

310 429 429 468 etiam
448 437 585 481 potens
602 425 674 464 effe
693 425 776 464 vult
795 426 808 463 ?
833 426 869 463 O
887 438 971 463 rem
992 423 1185 468 miseram,
1208 432 1322 476 atque
1343 423 1520 461 acerbam
1543 422 1550 460 I
1584 424 1728 476 Neque

311 494 553 534 mehercules
573 492 649 532 hoc
670 493 829 545 indigne
849 491 946 537 fero,
983 491 1090 544 quod
1111 504 1252 535 verear,
1285 504 1333 528 ne
1355 491 1451 542 quid
1482 489 1622 543 poffit3
1660 504 1727 528 ve-

311 577 416 608 rum,
439 561 547 615 quod
572 560 683 599 ausus
703 560 769 605 est,
805 558 911 612 quod
942 558 1105 612 speravit
1134 557 1208 595 sese
1228 557 1332 610 apud
1349 557 1440 595 tales
1462 558 1561 595 viros
1581 556 1731 610 aliquid

312 629 359 668 ad
378 628 592 682 perniciem
613 626 715 679 poffe
735 625 970 669 innocentis,
993 625 1032 662 id
1047 623 1176 677 ipsum
1197 637 1349 676 queror.

367 696 520 734 XLIX.
553 693 755 732 Idcircone
775 693 991 746 experrecta
1020 691 1202 729 nobilitas
1221 691 1337 728 armis
1356 699 1472 742 atque
1500 689 1601 728 ferro
1622 703 1729 728 rem-

311 762 513 816 publicam
544 760 795 813 recuperavit,
828 768 873 796 ut
902 758 950 796 ad
969 758 1178 796 libidinem
1199 757 1304 795 suam
1331 757 1475 801 liberti,
1512 756 1730 810 servulique

311 829 522 873 nobilium,
546 827 659 872 bona,
681 826 855 865 fortunas
887 826 1038 870 vestras,
1075 824 1294 877 nostrasque
1323 838 1458 862 vexare
1478 823 1657 876 possent?
1690 825 1728 862 Si

313 897 354 934 id
373 898 503 935 aetum
519 895 585 940 est,
602 894 725 933 fateor
744 908 809 932 me
829 892 974 938 errasse,
993 893 1061 945 qui
1080 891 1157 930 hoc
1179 892 1382 930 maluerim
1399 906 1407 929 :
1427 890 1548 929 fateor
1568 890 1729 929 insanis-

313 962 363 1007 se,
386 963 567 1015 quicum
588 961 664 998 illis
692 961 898 998 senserim:
932 960 1079 998 tametfi
1112 960 1287 1004 inermis,
1315 959 1490 1010 JudiceS,
1523 957 1629 996 senii.
1663 959 1730 996 Sin

313 1037 444 1066 autem
465 1027 622 1064 victoria
649 1025 847 1063 nobilium
872 1035 1114 1069 ornamento,
1146 1035 1260 1076 atque
1281 1024 1551 1062 emolumento
1568 1024 1728 1076 reipub-

313 1094 411 1139 licae,
442 1093 670 1146 populoque
691 1091 1007 1138 Romano-debet
1026 1090 1125 1135 effe5
1158 1099 1243 1128 tum
1266 1103 1354 1128 vero
1374 1091 1527 1142 optimo
1548 1099 1586 1127 et
1611 1090 1728 1128 nobi-

313 1159 457 1198 liffimo
477 1159 619 1210 cuique
640 1171 768 1195 meam
788 1157 1002 1194 orationem
1020 1156 1271 1208 gratiffirnam
1299 1156 1371 1193 esse
1396 1165 1562 1208 oportet.
1609 1157 1732 1208 Qod

313 1225 340 1263 fi
361 1226 448 1278 quis
479 1224 545 1269 est,
577 1224 644 1276 qui
672 1232 710 1260 et
736 1222 786 1267 se,
818 1232 855 1260 et
886 1222 1037 1259 cau-sam
1069 1222 1157 1259 laedi
1182 1231 1310 1274 putet,
1338 1235 1432 1258 cum
1455 1220 1728 1273 Chrysogonus

313 1291 578 1344 vituperetur;
609 1289 641 1326 is
663 1288 816 1326 causam
836 1288 1001 1341 ignorat,
1022 1287 1187 1340 seipsum
1209 1300 1329 1340 prope
1349 1300 1427 1324 non
1445 1288 1567 1325 novit.
1609 1288 1731 1326 Causa

312 1358 419 1396 enim
440 1356 676 1410 splendidior
696 1355 777 1401 fiet,
794 1354 820 1392 fi
841 1354 1076 1407 nequiffimo
1095 1354 1239 1406 cuique
1259 1353 1445 1391 refistetur
1462 1368 1470 1391 :
1494 1353 1559 1391 ille
1578 1353 1731 1407 inipso-2

245 1411 249 1415 Δ
312 1423 487 1462 biffimus
511 1421 754 1473 Chrysogoni
775 1419 918 1466 fautor,
939 1420 1009 1473 qui
1028 1420 1100 1458 fibi
1121 1434 1214 1458 curn
1233 1419 1302 1458 illo
1323 1419 1514 1457 rationem
1543 1433 1730 1459 commu-

311 1489 480 1528 nicatam
501 1497 626 1543 putat,
648 1487 815 1532 laeditur,
838 1500 929 1525 cum
950 1487 998 1525 ab
1013 1485 1090 1525 hoc
1108 1486 1307 1539 splendore
1327 1485 1446 1524 causae
1466 1486 1672 1539 separatur.

366 1557 516 1594 Verum
535 1554 618 1593 haec
639 1553 767 1592 omnis
793 1554 928 1598 oratio,
962 1562 1006 1591 ut
1020 1553 1103 1605 jam
1125 1562 1212 1590 ante
1233 1552 1329 1597 dixi,
1351 1565 1436 1590 mea
1457 1552 1509 1590 est
1525 1571 1536 1598 3
1569 1553 1646 1606 qua
1665 1566 1731 1591 me

312 1622 373 1660 uti
402 1621 631 1674 respublica,
663 1629 702 1658 et
726 1620 836 1658 dolor
862 1632 986 1664 meus,
1024 1627 1061 1657 et
1092 1618 1255 1657 istorum
1290 1618 1431 1671 injuria
1461 1619 1603 1671 coegit.
1656 1619 1731 1657 Sed

312 1687 479 1726 Roscius
499 1686 643 1725 horum
664 1684 766 1723 nihil
790 1685 1000 1738 indignum
1021 1694 1132 1736 putat
1151 1700 1160 1722 :
1194 1684 1394 1722 neminem
1416 1684 1565 1721 accusat
1585 1699 1593 1722 :
1626 1683 1727 1722 nihil

311 1754 360 1792 de
380 1753 446 1793 suo
466 1753 703 1807 patrimonio
726 1751 919 1805 queritur:
941 1759 1053 1804 putat
1067 1749 1190 1789 homo
1210 1749 1416 1802 imperitus
1437 1763 1608 1794 morum,
1624 1751 1727 1803 agri-

311 1820 396 1859 cola
416 1830 454 1859 et
474 1820 650 1865 rusticus,
673 1819 741 1857 ista
760 1818 906 1863 omnia,
929 1831 1014 1871 quae
1032 1831 1097 1856 vos
1118 1830 1186 1871 per
1206 1816 1350 1869 Syllam
1371 1816 1473 1870 gesta
1492 1816 1562 1854 effe
1583 1816 1726 1862 dicitis,

311 1901 433 1934 more,
455 1888 554 1940 lege,
581 1888 670 1939 jure
690 1886 870 1939 gentium
888 1884 1010 1923 faena:
1043 1885 1158 1938 culpa
1176 1883 1381 1928 liberatus,
1408 1893 1446 1921 et
1472 1884 1635 1921 crimine
1656 1897 1726 1922 ne-

310 1952 409 1992 fario
429 1953 574 1992 solutus
607 1952 717 2005 cupit
748 1965 768 1988 a
786 1951 895 1990 vobis
926 1950 1130 1989 discedere.
1175 1950 1213 1988 Si
1233 1948 1305 1987 hac
1336 1949 1497 2002 indigna
1516 1949 1727 2002 suspicione

314 2029 450 2064 careat,
472 2020 604 2057 animo
625 2032 735 2070 :equo
756 2017 791 2056 se
812 2031 936 2056 carere
956 2016 1031 2055 suis
1052 2016 1237 2055 omnibus
1259 2015 1478 2054 commodis
1498 2015 1607 2053 dicit.
1641 2016 1726 2053 Ro-

313 2094 391 2138 gat,
413 2095 572 2137 oratque
593 2095 644 2130 te,
677 2083 942 2136 Chrysogone,
969 2083 994 2121 fi
1016 2082 1117 2121 nihil
1138 2083 1183 2120 de
1203 2082 1320 2135 patris
1353 2080 1726 2134 fortunis-amplissi-

313 2152 389 2190 mis
421 2152 462 2189 in
484 2151 591 2188 suam
612 2164 694 2188 rem
725 2151 940 2195 convertit,
973 2149 998 2187 fi
1021 2149 1127 2187 nulla
1147 2150 1187 2187 in
1223 2162 1261 2186 re
1294 2158 1330 2186 te
1350 2147 1565 2193 fraudavit,
1599 2148 1624 2185 si
1656 2149 1728 2185 tibi

312 2219 463 2271 optima
482 2218 557 2256 fide
578 2218 641 2255 sua
661 2216 794 2255 omnia
813 2216 1008 2261 conceffit,
1030 2216 1311 2260 adnumeravit,
1333 2215 1541 2268 appendit;
1566 2214 1591 2251 fi
1613 2214 1725 2251 vessi-

313 2295 413 2331 tum,
437 2299 514 2338 quo
535 2285 613 2338 ipse
633 2286 753 2322 tectus
771 2293 863 2330 erat,
886 2283 1154 2336 annulumque
1168 2283 1214 2321 de
1234 2282 1358 2336 digito
1378 2282 1488 2320 suurn
1513 2281 1584 2318 tibi
1606 2280 1725 2317 tradi-

312 2352 398 2398 dit,
419 2353 446 2390 fi
467 2365 513 2390 ex
533 2352 718 2390 omnibus
740 2351 851 2389 rebus
873 2350 909 2389 se
929 2350 1057 2403 ipsum
1078 2350 1245 2394 nudum,
1264 2362 1389 2401 neque
1409 2356 1586 2400 praeterea
1607 2346 1725 2397 qnid-

314 2433 432 2470 quam
452 2419 627 2471 excepit3
660 2428 704 2457 ut
724 2418 793 2456 fibi
824 2432 892 2471 per
912 2427 948 2458 te
969 2417 1083 2456 liceat
1112 2416 1311 2455 innocenti
1338 2414 1555 2452 amicorum
1585 2413 1725 2465 opibus

315 2484 434 2523 vitam
456 2486 496 2523 in
512 2485 672 2538 egestate
692 2485 840 2536 degere.
893 2535 897 2539 ¹
