2201 2792
557 185 634 238 396
987 178 1078 224 IN
1149 175 1531 223 VERREM

610 284 760 323 XLIX.
794 285 954 337 Propter
973 283 1088 337 hujus
1120 285 1314 337 opinionis
1345 285 1584 330 vetustatem,
1617 283 1721 337 quod
1741 295 1876 322 eorum
1905 281 1948 319 in

553 350 614 389 his
637 351 731 390 locis
752 350 918 403 vestigia,
936 361 977 388 ae
997 361 1115 403 prope
1132 350 1366 388 incunabula
1385 353 1625 404 reperiuntur
1638 352 1829 395 Deorum,
1850 348 1950 388 mira

554 418 729 470 quaedam
752 427 830 455 tota
850 417 978 455 Sicilia
998 417 1194 470 privatim,
1215 430 1258 454 ac
1279 417 1436 469 publice
1456 417 1590 470 religio
1616 418 1668 456 est
1689 417 1836 456 Cereris
1860 416 1946 454 En-

553 484 691 522 nenfis.
724 484 883 521 Etenim
905 483 1027 521 multa
1047 482 1141 535 saepe
1160 483 1334 536 prodigia
1353 483 1434 521 vim
1455 484 1550 535 ejus,
1578 496 1800 536 numenque
1819 480 1947 520 decla-

553 559 664 588 rant:
697 549 832 588 multis
863 549 957 602 saepe
982 549 1022 587 in
1045 549 1288 587 difficillimis
1324 548 1437 587 rebus
1458 549 1616 602 praesens
1647 549 1838 587 auxilium
1865 547 1948 599 ejus

552 617 730 655 oblatum
758 616 834 654 est:
867 624 911 654 ut
941 614 1022 654 haec
1044 615 1165 653 insula
1185 615 1231 653 ab
1262 629 1304 653 ea
1324 627 1403 653 non
1436 615 1561 654 solum
1584 616 1709 669 diligi,
1740 614 1802 653 sed
1830 613 1948 651 etiam

553 684 686 729 incoli,
719 683 977 735 custodirique
1010 682 1196 720 videatur.
1242 683 1328 721 Nec
1361 682 1486 721 solum
1508 683 1641 728 Siculi,
1676 696 1810 721 verum
1830 680 1949 719 etiam

553 759 695 788 caeterae
715 759 861 802 gen-tes,
881 749 1141 800 nationesque,
1164 748 1383 786 Ennensem
1406 750 1585 787 Cererem
1606 749 1776 787 maxime
1795 747 1946 785 colunt.

551 817 727 860 Etenim,
750 816 774 853 fi
795 814 1092 853 Atheniensium
1112 815 1211 852 sacra
1232 815 1384 853 summa
1404 815 1616 868 cupiditate
1634 822 1881 868 expetuntur,
1903 812 1952 850 ad

553 895 650 934 quos
683 883 798 919 Ceres
831 881 872 918 in
905 881 974 918 illo
1007 894 1131 918 errore
1165 881 1302 918 veniffe
1336 881 1492 925 dicitur,
1524 880 1728 934 frugesque
1757 877 1919 917 attuliffe
1935 895 1948 922 ;

552 957 737 1000 quantam
757 946 830 984 effe
850 945 1076 998 religionem
1097 947 1279 984 convenit
1298 960 1448 990 eorum,
1476 947 1578 999 apud
1599 959 1696 999 quos
1716 959 1800 983 eam
1822 952 1950 982 natam

551 1015 635 1060 effe,
666 1023 705 1052 et
739 1013 869 1066 fruges
904 1013 1086 1051 inveniffe
1120 1013 1266 1051 constat
1285 1014 1297 1050 ?
1331 1014 1465 1065 Itaque
1496 1014 1597 1066 apud
1633 1022 1757 1066 patres
1787 1010 1948 1055 nostrOS,

551 1082 671 1120 atroci
692 1095 734 1119 ac
755 1080 907 1119 difficili
928 1080 1151 1133 reipublicae
1172 1090 1359 1133 tempore,
1377 1094 1483 1126 cum,
1499 1078 1788 1119 Tib.Gracch0
1807 1077 1950 1123 occiso,

552 1162 785 1201 magnorum
799 1146 1063 1200 periculorum
1081 1155 1207 1185 metus
1225 1160 1271 1184 ex
1292 1147 1447 1185 ostentis
1465 1147 1768 1200 portenderetur,
1786 1146 1830 1184 P.
1849 1145 1950 1183 Mu-

552 1216 627 1259 cio,
660 1215 707 1252 L.
732 1213 947 1266 Calpurnio
968 1212 1218 1257 Consulibus,
1251 1213 1401 1251 aditum
1431 1213 1485 1251 est
1504 1213 1550 1251 ad
1570 1213 1688 1252 libros
1710 1211 1918 1264 Sibyllinos
1935 1229 1948 1255 ς

549 1282 594 1320 in
615 1280 756 1333 quibus
778 1280 980 1317 inventum
1012 1279 1078 1324 est,
1112 1280 1277 1317 Cererem
1306 1279 1578 1333 antiqugffimam
1600 1279 1750 1332 placari
1775 1286 1948 1331 oportere.

553 1349 664 1386 Tum
685 1360 732 1384 ex
752 1345 988 1398 ampliflimo
1006 1345 1173 1397 collegio
1204 1345 1450 1384 decemvirali
1471 1345 1677 1384 sacerdotes
1707 1345 1842 1398 populi
1863 1344 1948 1382 Ro-

553 1413 672 1458 mani,
695 1425 787 1450 cum
808 1410 896 1449 esset
916 1411 957 1448 in
978 1411 1071 1449 urbe
1097 1411 1219 1449 nostra
1247 1412 1394 1449 Cereris
1426 1410 1749 1464 pulcherrimum,
1779 1419 1817 1448 et
1837 1423 1949 1462 mag-

553 1477 886 1517 nificentiffimum
922 1477 1132 1530 templum,
1164 1486 1291 1515 tamen
1327 1477 1445 1530 usque
1479 1478 1634 1516 Ennam
1654 1476 1817 1531 profeeti
1845 1476 1948 1515 sunt.

554 1547 682 1584 Tanta
699 1544 806 1582 enim
826 1552 903 1581 erat
925 1543 1140 1588 austeritas,
1171 1552 1209 1581 et
1229 1543 1388 1582 vetustas
1407 1544 1512 1582 illius
1532 1543 1743 1596 religionis,
1770 1551 1827 1588 ut,
1856 1555 1950 1581 cum

554 1611 649 1649 illuc
670 1611 783 1654 irent,
818 1623 894 1647 non
915 1609 961 1647 ad
981 1609 1101 1647 aedem
1124 1609 1288 1654 Cereris,
1321 1609 1382 1648 sed
1402 1610 1448 1648 ad
1468 1609 1590 1663 ipsam
1611 1611 1807 1654 Cererem,
1828 1608 1949 1662 profi-

553 1675 644 1714 cisci
665 1676 897 1713 viderentur.

609 1742 703 1780 Non
725 1740 941 1779 obtundam
962 1741 1107 1779 diutius
1127 1756 1135 1779 ε
1168 1741 1313 1779 etenim
1333 1741 1569 1793 jamdudum
1589 1746 1732 1786 vereor,
1763 1750 1811 1778 ne
1830 1739 1954 1778 oratio

554 1819 654 1854 mea,
675 1809 798 1846 aliena
817 1807 864 1845 ab
877 1807 1117 1859 judiciorum
1139 1808 1298 1853 ratione,
1315 1817 1352 1846 et
1373 1808 1596 1860 quotidiana
1615 1807 1769 1845 dicendi
1788 1806 1950 1845 consue-

555 1875 689 1913 tudine
707 1873 776 1912 ess‘e
797 1873 983 1911 videatur.
1015 1874 1107 1911 Hoc
1127 1873 1228 1918 dico,
1250 1872 1350 1911 hanc
1371 1873 1491 1926 ipsam
1519 1875 1712 1918 Cererem,
1734 1872 1950 1924 antiquiffi-

556 1948 678 1985 mam,
710 1938 1042 1992 religiosissimam,
1073 1939 1291 1992 principem
1309 1939 1489 1977 omnium
1507 1939 1714 1984 sacrorum,
1745 1952 1830 1990 quae
1850 1937 1952 1991 apud

553 2016 689 2044 omnes
711 2012 859 2058 genteS,
882 2003 1130 2056 nationesque
1150 2004 1262 2050 fiunt,
1294 2019 1313 2043 a
1334 2006 1383 2043 C.
1403 2005 1524 2043 Verre
1543 2019 1592 2044 ex
1612 2005 1685 2043 suis
1705 2004 1877 2057 templis,
1909 2017 1951 2043 ac

555 2072 705 2110 sedibus
724 2070 798 2109 effe
818 2070 1020 2109 sublatam.
1044 2071 1124 2122 Qi
1145 2072 1341 2110 acceffistis
1355 2073 1525 2117 Ennam,
1540 2072 1684 2110 vidistis
1704 2071 1952 2110 simulacrum

557 2138 708 2177 Cereris
728 2151 748 2175 e
768 2149 974 2181 marmore,
991 2146 1029 2174 et
1049 2138 1089 2174 in
1109 2137 1227 2175 altero
1247 2138 1410 2191 temp10,
1432 2138 1607 2177 Liberae:
1630 2138 1717 2176 sunt
1736 2151 1778 2175 ea
1797 2145 1951 2190 peram-

555 2204 634 2257 pla,
655 2212 770 2256 atque
789 2202 981 2255 praeclara,
1011 2202 1072 2240 sed
1094 2216 1170 2241 non
1192 2203 1245 2241 ita
1264 2205 1434 2256 antiqua.
1467 2205 1530 2242 Ex
1561 2218 1630 2242 aere
1659 2203 1736 2242 fuit
1756 2203 1952 2255 quoddam

556 2270 710 2309 modica
729 2268 999 2321 amplitudine,
1032 2282 1074 2305 ac
1108 2269 1286 2321 singulari
1317 2283 1445 2323 opere,
1475 2284 1568 2308 cum
1587 2269 1751 2314 facibus,
1782 2269 1951 2322 peranti-

557 2349 695 2388 quum,
726 2334 907 2373 omnium
929 2333 1102 2378 illorum,
1126 2347 1210 2386 quae
1231 2334 1318 2372 sunt
1338 2336 1377 2373 in
1398 2349 1443 2373 eo
1462 2335 1566 2380 fano,
1590 2335 1716 2373 multo
1736 2334 1951 2386 antiquifli-

558 2416 686 2441 mum.
719 2401 764 2439 Id
785 2400 958 2446 sustulit;
990 2413 1032 2438 ac
1053 2408 1182 2438 tamen
1202 2413 1247 2438 eo
1263 2409 1467 2439 contentus
1489 2414 1565 2438 non
1585 2400 1674 2439 fuit.
1707 2403 1811 2439 Ante
1831 2401 1952 2439 aedern

559 2468 722 2512 Cereris,
758 2467 799 2505 in
830 2475 974 2520 aperto,
1006 2479 1048 2504 ac
1082 2467 1286 2519 propatulo
1318 2466 1405 2504 loco
1425 2467 1528 2520 signa
1562 2467 1639 2505 duo
1672 2467 1772 2512 sunt,
1805 2467 1953 2505 Cereris

558 2547 696 2579 unum,
729 2533 892 2576 alterum
913 2533 1165 2587 Triptolemi,
1197 2543 1234 2573 et
1259 2532 1535 2587 pulcherrima,
1566 2543 1604 2573 et
1634 2535 1843 2588 perampla.
1876 2535 1952 2572 His
