2201 2792
627 204 974 247 ACTIONIS
1004 207 1059 246 ΙΙ.
1118 207 1330 247 LIBER
1361 209 1432 247 IV.
1634 225 1714 265 405

321 316 458 347 exterae
492 307 664 346 nationes
698 307 934 346 calamitates
954 316 993 346 et
1026 306 1200 359 injurias,
1222 306 1346 345 nullas
1384 308 1511 346 Graeci
1539 306 1718 346 homines

321 375 472 427 gravius
493 374 677 419 tulerunt,
700 388 771 412 nec
791 373 936 420 ferunt,
967 387 1085 427 quam
1110 372 1381 427 hujuscemodi
1402 373 1642 427 spoliationes
1662 375 1721 412 fa-

321 454 477 486 norum,
499 450 614 493 atque
633 440 883 494 oppidorum.

367 508 481 545 Licet
500 507 568 545 iste
589 507 690 545 dicat
710 507 839 546 emiffe
859 507 909 552 se,
931 506 1041 545 ficuti
1061 506 1156 545 solet
1175 506 1300 545 dicere
1320 522 1328 545 :
1351 507 1493 545 credite
1514 506 1589 546 hoc
1606 505 1721 551 mihi,

321 572 507 624 Judices;
540 573 647 611 nulla
667 586 841 625 unquam
863 573 996 611 civitas
1018 581 1096 611 tota
1115 573 1217 618 Afia,
1239 582 1277 610 et
1299 574 1463 618 Graecia,
1487 573 1639 626 signum
1659 573 1721 610 ul-

320 639 420 684 lum,
455 640 626 677 tabulam
659 640 816 691 pinitam,
845 638 973 676 ullum
1005 639 1172 691 denique
1203 649 1477 677 ornamentum
1510 640 1630 684 urbis,
1660 639 1724 676 sua

322 706 520 744 voluntate
551 705 735 757 cuiquam
755 705 943 743 vendidit.
975 705 1061 743 Nifi
1089 704 1188 743 forte
1207 705 1449 751 existimatis,
1477 706 1723 758 posteaquam

316 772 464 825 judicia
484 772 607 810 severa
627 772 765 810 Romae
786 771 868 810 fieri
890 771 1081 817 desierint,
1104 773 1262 810 Graecos
1283 771 1462 811 homines
1483 772 1566 810 haec
1587 773 1723 810 vendi-

322 849 400 877 tare
421 838 587 892 coepiffe‚
619 853 704 891 quae
736 849 821 877 tum
843 852 922 877 non
953 839 1070 878 niodo
1092 853 1169 878 non
1197 840 1425 883 vendebant,
1456 853 1549 877 cum
1576 840 1724 891 judicia

321 905 479 950 fiebant,
502 919 637 943 verum
657 905 773 943 etiam
795 904 1046 944 coemebant:
1070 916 1135 944 aut
1152 905 1219 944 nis1
1238 906 1491 950 arbitramini,
1510 907 1557 943 L.
1579 905 1721 950 Craffo,

323 972 589 1024 QScaevolae,
613 973 661 1009 C.
683 971 864 1016 Claudio,
885 972 1155 1024 potentiffimis
1176 971 1417 1017 hominibus,
1440 986 1607 1025 quorum
1631 973 1722 1010 aedi-

323 1038 449 1076 litates
471 1037 722 1076 nobiliffimas
743 1038 927 1083 vidimus,
964 1039 1248 1076 commercium
1276 1039 1429 1076 istarum
1467 1053 1595 1076 rerum
1629 1052 1722 1076 cum

324 1105 472 1143 Graecis
494 1103 722 1142 hominibus
744 1118 822 1142 non
843 1103 980 1150 fuiffe3
1012 1105 1074 1150 iis,
1104 1105 1172 1158 qui
1194 1105 1275 1158 post
1301 1105 1542 1157 judiciorum
1564 1104 1722 1142 dissolu-

323 1171 463 1216 tiones,
486 1171 612 1209 aediles
633 1169 724 1208 fadfi
745 1171 844 1216 sunt,
866 1170 990 1210 fuiffe.

379 1237 470 1275 LX.
503 1237 755 1274 Acerbiorem
777 1237 894 1274 etiam
928 1236 1062 1274 scitote
1088 1236 1159 1274 effe
1191 1237 1412 1275 civitatibus
1443 1236 1576 1274 falsam
1599 1237 1722 1281 istam,

324 1311 362 1340 et
382 1302 600 1340 fimulatam
632 1302 887 1354 emptionem,
920 1315 1039 1354 quam
1060 1302 1085 1339 s1
1113 1303 1198 1354 quis
1221 1302 1320 1340 clam
1342 1302 1530 1354 surripiat,
1563 1312 1627 1340 aut
1647 1304 1721 1340 eri-

324 1369 406 1422 piat
425 1369 566 1422 palam,
597 1378 712 1421 atque
732 1367 890 1407 auferat.
922 1368 1030 1406 Nam
1052 1369 1335 1421 turpitudinem
1358 1369 1550 1407 summam
1572 1369 1642 1406 csse
1663 1383 1721 1407 ar-

322 1435 526 1479 bitrantur,
555 1433 685 1472 referri
705 1435 746 1472 in
767 1434 892 1472 literas
919 1435 1109 1487 publicaS,
1132 1435 1479 1487 pretiobaddufftam
1510 1435 1722 1480 civitatem,

323 1512 361 1539 et
380 1502 504 1555 pretio
524 1515 653 1554 parvo,
675 1514 730 1545 ea,
760 1515 846 1552 quae
865 1501 1061 1553 accepiffet
1081 1514 1102 1538 a
1121 1502 1346 1553 majoribus,
1368 1502 1587 1546 vendidiffe,
1609 1512 1724 1554 atque

324 1568 497 1606 alienasse
515 1583 524 1606 ε
557 1567 702 1605 etenim
723 1567 946 1605 mirandum
978 1569 1018 1604 in
1039 1568 1204 1605 modum
1226 1568 1353 1605 Graeci
1374 1568 1485 1606 rebus
1507 1568 1600 1612 istis,
1630 1581 1723 1620 quas

325 1648 394 1673 nos
426 1635 731 1678 contemnimus,
753 1634 1002 1672 delcetantur.
1047 1635 1182 1686 Itaque
1205 1635 1364 1686 majores
1387 1635 1501 1672 nostri
1522 1634 1634 1672 facile
1655 1649 1723 1686 pa-

325 1701 531 1745 tiebantur,
555 1699 636 1737 haec
658 1699 729 1737 effe
749 1700 1040 1752 quamplurima
1059 1700 1161 1753 apud
1180 1700 1315 1745 socios,
1348 1710 1391 1738 ut
1414 1700 1578 1753 imperio
1598 1701 1725 1738 nostro

325 1781 443 1820 quam
463 1767 701 1811 ornatissimi,
725 1766 1054 1819 florentiffimique
1074 1766 1190 1805 essent
1209 1782 1217 1805 ε
1250 1767 1352 1820 apud
1372 1780 1434 1805 eos
1456 1777 1598 1812 autem,
1626 1780 1723 1819 quos

325 1834 541 1887 vectigales,
563 1843 628 1871 aut
640 1833 901 1886 stipendiarios
922 1832 1102 1878 fecerant,
1126 1843 1253 1871 tamen
1275 1832 1355 1871 haec
1378 1834 1659 1885 relinquebant,
1682 1843 1726 1871 ut

324 1901 398 1946 illi,
421 1902 562 1954 quibus
583 1914 626 1938 ea
645 1901 821 1953 jucunda
840 1900 941 1946 sunt,
972 1915 1057 1953 quae
1078 1901 1188 1939 nobis
1211 1901 1308 1938 levia
1328 1901 1567 1945 videbantur,
1603 1899 1724 1938 habe-

324 1977 410 2006 rent
428 1967 511 2006 haec
531 1968 827 2012 oblectamenta,
847 1976 885 2005 et
906 1967 1035 2006 solatia
1056 1967 1262 2006 servitutis.

381 2034 490 2085 Qid
514 2035 755 2072 arbitramini
776 2033 991 2087 Rheginos,
1024 2035 1092 2087 qui
1107 2035 1189 2087 jam
1210 2034 1311 2072 cives
1333 2034 1502 2072 Romani
1519 2033 1619 2079 sunt,
1639 2048 1724 2071 mc-

325 2114 404 2139 rere
432 2100 543 2145 velle,
575 2109 617 2138 ut
637 2101 684 2138 ab
704 2101 756 2138 eis
778 2115 990 2139 marmorea
1010 2102 1143 2139 Venus
1171 2101 1238 2138 illa
1257 2100 1448 2139 auferatur
1467 2102 1479 2138 ?
1512 2101 1620 2153 Qid
1642 2103 1723 2139 Ta—

326 2168 510 2212 rentinos,
534 2176 577 2204 ut
598 2168 795 2219 Europam
818 2167 855 2204 in
879 2176 986 2205 tauro
1007 2167 1200 2205 sedentem
1221 2168 1432 2206 amittant?
1466 2177 1508 2206 ut
1531 2169 1722 2219 Satyrum,

327 2235 393 2287 qui
415 2234 517 2286 apud
537 2234 624 2272 illos
645 2235 685 2271 in
707 2234 784 2271 aede
807 2233 928 2271 Vestae
949 2234 1001 2271 est
1022 2235 1034 2271 ?
1067 2244 1109 2272 ut
1129 2244 1263 2273 caetera
1282 2235 1294 2272 ?
1327 2235 1434 2286 Qid
1455 2233 1722 2286 Thespienses,

327 2309 370 2338 ut
399 2300 604 2352 Cupidinis
642 2300 809 2353 signum,
842 2309 996 2352 propter
1026 2301 1131 2353 quod
1161 2314 1284 2339 unum
1318 2301 1491 2338 visuntur
1511 2298 1722 2350 Thespias?

329 2366 437 2417 Qid
473 2367 648 2411 Cnidios,
689 2376 731 2404 ut
763 2366 954 2404 Venerem
990 2380 1244 2405 marmoream
1265 2367 1277 2403 ?
1322 2366 1452 2416 Quid,
1490 2374 1531 2401 ut
1566 2365 1721 2415 pictam,

331 2432 432 2469 Coos
453 2432 465 2468 ?
499 2432 606 2482 Qid
639 2431 838 2484 EphesiOS,
870 2441 914 2470 ut
945 2433 1213 2471 Alexandrum
1233 2433 1245 2468 ?
1279 2431 1383 2482 Qid
1419 2431 1648 2481 Cyzicenos,
1682 2439 1723 2467 ut

329 2497 488 2548 Ajacem
507 2525 517 2541 ,
558 2508 622 2535 aut
656 2497 868 2536 Medeam?
916 2499 1025 2549 Qid
1060 2496 1257 2541 Rhodios,
1303 2505 1346 2533 ut
1383 2495 1546 2548 Ialysum
1566 2495 1577 2530 Ρ
1615 2495 1722 2546 Qid
