2201 2792
547 180 676 220 PRO
709 178 846 217 SEX.
878 177 1134 216 ROSCIO
1165 178 1521 218 AMERINO.
1694 181 1746 235 87

337 295 393 320 res
421 280 500 333 ipsa
519 279 592 318 tibi
612 279 748 332 iniqua
777 278 1006 318 videbatur?
1038 278 1287 317 Postulabant
1306 276 1487 316 homines
1519 279 1746 317 nobilissimi

335 355 451 398 atque
469 345 710 398 integerrimi
729 345 862 383 nostrae
883 345 1064 390 civitatis,
1087 358 1184 397 quos
1199 345 1282 396 jam
1303 353 1412 381 antea
1432 344 1654 388 noniinavi3
1678 345 1747 395 qui

333 412 386 449 ita
405 411 599 457 vixerunt,
631 410 798 463 talesque
831 425 852 449 a
883 411 1030 464 populo
1051 411 1232 449 Romano
1252 419 1452 463 putantur,
1474 418 1531 455 ut,
1553 409 1747 461 quidquid

334 477 519 523 dicerent,
550 491 666 516 nemo
685 477 788 522 effet,
820 478 889 529 qui
910 491 988 516 non
1020 491 1178 530 aequum
1198 485 1363 530 putaret.
1407 475 1656 514 Postulabant
1676 488 1745 512 au-

333 551 414 582 tem
434 558 504 596 pro
522 542 686 582 homine
706 543 922 582 miserrimo
946 554 1060 595 atque
1092 542 1370 587 infeliciffimo,
1405 542 1475 594 qui
1497 542 1555 579 vel
1576 540 1654 593 ipse
1675 540 1750 578 sese

333 609 375 647 in
395 610 612 649 cruciatum
634 610 714 648 dari
734 619 905 662 cuperet,
928 609 1024 647 dum
1045 609 1092 647 de
1113 609 1229 662 patris
1251 618 1377 646 morte
1398 617 1644 660 quaereretur.
1668 607 1746 644 Res

334 689 455 728 porro
467 676 533 715 abs
552 685 590 715 te
609 675 797 729 ejusmodi
813 676 1089 728 postulabatur,
1105 684 1148 713 ut
1169 674 1270 712 nihil
1286 673 1488 719 interesset,
1507 683 1641 711 utrum
1661 686 1747 710 eain

332 755 414 781 rem
435 742 635 788 recusares,
656 756 704 780 an
724 742 771 780 de
790 741 982 780 maleficio
1003 741 1243 780 confiterere.

390 808 488 859 Qae
508 822 601 847 cum
621 809 675 846 ita
693 808 780 853 sint,
812 821 942 860 quaero
971 807 1036 845 abs
1060 817 1110 852 te,
1133 820 1251 860 quam
1281 807 1333 846 ob
1367 806 1519 844 causam
1550 804 1747 843 recusatis.

335 874 438 914 Cum
460 875 652 914 occiditur
676 876 762 914 Sex.
784 874 964 920 Roscius,
986 874 1135 912 ibidem
1154 873 1329 912 fuerunt.
1353 875 1484 912 Servos
1506 871 1618 926 ipsos,
1641 871 1749 923 quod

334 940 381 978 ad
411 954 476 979 me
508 942 659 986 attinet,
692 955 818 994 neque
838 955 971 994 arguo,
1008 954 1133 993 neque
1160 954 1299 993 purgo.
1333 939 1455 991 Qod
1482 953 1501 977 a
1531 938 1639 977 vobis
1670 937 1747 975 hoc

335 1008 500 1059 pugnari
521 1007 646 1051 video,
668 1020 716 1044 ne
735 1007 776 1043 in
797 1007 1048 1058 quaestionem
1067 1007 1220 1051 dentur,
1248 1005 1498 1059 suspiciosum
1518 1004 1584 1042 est.
1627 1003 1747 1055 Qod

335 1084 424 1110 vero
455 1072 556 1125 apud
590 1085 656 1110 vos
688 1071 787 1124 ipsos
809 1072 850 1109 in
881 1070 1026 1109 honore
1050 1080 1157 1109 tanto
1177 1071 1279 1115 sunt,
1310 1070 1482 1123 profecto
1503 1068 1647 1107 neceffe
1677 1069 1744 1111 est,

335 1137 455 1175 sciant
475 1138 635 1189 aliquid,
673 1137 778 1188 quod
809 1137 835 1174 si
856 1137 1038 1181 dixerint,
1069 1137 1328 1188 perniciosum
1356 1137 1464 1174 vobis
1485 1134 1663 1173 futurum
1685 1134 1746 1172 fit.

335 1203 382 1240 In
403 1202 582 1240 dominos
603 1202 721 1254 quaeri
741 1201 788 1238 de
807 1201 921 1239 servis
952 1202 1136 1253 iniquum
1157 1201 1222 1238 est.
1269 1203 1384 1238 Anne
1411 1201 1595 1252 quaeritur
1613 1199 1625 1234 ?
1658 1201 1745 1237 Sex.

333 1269 443 1306 enim
464 1268 627 1306 Roscius
649 1281 735 1305 reus
757 1267 821 1305 est.
868 1267 1009 1319 Neque
1029 1267 1151 1312 enim,
1183 1281 1274 1305 curn
1298 1266 1344 1304 de
1364 1265 1440 1304 hoc
1460 1266 1658 1318 quaeritur,
1680 1278 1746 1302 vos

335 1333 515 1372 dominos
537 1333 608 1372 effe
629 1334 771 1372 dicitis.
819 1334 926 1371 Cum
948 1332 1202 1385 Chrysogono
1223 1333 1322 1371 sunt.
1374 1333 1432 1371 Ita
1452 1332 1566 1370 credo
1585 1346 1593 1370 :
1627 1331 1746 1368 literis

335 1414 472 1439 eorum
491 1411 529 1439 et
550 1401 764 1439 urbanitate
785 1398 1060 1452 Chrysogonus
1082 1400 1252 1444 ducitur,
1275 1409 1317 1437 ut
1338 1399 1436 1437 inter
1457 1398 1542 1436 suos
1564 1398 1746 1436 omnium

336 1467 578 1513 deliciarum,
606 1477 722 1519 atque
752 1467 935 1505 omnium
967 1467 1108 1504 artium
1132 1466 1325 1519 puerulos,
1359 1479 1406 1504 ex
1438 1474 1496 1504 tot
1516 1464 1747 1517 elegantiffi-

335 1535 410 1572 mis
431 1533 590 1572 familiis
611 1533 743 1578 leetos,
764 1533 859 1571 velit
880 1531 950 1571 hos
972 1532 1122 1577 versari,
1144 1532 1323 1570 homines
1344 1545 1442 1585 pene
1470 1531 1676 1584 operarios,
1698 1543 1746 1567 ex

336 1601 523 1638 Amerina
543 1600 744 1652 disciplina
761 1598 1039 1652 patrisfamiliae
1060 1598 1252 1636 rusticani.
1299 1599 1394 1637 Non
1414 1598 1466 1635 est
1488 1598 1539 1635 ita
1559 1596 1745 1650 profecto,

336 1666 520 1717 Judices;
553 1680 630 1704 non
651 1665 704 1703 est
723 1665 940 1709 verisimile,
978 1674 1021 1702 ut
1050 1664 1324 1716 Chrysogonus
1346 1664 1487 1702 horum
1510 1664 1635 1700 literas
1657 1663 1745 1700 ada-

338 1732 466 1777 marit,
488 1741 553 1769 aut
573 1730 885 1774 humanitatem,
919 1744 1012 1774 non,
1035 1739 1077 1767 ut
1104 1731 1158 1767 rei
1178 1729 1378 1766 familiaris
1400 1729 1555 1780 negotio
1576 1727 1745 1779 diligen-

338 1799 432 1835 tiam
453 1798 631 1851 cognorit
651 1810 800 1841 eorum,
837 1805 875 1834 et
896 1795 1027 1833 fidem.
1075 1795 1142 1833 Est
1163 1795 1362 1847 quiddam,
1386 1793 1491 1846 quod
1512 1793 1742 1831 occultatur.

337 1864 455 1915 Qod
477 1879 554 1917 quo
574 1863 772 1902 studiosius
794 1863 839 1900 ab
856 1861 943 1915 ipsis
965 1862 1203 1914 opprimitur
1218 1870 1256 1899 et
1277 1861 1534 1904 absconditur,
1558 1873 1602 1897 eo
1623 1860 1746 1912 magis

337 1931 483 1968 eminet
504 1940 541 1968 et
561 1940 728 1983 apparet.

382 1997 512 2035 XLII.
537 1997 645 2049 Qid
665 1996 812 2049 igitur?
837 1994 1110 2047 Chrysogonus
1132 1994 1187 2031 sui
1208 1993 1390 2032 maleficii
1411 1992 1630 2030 occultandi
1653 2005 1746 2030 caun

339 2061 374 2099 sa
393 2061 641 2113 quaestionem
675 2062 720 2098 de
741 2061 802 2099 his
830 2060 962 2098 haberi
984 2073 1061 2097 non
1083 2059 1193 2097 vult?
1226 2059 1412 2102 Minime,
1437 2058 1608 2108 Judices.
1651 2058 1746 2095 Non

338 2129 377 2165 in
399 2141 532 2165 omnes
553 2128 715 2165 arbitror
735 2128 867 2164 omnia
887 2126 1106 2164 convenire.
1130 2126 1216 2177 Ego
1236 2126 1277 2163 in
1295 2124 1562 2177 Chrysogono,
1580 2124 1683 2175 quod
1701 2123 1747 2160 acl

337 2209 402 2233 m:
423 2195 574 2238 attinet,
607 2192 706 2231 nihil
728 2192 915 2245 ejusmodi
936 2192 1130 2245 suspicor3
1164 2205 1288 2244 neque
1313 2191 1389 2229 hoc
1411 2191 1511 2229 mihi
1537 2204 1641 2228 nunc
1662 2190 1744 2241 pri-

338 2275 452 2300 mum
483 2262 522 2298 in
552 2269 725 2299 mentem
755 2260 860 2298 venit
881 2260 1020 2297 dicere.
1071 2258 1323 2303 Meministis,
1348 2272 1411 2296 me
1439 2259 1491 2295 ita
1522 2254 1746 2294 distribuisti:

338 2327 450 2364 initio
468 2326 642 2371 causam;
666 2327 706 2363 in
727 2326 888 2370 crimen,
911 2326 1021 2377 cujus
1043 2334 1123 2363 tota
1143 2324 1425 2377 argumentatio
1444 2319 1619 2374 permissa
1639 2320 1742 2357 Eru-

338 2393 399 2430 cio
433 2392 512 2437 est;
554 2401 592 2429 et
620 2392 662 2429 in
692 2391 905 2435 audaciam,
938 2391 1047 2443 cujus
1078 2399 1202 2443 partes
1238 2389 1386 2426 Rosciis
1422 2385 1608 2438 imposita:
1640 2384 1740 2422 sunt,

340 2457 545 2509 Qidquid
580 2457 775 2502 maleficii,
812 2457 976 2501 sceleris,
1007 2456 1119 2493 caedis
1152 2455 1237 2498 erit,
1270 2453 1472 2505 proprium
1507 2451 1547 2488 id
1579 2450 1744 2488 Roscio-

341 2534 429 2560 rum
449 2522 519 2560 esse
550 2522 720 2561 debebit.
766 2522 948 2560 Nimiam
969 2521 1147 2573 gratiam,
1176 2518 1467 2572 potentiamque
1499 2515 1743 2568 Chrysogoni
