<?xml version="1.0" encoding="UTF-8"?>
<!DOCTYPE html PUBLIC "-//W3C//DTD XHTML 1.0 Transitional//EN"
    "http://www.w3.org/TR/xhtml1/DTD/xhtml1-transitional.dtd">
<html xmlns="http://www.w3.org/1999/xhtml" xml:lang="en" lang="en">
 <head>
  <title>
</title>
<meta http-equiv="Content-Type" content="text/html;charset=utf-8" />
  <meta name='ocr-system' content='tesseract 3.04.00' />
  <meta name='ocr-capabilities' content='ocr_page ocr_carea ocr_par ocr_line ocrx_word'/>
</head>
<body>
  <div class='ocr_page' id='page_1' title='image "./operacumindicibu04ciceuoft_0157.png"; bbox 0 0 2201 2792; ppageno 0'>
   <div class='ocr_carea' id='block_1_1' title="bbox 696 140 1730 195">
    <p class='ocr_par' dir='ltr' id='par_1_1' title="bbox 696 140 1730 195">
     <span class='ocr_line' id='line_1_1' title="bbox 696 140 1730 195; baseline 0.003 -15"><span class='ocrx_word' id='word_1_1' title='bbox 696 140 987 180; x_wconf 80' lang='lat' dir='ltr'><strong>ACTIO</strong></span> <span class='ocrx_word' id='word_1_2' title='bbox 1058 140 1366 179; x_wconf 80' lang='lat' dir='ltr'><strong>PRIMA.</strong></span> <span class='ocrx_word' id='word_1_3' title='bbox 1661 156 1730 195; x_wconf 87' lang='lat'>141</span> 
     </span>
    </p>
   </div>
   <div class='ocr_carea' id='block_1_2' title="bbox 323 239 1747 1028">
    <p class='ocr_par' dir='ltr' id='par_1_2' title="bbox 323 239 1747 1028">
     <span class='ocr_line' id='line_1_2' title="bbox 324 239 1739 299; baseline -0.001 -16"><span class='ocrx_word' id='word_1_4' title='bbox 324 244 488 299; x_wconf 84' lang='lat' dir='ltr'>graviter</span> <span class='ocrx_word' id='word_1_5' title='bbox 506 241 611 287; x_wconf 85' lang='lat' dir='ltr'>tulit,</span> <span class='ocrx_word' id='word_1_6' title='bbox 642 239 705 279; x_wconf 92' lang='lat' dir='ltr'>sed</span> <span class='ocrx_word' id='word_1_7' title='bbox 735 240 852 278; x_wconf 89' lang='lat' dir='ltr'>etiam</span> <span class='ocrx_word' id='word_1_8' title='bbox 874 240 915 278; x_wconf 90' lang='lat' dir='ltr'>in</span> <span class='ocrx_word' id='word_1_9' title='bbox 937 240 1114 278; x_wconf 88' lang='lat' dir='ltr'>medium</span> <span class='ocrx_word' id='word_1_10' title='bbox 1134 240 1310 293; x_wconf 88' lang='lat' dir='ltr'>protulit.</span> <span class='ocrx_word' id='word_1_11' title='bbox 1355 241 1477 278; x_wconf 87' lang='lat' dir='ltr'>Hunc</span> <span class='ocrx_word' id='word_1_12' title='bbox 1493 241 1671 293; x_wconf 89' lang='lat' dir='ltr'>judicem</span> <span class='ocrx_word' id='word_1_13' title='bbox 1689 255 1739 282; x_wconf 79' lang='lat' dir='ltr'>ex</span> 
     </span>
     <span class='ocr_line' id='line_1_3' title="bbox 325 307 1738 362; baseline -0.001 -13"><span class='ocrx_word' id='word_1_14' title='bbox 325 311 412 350; x_wconf 87' lang='lat' dir='ltr'>Kal.</span> <span class='ocrx_word' id='word_1_15' title='bbox 436 311 591 362; x_wconf 90' lang='lat' dir='ltr'>Januar.</span> <span class='ocrx_word' id='word_1_16' title='bbox 614 321 692 347; x_wconf 89' lang='lat' dir='ltr'>non</span> <span class='ocrx_word' id='word_1_17' title='bbox 719 307 966 346; x_wconf 83' lang='lat' dir='ltr'>habebimus.</span> <span class='ocrx_word' id='word_1_18' title='bbox 999 307 1293 360; x_wconf 77' lang='lat' dir='ltr'>QManlium‚</span> <span class='ocrx_word' id='word_1_19' title='bbox 1325 316 1363 345; x_wconf 92' lang='lat' dir='ltr'>et</span> <span class='ocrx_word' id='word_1_20' title='bbox 1384 308 1738 360; x_wconf 74' lang='lat' dir='ltr'>QCornificium,</span> 
     </span>
     <span class='ocr_line' id='line_1_4' title="bbox 324 374 1739 428; baseline -0.001 -12"><span class='ocrx_word' id='word_1_21' title='bbox 324 377 420 416; x_wconf 86' lang='lat' dir='ltr'>duos</span> <span class='ocrx_word' id='word_1_22' title='bbox 440 375 688 415; x_wconf 86' lang='lat' dir='ltr'>severiffimos</span> <span class='ocrx_word' id='word_1_23' title='bbox 709 384 825 428; x_wconf 86' lang='lat' dir='ltr'>atque</span> <span class='ocrx_word' id='word_1_24' title='bbox 846 375 1115 427; x_wconf 87' lang='lat' dir='ltr'>integerrimos</span> <span class='ocrx_word' id='word_1_25' title='bbox 1130 374 1297 427; x_wconf 83' lang='lat' dir='ltr'>judices,</span> <span class='ocrx_word' id='word_1_26' title='bbox 1320 374 1426 427; x_wconf 91' lang='lat' dir='ltr'>quod</span> <span class='ocrx_word' id='word_1_27' title='bbox 1446 374 1594 413; x_wconf 88' lang='lat' dir='ltr'>tribuni</span> <span class='ocrx_word' id='word_1_28' title='bbox 1615 376 1739 428; x_wconf 86' lang='lat' dir='ltr'>plebis</span> 
     </span>
     <span class='ocr_line' id='line_1_5' title="bbox 324 441 1740 496; baseline -0.001 -13"><span class='ocrx_word' id='word_1_29' title='bbox 324 452 412 483; x_wconf 86' lang='lat' dir='ltr'>tum</span> <span class='ocrx_word' id='word_1_30' title='bbox 434 453 560 489; x_wconf 85' lang='lat' dir='ltr'>erunt,</span> <span class='ocrx_word' id='word_1_31' title='bbox 585 443 737 496; x_wconf 84' lang='lat' dir='ltr'>judices</span> <span class='ocrx_word' id='word_1_32' title='bbox 758 456 836 481; x_wconf 90' lang='lat' dir='ltr'>non</span> <span class='ocrx_word' id='word_1_33' title='bbox 851 441 1098 481; x_wconf 84' lang='lat' dir='ltr'><strong>habebimus.</strong></span> <span class='ocrx_word' id='word_1_34' title='bbox 1132 443 1177 480; x_wconf 95' lang='lat' dir='ltr'>P.</span> <span class='ocrx_word' id='word_1_35' title='bbox 1201 442 1411 496; x_wconf 81' lang='lat' dir='ltr'>Sulpicius,</span> <span class='ocrx_word' id='word_1_36' title='bbox 1427 441 1549 495; x_wconf 83' lang='lat' dir='ltr'>judex</span> <span class='ocrx_word' id='word_1_37' title='bbox 1570 442 1686 481; x_wconf 84' lang='lat' dir='ltr'>tristis</span> <span class='ocrx_word' id='word_1_38' title='bbox 1702 451 1740 481; x_wconf 90' lang='lat' dir='ltr'>et</span> 
     </span>
     <span class='ocr_line' id='line_1_6' title="bbox 323 507 1740 564; baseline -0.002 -15"><span class='ocrx_word' id='word_1_39' title='bbox 323 510 488 564; x_wconf 81' lang='lat' dir='ltr'>integer,</span> <span class='ocrx_word' id='word_1_40' title='bbox 511 509 777 563; x_wconf 87' lang='lat' dir='ltr'>magistratum</span> <span class='ocrx_word' id='word_1_41' title='bbox 799 509 902 547; x_wconf 90' lang='lat' dir='ltr'>ineat</span> <span class='ocrx_word' id='word_1_42' title='bbox 924 507 1069 547; x_wconf 84' lang='lat' dir='ltr'>neceffe</span> <span class='ocrx_word' id='word_1_43' title='bbox 1089 508 1140 546; x_wconf 88' lang='lat' dir='ltr'>est</span> <span class='ocrx_word' id='word_1_44' title='bbox 1161 508 1290 547; x_wconf 83' lang='lat' dir='ltr'>Nonis</span> <span class='ocrx_word' id='word_1_45' title='bbox 1312 509 1523 548; x_wconf 88' lang='lat' dir='ltr'>Decembr.</span> <span class='ocrx_word' id='word_1_46' title='bbox 1558 508 1623 548; x_wconf 88' lang='grc' dir='ltr'>Μ.</span> <span class='ocrx_word' id='word_1_47' title='bbox 1643 510 1740 547; x_wconf 90' lang='lat' dir='ltr'>Cre-</span> 
     </span>
     <span class='ocr_line' id='line_1_7' title="bbox 326 574 1742 631; baseline -0.002 -14"><span class='ocrx_word' id='word_1_48' title='bbox 326 579 477 631; x_wconf 86' lang='lat' dir='ltr'>pereius</span> <span class='ocrx_word' id='word_1_49' title='bbox 497 592 544 616; x_wconf 83' lang='lat' dir='ltr'>ex</span> <span class='ocrx_word' id='word_1_50' title='bbox 563 577 748 615; x_wconf 89' lang='lat' dir='ltr'>acerrima</span> <span class='ocrx_word' id='word_1_51' title='bbox 767 576 835 614; x_wconf 91' lang='lat' dir='ltr'>illa</span> <span class='ocrx_word' id='word_1_52' title='bbox 854 576 1019 629; x_wconf 90' lang='lat' dir='ltr'>equestri</span> <span class='ocrx_word' id='word_1_53' title='bbox 1040 574 1189 613; x_wconf 83' lang='lat' dir='ltr'>familia</span> <span class='ocrx_word' id='word_1_54' title='bbox 1209 585 1247 614; x_wconf 88' lang='lat' dir='ltr'>et</span> <span class='ocrx_word' id='word_1_55' title='bbox 1263 576 1466 629; x_wconf 83' lang='lat' dir='ltr'>disciplina</span> <span class='ocrx_word' id='word_1_56' title='bbox 1484 590 1492 614; x_wconf 92' lang='lat'><strong>:</strong></span> <span class='ocrx_word' id='word_1_57' title='bbox 1526 575 1742 630; x_wconf 48' lang='lat' dir='ltr'>L..Caflius</span> 
     </span>
     <span class='ocr_line' id='line_1_8' title="bbox 325 640 1741 694; baseline -0.001 -12"><span class='ocrx_word' id='word_1_58' title='bbox 325 656 374 682; x_wconf 82' lang='lat' dir='ltr'>ex</span> <span class='ocrx_word' id='word_1_59' title='bbox 394 642 542 682; x_wconf 85' lang='lat' dir='ltr'>familia</span> <span class='ocrx_word' id='word_1_60' title='bbox 562 652 649 681; x_wconf 91' lang='lat' dir='ltr'>tum</span> <span class='ocrx_word' id='word_1_61' title='bbox 669 642 717 680; x_wconf 90' lang='lat' dir='ltr'>ad</span> <span class='ocrx_word' id='word_1_62' title='bbox 746 651 898 682; x_wconf 88' lang='lat' dir='ltr'>caeteras</span> <span class='ocrx_word' id='word_1_63' title='bbox 921 655 993 687; x_wconf 80' lang='lat' dir='ltr'>res,</span> <span class='ocrx_word' id='word_1_64' title='bbox 1024 650 1111 679; x_wconf 89' lang='lat' dir='ltr'>tum</span> <span class='ocrx_word' id='word_1_65' title='bbox 1133 641 1179 679; x_wconf 86' lang='lat' dir='ltr'>ad</span> <span class='ocrx_word' id='word_1_66' title='bbox 1200 642 1460 694; x_wconf 83' lang='lat' dir='ltr'>judicandum</span> <span class='ocrx_word' id='word_1_67' title='bbox 1487 640 1741 680; x_wconf 82' lang='lat' dir='ltr'>severiffima:</span> 
     </span>
     <span class='ocr_line' id='line_1_9' title="bbox 327 707 1743 761; baseline -0.002 -12"><span class='ocrx_word' id='word_1_68' title='bbox 327 711 403 749; x_wconf 88' lang='lat' dir='ltr'>Cn.</span> <span class='ocrx_word' id='word_1_69' title='bbox 423 710 677 755; x_wconf 86' lang='lat' dir='ltr'>Tremellius,</span> <span class='ocrx_word' id='word_1_70' title='bbox 706 707 829 748; x_wconf 90' lang='lat' dir='ltr'>homo</span> <span class='ocrx_word' id='word_1_71' title='bbox 855 709 1008 747; x_wconf 88' lang='lat' dir='ltr'>summa</span> <span class='ocrx_word' id='word_1_72' title='bbox 1038 709 1226 761; x_wconf 84' lang='lat' dir='ltr'>religione</span> <span class='ocrx_word' id='word_1_73' title='bbox 1257 718 1295 748; x_wconf 91' lang='lat' dir='ltr'>et</span> <span class='ocrx_word' id='word_1_74' title='bbox 1315 709 1544 761; x_wconf 87' lang='lat' dir='ltr'>diligentia:</span> <span class='ocrx_word' id='word_1_75' title='bbox 1578 717 1652 747; x_wconf 87' lang='lat' dir='ltr'>tres</span> <span class='ocrx_word' id='word_1_76' title='bbox 1684 707 1743 754; x_wconf 89' lang='lat' dir='ltr'>hi,</span> 
     </span>
     <span class='ocr_line' id='line_1_10' title="bbox 325 775 1743 829; baseline -0.002 -13"><span class='ocrx_word' id='word_1_77' title='bbox 325 775 506 816; x_wconf 88' lang='lat' dir='ltr'>homines</span> <span class='ocrx_word' id='word_1_78' title='bbox 526 786 684 822; x_wconf 87' lang='lat' dir='ltr'>veteres,</span> <span class='ocrx_word' id='word_1_79' title='bbox 699 776 848 814; x_wconf 87' lang='lat' dir='ltr'>tribuni</span> <span class='ocrx_word' id='word_1_80' title='bbox 869 776 1054 814; x_wconf 83' lang='lat' dir='ltr'>militares</span> <span class='ocrx_word' id='word_1_81' title='bbox 1076 776 1164 814; x_wconf 90' lang='lat' dir='ltr'>sunt</span> <span class='ocrx_word' id='word_1_82' title='bbox 1184 776 1382 829; x_wconf 73' lang='lat' dir='ltr'>designati.</span> <span class='ocrx_word' id='word_1_83' title='bbox 1402 776 1464 814; x_wconf 86' lang='lat' dir='ltr'>Ex</span> <span class='ocrx_word' id='word_1_84' title='bbox 1480 775 1569 814; x_wconf 87' lang='lat' dir='ltr'>Kal.</span> <span class='ocrx_word' id='word_1_85' title='bbox 1585 776 1743 826; x_wconf 87' lang='lat' dir='ltr'>Januar.</span> 
     </span>
     <span class='ocr_line' id='line_1_11' title="bbox 327 842 1745 897; baseline -0.003 -14"><span class='ocrx_word' id='word_1_86' title='bbox 327 857 406 883; x_wconf 89' lang='lat' dir='ltr'>non</span> <span class='ocrx_word' id='word_1_87' title='bbox 420 843 673 897; x_wconf 89' lang='lat' dir='ltr'>judicabunt.</span> <span class='ocrx_word' id='word_1_88' title='bbox 706 842 992 882; x_wconf 84' lang='lat' dir='ltr'>Subsortiemur</span> <span class='ocrx_word' id='word_1_89' title='bbox 1012 843 1129 880; x_wconf 88' lang='lat' dir='ltr'>etiam</span> <span class='ocrx_word' id='word_1_90' title='bbox 1149 843 1191 880; x_wconf 93' lang='lat' dir='ltr'>in</span> <span class='ocrx_word' id='word_1_91' title='bbox 1212 843 1275 881; x_wconf 88' lang='lat' dir='ltr'>M.</span> <span class='ocrx_word' id='word_1_92' title='bbox 1292 842 1449 880; x_wconf 88' lang='lat' dir='ltr'>Metelli</span> <span class='ocrx_word' id='word_1_93' title='bbox 1469 842 1619 888; x_wconf 88' lang='lat' dir='ltr'>locum,</span> <span class='ocrx_word' id='word_1_94' title='bbox 1642 855 1745 894; x_wconf 92' lang='lat' dir='ltr'>quo-</span> 
     </span>
     <span class='ocr_line' id='line_1_12' title="bbox 329 908 1744 963; baseline -0.001 -16"><span class='ocrx_word' id='word_1_95' title='bbox 329 910 435 948; x_wconf 91' lang='lat' dir='ltr'>niam</span> <span class='ocrx_word' id='word_1_96' title='bbox 454 911 485 949; x_wconf 87' lang='lat' dir='ltr'>is</span> <span class='ocrx_word' id='word_1_97' title='bbox 505 909 598 949; x_wconf 89' lang='lat' dir='ltr'>huic</span> <span class='ocrx_word' id='word_1_98' title='bbox 616 910 686 963; x_wconf 90' lang='lat' dir='ltr'>ipfi</span> <span class='ocrx_word' id='word_1_99' title='bbox 707 910 908 963; x_wconf 86' lang='lat' dir='ltr'>quaestioni</span> <span class='ocrx_word' id='word_1_100' title='bbox 927 909 1160 963; x_wconf 82' lang='lat' dir='ltr'>praefuturus</span> <span class='ocrx_word' id='word_1_101' title='bbox 1173 909 1240 948; x_wconf 89' lang='lat' dir='ltr'>est.</span> <span class='ocrx_word' id='word_1_102' title='bbox 1265 910 1323 948; x_wconf 88' lang='lat' dir='ltr'>Ita</span> <span class='ocrx_word' id='word_1_103' title='bbox 1343 909 1555 947; x_wconf 87' lang='lat' dir='ltr'>secundum</span> <span class='ocrx_word' id='word_1_104' title='bbox 1576 908 1744 947; x_wconf 87' lang='lat' dir='ltr'>Kalend.</span> 
     </span>
     <span class='ocr_line' id='line_1_13' title="bbox 330 975 1747 1028; baseline 0 -16"><span class='ocrx_word' id='word_1_105' title='bbox 330 975 486 1026; x_wconf 88' lang='lat' dir='ltr'>Januar.</span> <span class='ocrx_word' id='word_1_106' title='bbox 508 984 547 1013; x_wconf 91' lang='lat' dir='ltr'>et</span> <span class='ocrx_word' id='word_1_107' title='bbox 567 977 748 1020; x_wconf 83' lang='lat' dir='ltr'>Praetore,</span> <span class='ocrx_word' id='word_1_108' title='bbox 779 985 817 1013; x_wconf 90' lang='lat' dir='ltr'>et</span> <span class='ocrx_word' id='word_1_109' title='bbox 850 990 968 1028; x_wconf 87' lang='lat' dir='ltr'>prope</span> <span class='ocrx_word' id='word_1_110' title='bbox 1000 985 1084 1014; x_wconf 90' lang='lat' dir='ltr'>toto</span> <span class='ocrx_word' id='word_1_111' title='bbox 1110 976 1271 1014; x_wconf 88' lang='lat' dir='ltr'>confilio</span> <span class='ocrx_word' id='word_1_112' title='bbox 1296 984 1555 1021; x_wconf 85' lang='lat' dir='ltr'>commutato,</span> <span class='ocrx_word' id='word_1_113' title='bbox 1587 988 1747 1028; x_wconf 83' lang='lat' dir='ltr'>magnas</span> 
     </span>
    </p>
   </div>
   <div class='ocr_carea' id='block_1_3' title="bbox 331 1041 1748 1160">
    <p class='ocr_par' dir='ltr' id='par_1_3' title="bbox 331 1041 1748 1160">
     <span class='ocr_line' id='line_1_14' title="bbox 332 1041 1748 1095; baseline 0.001 -16"><span class='ocrx_word' id='word_1_114' title='bbox 332 1041 559 1080; x_wconf 82' lang='lat' dir='ltr'>accusatoris</span> <span class='ocrx_word' id='word_1_115' title='bbox 580 1041 719 1086; x_wconf 85' lang='lat' dir='ltr'>minas,</span> <span class='ocrx_word' id='word_1_116' title='bbox 742 1055 1003 1094; x_wconf 87' lang='lat' dir='ltr'>magnamque</span> <span class='ocrx_word' id='word_1_117' title='bbox 1017 1043 1159 1094; x_wconf 88' lang='lat' dir='ltr'>judicii</span> <span class='ocrx_word' id='word_1_118' title='bbox 1176 1044 1485 1095; x_wconf 69' lang='lat' dir='ltr'>expeaestationem</span> <span class='ocrx_word' id='word_1_119' title='bbox 1505 1042 1553 1080; x_wconf 88' lang='lat' dir='ltr'>ad</span> <span class='ocrx_word' id='word_1_120' title='bbox 1572 1042 1748 1080; x_wconf 87' lang='lat' dir='ltr'>nostrum</span> 
     </span>
     <span class='ocr_line' id='line_1_15' title="bbox 331 1108 1079 1160; baseline 0.003 -14"><span class='ocrx_word' id='word_1_121' title='bbox 331 1108 536 1146; x_wconf 87' lang='lat' dir='ltr'>arbitrium</span> <span class='ocrx_word' id='word_1_122' title='bbox 555 1108 841 1160; x_wconf 87' lang='lat' dir='ltr'>libidinemque</span> <span class='ocrx_word' id='word_1_123' title='bbox 861 1108 1079 1148; x_wconf 85' lang='lat' dir='ltr'>eludemus.</span> 
     </span>
    </p>
   </div>
   <div class='ocr_carea' id='block_1_4' title="bbox 330 1172 1758 2557">
    <p class='ocr_par' dir='ltr' id='par_1_4' title="bbox 330 1172 1758 2078">
     <span class='ocr_line' id='line_1_16' title="bbox 388 1172 1746 1228; baseline 0.001 -16"><span class='ocrx_word' id='word_1_124' title='bbox 388 1173 516 1212; x_wconf 83' lang='lat' dir='ltr'>Nonae</span> <span class='ocrx_word' id='word_1_125' title='bbox 550 1173 637 1211; x_wconf 87' lang='lat' dir='ltr'>sunt</span> <span class='ocrx_word' id='word_1_126' title='bbox 671 1172 790 1211; x_wconf 87' lang='lat' dir='ltr'>hodie</span> <span class='ocrx_word' id='word_1_127' title='bbox 825 1174 1018 1212; x_wconf 82' lang='lat' dir='ltr'>Sextiles:</span> <span class='ocrx_word' id='word_1_128' title='bbox 1050 1174 1146 1212; x_wconf 62' lang='lat' dir='ltr'>hora</span> <span class='ocrx_word' id='word_1_129' title='bbox 1176 1175 1278 1213; x_wconf 62' lang='lat' dir='ltr'>nona</span> <span class='ocrx_word' id='word_1_130' title='bbox 1309 1177 1515 1215; x_wconf 87' lang='lat' dir='ltr'>convenire</span> <span class='ocrx_word' id='word_1_131' title='bbox 1547 1175 1714 1228; x_wconf 84' lang='lat' dir='ltr'>coepistis</span> <span class='ocrx_word' id='word_1_132' title='bbox 1732 1194 1746 1221; x_wconf 92' lang='lat'>;</span> 
     </span>
     <span class='ocr_line' id='line_1_17' title="bbox 330 1238 1750 1293; baseline 0.001 -15"><span class='ocrx_word' id='word_1_133' title='bbox 330 1238 437 1278; x_wconf 92' lang='lat' dir='ltr'>hunc</span> <span class='ocrx_word' id='word_1_134' title='bbox 471 1240 576 1278; x_wconf 92' lang='lat' dir='ltr'>diem</span> <span class='ocrx_word' id='word_1_135' title='bbox 603 1240 687 1292; x_wconf 90' lang='lat' dir='ltr'>jam</span> <span class='ocrx_word' id='word_1_136' title='bbox 719 1253 768 1278; x_wconf 87' lang='lat' dir='ltr'>ne</span> <span class='ocrx_word' id='word_1_137' title='bbox 795 1248 1004 1279; x_wconf 84' lang='lat' dir='ltr'>numerant</span> <span class='ocrx_word' id='word_1_138' title='bbox 1023 1240 1198 1293; x_wconf 88' lang='lat' dir='ltr'>quidem.</span> <span class='ocrx_word' id='word_1_139' title='bbox 1258 1242 1409 1280; x_wconf 90' lang='lat' dir='ltr'>Decem</span> <span class='ocrx_word' id='word_1_140' title='bbox 1440 1243 1520 1281; x_wconf 89' lang='lat' dir='ltr'>dies</span> <span class='ocrx_word' id='word_1_141' title='bbox 1541 1242 1629 1280; x_wconf 89' lang='lat' dir='ltr'>sunt</span> <span class='ocrx_word' id='word_1_142' title='bbox 1662 1251 1750 1280; x_wconf 90' lang='lat' dir='ltr'>ante</span> 
     </span>
     <span class='ocr_line' id='line_1_18' title="bbox 330 1306 1749 1361; baseline 0.001 -16"><span class='ocrx_word' id='word_1_143' title='bbox 330 1306 443 1346; x_wconf 81' lang='lat' dir='ltr'>ludos</span> <span class='ocrx_word' id='word_1_144' title='bbox 476 1307 640 1352; x_wconf 82' lang='lat' dir='ltr'>votivos,</span> <span class='ocrx_word' id='word_1_145' title='bbox 671 1320 769 1359; x_wconf 86' lang='lat' dir='ltr'>quos</span> <span class='ocrx_word' id='word_1_146' title='bbox 803 1308 879 1346; x_wconf 91' lang='lat' dir='ltr'>Cn.</span> <span class='ocrx_word' id='word_1_147' title='bbox 903 1307 1116 1361; x_wconf 87' lang='lat' dir='ltr'>Pompeius</span> <span class='ocrx_word' id='word_1_148' title='bbox 1146 1306 1317 1346; x_wconf 61' lang='lat' dir='ltr'>faiturus</span> <span class='ocrx_word' id='word_1_149' title='bbox 1349 1308 1417 1347; x_wconf 90' lang='lat' dir='ltr'>est.</span> <span class='ocrx_word' id='word_1_150' title='bbox 1463 1309 1522 1348; x_wconf 90' lang='lat' dir='ltr'>Hi</span> <span class='ocrx_word' id='word_1_151' title='bbox 1551 1308 1636 1346; x_wconf 92' lang='lat' dir='ltr'>ludi</span> <span class='ocrx_word' id='word_1_152' title='bbox 1669 1309 1749 1347; x_wconf 86' lang='lat' dir='ltr'>dies</span> 
     </span>
     <span class='ocr_line' id='line_1_19' title="bbox 331 1373 1747 1428; baseline 0.002 -17"><span class='ocrx_word' id='word_1_153' title='bbox 331 1373 559 1426; x_wconf 91' lang='lat' dir='ltr'>quindecim</span> <span class='ocrx_word' id='word_1_154' title='bbox 594 1373 795 1412; x_wconf 85' lang='lat' dir='ltr'>auferent:</span> <span class='ocrx_word' id='word_1_155' title='bbox 841 1374 981 1412; x_wconf 89' lang='lat' dir='ltr'>deinde</span> <span class='ocrx_word' id='word_1_156' title='bbox 1014 1375 1204 1413; x_wconf 89' lang='lat' dir='ltr'>continuo</span> <span class='ocrx_word' id='word_1_157' title='bbox 1245 1374 1417 1413; x_wconf 81' lang='lat' dir='ltr'>Romani</span> <span class='ocrx_word' id='word_1_158' title='bbox 1450 1374 1747 1428; x_wconf 86' lang='lat' dir='ltr'>consequentur.</span> 
     </span>
     <span class='ocr_line' id='line_1_20' title="bbox 332 1438 1758 1494; baseline 0.002 -17"><span class='ocrx_word' id='word_1_159' title='bbox 332 1439 391 1478; x_wconf 88' lang='lat' dir='ltr'>Ita</span> <span class='ocrx_word' id='word_1_160' title='bbox 410 1452 529 1492; x_wconf 87' lang='lat' dir='ltr'>prope</span> <span class='ocrx_word' id='word_1_161' title='bbox 550 1452 605 1477; x_wconf 80' lang='lat' dir='ltr'>XL</span> <span class='ocrx_word' id='word_1_162' title='bbox 630 1438 764 1477; x_wconf 89' lang='lat' dir='ltr'>diebus</span> <span class='ocrx_word' id='word_1_163' title='bbox 796 1439 1048 1492; x_wconf 78' lang='lat' dir='ltr'>interpofitiS,</span> <span class='ocrx_word' id='word_1_164' title='bbox 1079 1450 1167 1480; x_wconf 89' lang='lat' dir='ltr'>tum</span> <span class='ocrx_word' id='word_1_165' title='bbox 1202 1441 1371 1494; x_wconf 88' lang='lat' dir='ltr'>denique</span> <span class='ocrx_word' id='word_1_166' title='bbox 1392 1441 1428 1480; x_wconf 90' lang='lat' dir='ltr'>se</span> <span class='ocrx_word' id='word_1_167' title='bbox 1457 1442 1503 1480; x_wconf 88' lang='lat' dir='ltr'>ad</span> <span class='ocrx_word' id='word_1_168' title='bbox 1529 1455 1585 1487; x_wconf 87' lang='lat' dir='ltr'>ea,</span> <span class='ocrx_word' id='word_1_169' title='bbox 1619 1455 1704 1494; x_wconf 86' lang='lat' dir='ltr'>quae</span> <span class='ocrx_word' id='word_1_170' title='bbox 1735 1454 1758 1479; x_wconf 81' lang='lat' dir='ltr'>a</span> 
     </span>
     <span class='ocr_line' id='line_1_21' title="bbox 332 1504 1750 1558; baseline 0.001 -14"><span class='ocrx_word' id='word_1_171' title='bbox 332 1506 444 1544; x_wconf 87' lang='lat' dir='ltr'>nobis</span> <span class='ocrx_word' id='word_1_172' title='bbox 467 1505 566 1543; x_wconf 62' lang='lat' dir='ltr'>dieta</span> <span class='ocrx_word' id='word_1_173' title='bbox 584 1514 712 1550; x_wconf 87' lang='lat' dir='ltr'>erunt,</span> <span class='ocrx_word' id='word_1_174' title='bbox 743 1505 984 1558; x_wconf 86' lang='lat' dir='ltr'>responsuros</span> <span class='ocrx_word' id='word_1_175' title='bbox 1004 1504 1077 1544; x_wconf 85' lang='lat' dir='ltr'>effe</span> <span class='ocrx_word' id='word_1_176' title='bbox 1098 1506 1332 1545; x_wconf 88' lang='lat' dir='ltr'>arbitrantur</span> <span class='ocrx_word' id='word_1_177' title='bbox 1350 1522 1358 1546; x_wconf 75' lang='grc' dir='ltr'>ε</span> <span class='ocrx_word' id='word_1_178' title='bbox 1392 1508 1531 1546; x_wconf 87' lang='lat' dir='ltr'>deinde</span> <span class='ocrx_word' id='word_1_179' title='bbox 1552 1508 1588 1546; x_wconf 88' lang='lat' dir='ltr'>se</span> <span class='ocrx_word' id='word_1_180' title='bbox 1609 1507 1750 1546; x_wconf 62' lang='lat' dir='ltr'>duetu-</span> 
     </span>
     <span class='ocr_line' id='line_1_22' title="bbox 334 1571 1752 1618; baseline 0.002 -9"><span class='ocrx_word' id='word_1_181' title='bbox 334 1585 408 1617; x_wconf 89' lang='lat' dir='ltr'>ros,</span> <span class='ocrx_word' id='word_1_182' title='bbox 441 1581 479 1610; x_wconf 93' lang='lat' dir='ltr'>et</span> <span class='ocrx_word' id='word_1_183' title='bbox 506 1572 685 1616; x_wconf 87' lang='lat' dir='ltr'>dicendo,</span> <span class='ocrx_word' id='word_1_184' title='bbox 715 1581 753 1610; x_wconf 90' lang='lat' dir='ltr'>et</span> <span class='ocrx_word' id='word_1_185' title='bbox 784 1572 1016 1618; x_wconf 86' lang='lat' dir='ltr'>excusando,</span> <span class='ocrx_word' id='word_1_186' title='bbox 1046 1571 1160 1611; x_wconf 87' lang='lat' dir='ltr'>facile</span> <span class='ocrx_word' id='word_1_187' title='bbox 1193 1573 1241 1611; x_wconf 89' lang='lat' dir='ltr'>ad</span> <span class='ocrx_word' id='word_1_188' title='bbox 1271 1573 1383 1612; x_wconf 86' lang='lat' dir='ltr'>ludos</span> <span class='ocrx_word' id='word_1_189' title='bbox 1404 1574 1599 1613; x_wconf 62' lang='lat' dir='ltr'>Vidioriae.</span> <span class='ocrx_word' id='word_1_190' title='bbox 1644 1574 1752 1612; x_wconf 85' lang='lat' dir='ltr'>Cum</span> 
     </span>
     <span class='ocr_line' id='line_1_23' title="bbox 332 1637 1753 1693; baseline 0.002 -18"><span class='ocrx_word' id='word_1_191' title='bbox 332 1637 394 1676; x_wconf 82' lang='lat' dir='ltr'>his</span> <span class='ocrx_word' id='word_1_192' title='bbox 416 1639 587 1691; x_wconf 85' lang='lat' dir='ltr'>plebeios</span> <span class='ocrx_word' id='word_1_193' title='bbox 608 1638 679 1676; x_wconf 81' lang='lat' dir='ltr'>effe</span> <span class='ocrx_word' id='word_1_194' title='bbox 698 1639 925 1690; x_wconf 63' lang='lat' dir='ltr'>conjunzstos</span> <span class='ocrx_word' id='word_1_195' title='bbox 939 1658 952 1685; x_wconf 70' lang='grc' dir='ltr'><strong><em>ς</em></strong></span> <span class='ocrx_word' id='word_1_196' title='bbox 979 1639 1191 1678; x_wconf 89' lang='lat' dir='ltr'>secundum</span> <span class='ocrx_word' id='word_1_197' title='bbox 1214 1654 1312 1693; x_wconf 91' lang='lat' dir='ltr'>quos</span> <span class='ocrx_word' id='word_1_198' title='bbox 1333 1651 1399 1679; x_wconf 89' lang='lat' dir='ltr'>aut</span> <span class='ocrx_word' id='word_1_199' title='bbox 1415 1641 1529 1685; x_wconf 88' lang='lat' dir='ltr'>nulli,</span> <span class='ocrx_word' id='word_1_200' title='bbox 1551 1650 1616 1680; x_wconf 83' lang='lat' dir='ltr'>aut</span> <span class='ocrx_word' id='word_1_201' title='bbox 1637 1641 1753 1693; x_wconf 83' lang='lat' dir='ltr'>pauci</span> 
     </span>
     <span class='ocr_line' id='line_1_24' title="bbox 335 1703 1750 1759; baseline 0.001 -16"><span class='ocrx_word' id='word_1_202' title='bbox 335 1705 414 1743; x_wconf 87' lang='lat' dir='ltr'>dies</span> <span class='ocrx_word' id='word_1_203' title='bbox 436 1705 482 1743; x_wconf 87' lang='lat' dir='ltr'>ad</span> <span class='ocrx_word' id='word_1_204' title='bbox 502 1705 696 1757; x_wconf 86' lang='lat' dir='ltr'>agendum</span> <span class='ocrx_word' id='word_1_205' title='bbox 716 1703 839 1743; x_wconf 89' lang='lat' dir='ltr'>futuri</span> <span class='ocrx_word' id='word_1_206' title='bbox 871 1705 974 1743; x_wconf 90' lang='lat' dir='ltr'>sunt.</span> <span class='ocrx_word' id='word_1_207' title='bbox 1017 1706 1090 1750; x_wconf 85' lang='lat' dir='ltr'>Ita,</span> <span class='ocrx_word' id='word_1_208' title='bbox 1120 1705 1258 1744; x_wconf 83' lang='lat' dir='ltr'>defeffa</span> <span class='ocrx_word' id='word_1_209' title='bbox 1288 1720 1330 1744; x_wconf 90' lang='lat' dir='ltr'>ac</span> <span class='ocrx_word' id='word_1_210' title='bbox 1357 1706 1577 1759; x_wconf 83' lang='lat' dir='ltr'>refrigerata</span> <span class='ocrx_word' id='word_1_211' title='bbox 1596 1707 1750 1744; x_wconf 81' lang='lat' dir='ltr'>accusa-</span> 
     </span>
     <span class='ocr_line' id='line_1_25' title="bbox 335 1772 1749 1825; baseline 0.001 -15"><span class='ocrx_word' id='word_1_212' title='bbox 335 1772 454 1817; x_wconf 80' lang='lat' dir='ltr'>tione,</span> <span class='ocrx_word' id='word_1_213' title='bbox 487 1786 568 1810; x_wconf 85' lang='lat' dir='ltr'>rem</span> <span class='ocrx_word' id='word_1_214' title='bbox 590 1772 781 1825; x_wconf 85' lang='lat' dir='ltr'>integram</span> <span class='ocrx_word' id='word_1_215' title='bbox 810 1772 857 1810; x_wconf 88' lang='lat' dir='ltr'>ad</span> <span class='ocrx_word' id='word_1_216' title='bbox 877 1773 942 1811; x_wconf 90' lang='lat' dir='ltr'>M.</span> <span class='ocrx_word' id='word_1_217' title='bbox 965 1772 1179 1811; x_wconf 89' lang='lat' dir='ltr'>Metellum</span> <span class='ocrx_word' id='word_1_218' title='bbox 1202 1773 1409 1812; x_wconf 80' lang='lat' dir='ltr'>Praetorem</span> <span class='ocrx_word' id='word_1_219' title='bbox 1430 1773 1501 1811; x_wconf 83' lang='lat' dir='ltr'>effe</span> <span class='ocrx_word' id='word_1_220' title='bbox 1522 1784 1749 1812; x_wconf 80' lang='lat' dir='ltr'>venturam:</span> 
     </span>
     <span class='ocr_line' id='line_1_26' title="bbox 335 1837 1753 1892; baseline 0.001 -16"><span class='ocrx_word' id='word_1_221' title='bbox 335 1853 454 1892; x_wconf 89' lang='lat' dir='ltr'>quem</span> <span class='ocrx_word' id='word_1_222' title='bbox 488 1852 559 1892; x_wconf 87' lang='lat' dir='ltr'>ego</span> <span class='ocrx_word' id='word_1_223' title='bbox 585 1837 805 1884; x_wconf 88' lang='lat' dir='ltr'>hominem,</span> <span class='ocrx_word' id='word_1_224' title='bbox 837 1839 863 1877; x_wconf 90' lang='lat' dir='ltr'>fi</span> <span class='ocrx_word' id='word_1_225' title='bbox 895 1840 978 1892; x_wconf 81' lang='lat' dir='ltr'>ejus</span> <span class='ocrx_word' id='word_1_226' title='bbox 1012 1839 1101 1878; x_wconf 90' lang='lat' dir='ltr'>fidei</span> <span class='ocrx_word' id='word_1_227' title='bbox 1123 1839 1267 1878; x_wconf 84' lang='lat' dir='ltr'>diffisus</span> <span class='ocrx_word' id='word_1_228' title='bbox 1300 1840 1428 1885; x_wconf 83' lang='lat' dir='ltr'>effem,</span> <span class='ocrx_word' id='word_1_229' title='bbox 1461 1841 1638 1892; x_wconf 86' lang='lat' dir='ltr'>judicem</span> <span class='ocrx_word' id='word_1_230' title='bbox 1673 1854 1753 1878; x_wconf 83' lang='lat' dir='ltr'>non</span> 
     </span>
     <span class='ocr_line' id='line_1_27' title="bbox 336 1905 1753 1960; baseline 0.001 -17"><span class='ocrx_word' id='word_1_231' title='bbox 336 1905 588 1944; x_wconf 76' lang='lat' dir='ltr'>retinuissem.</span> <span class='ocrx_word' id='word_1_232' title='bbox 622 1905 743 1944; x_wconf 89' lang='lat' dir='ltr'>Nunc</span> <span class='ocrx_word' id='word_1_233' title='bbox 776 1915 906 1944; x_wconf 83' lang='lat' dir='ltr'>tamen</span> <span class='ocrx_word' id='word_1_234' title='bbox 941 1919 986 1944; x_wconf 89' lang='lat' dir='ltr'>eo</span> <span class='ocrx_word' id='word_1_235' title='bbox 1017 1906 1148 1945; x_wconf 87' lang='lat' dir='ltr'>animo</span> <span class='ocrx_word' id='word_1_236' title='bbox 1174 1906 1276 1952; x_wconf 88' lang='lat' dir='ltr'>sum,</span> <span class='ocrx_word' id='word_1_237' title='bbox 1306 1916 1350 1945; x_wconf 89' lang='lat' dir='ltr'>ut</span> <span class='ocrx_word' id='word_1_238' title='bbox 1382 1920 1427 1945; x_wconf 92' lang='lat' dir='ltr'>eo</span> <span class='ocrx_word' id='word_1_239' title='bbox 1453 1907 1600 1959; x_wconf 82' lang='lat' dir='ltr'>judice,</span> <span class='ocrx_word' id='word_1_240' title='bbox 1633 1920 1753 1960; x_wconf 81' lang='lat' dir='ltr'>quam</span> 
     </span>
     <span class='ocr_line' id='line_1_28' title="bbox 337 1971 1752 2026; baseline 0 -16"><span class='ocrx_word' id='word_1_241' title='bbox 337 1972 515 2017; x_wconf 86' lang='lat' dir='ltr'>Praetore,</span> <span class='ocrx_word' id='word_1_242' title='bbox 537 1971 638 2010; x_wconf 86' lang='lat' dir='ltr'>hanc</span> <span class='ocrx_word' id='word_1_243' title='bbox 659 1985 740 2010; x_wconf 89' lang='lat' dir='ltr'>rem</span> <span class='ocrx_word' id='word_1_244' title='bbox 762 1972 915 2025; x_wconf 74' lang='lat' dir='ltr'>transigi</span> <span class='ocrx_word' id='word_1_245' title='bbox 936 1972 1073 2010; x_wconf 82' lang='lat' dir='ltr'>malim</span> <span class='ocrx_word' id='word_1_246' title='bbox 1086 1990 1099 2018; x_wconf 77' lang='lat'>3</span> <span class='ocrx_word' id='word_1_247' title='bbox 1122 1981 1159 2010; x_wconf 88' lang='lat' dir='ltr'>et</span> <span class='ocrx_word' id='word_1_248' title='bbox 1173 1973 1303 2025; x_wconf 82' lang='lat' dir='ltr'>jurato</span> <span class='ocrx_word' id='word_1_249' title='bbox 1323 1972 1445 2019; x_wconf 86' lang='lat' dir='ltr'>suam,</span> <span class='ocrx_word' id='word_1_250' title='bbox 1467 1987 1585 2026; x_wconf 81' lang='lat' dir='ltr'>quam</span> <span class='ocrx_word' id='word_1_251' title='bbox 1608 1974 1752 2025; x_wconf 72' lang='lat' dir='ltr'>injura-</span> 
     </span>
     <span class='ocr_line' id='line_1_29' title="bbox 336 2039 1023 2078; baseline 0.001 -1"><span class='ocrx_word' id='word_1_252' title='bbox 336 2048 378 2078; x_wconf 87' lang='lat' dir='ltr'>to</span> <span class='ocrx_word' id='word_1_253' title='bbox 397 2039 562 2077; x_wconf 85' lang='lat' dir='ltr'>aliorum</span> <span class='ocrx_word' id='word_1_254' title='bbox 583 2039 741 2077; x_wconf 83' lang='lat' dir='ltr'>tabellas</span> <span class='ocrx_word' id='word_1_255' title='bbox 761 2040 1023 2078; x_wconf 90' lang='lat' dir='ltr'>committere.</span> 
     </span>
    </p>

    <p class='ocr_par' dir='ltr' id='par_1_5' title="bbox 338 2105 1755 2557">
     <span class='ocr_line' id='line_1_30' title="bbox 393 2105 1752 2160; baseline 0 -17"><span class='ocrx_word' id='word_1_256' title='bbox 393 2105 466 2143; x_wconf 90' lang='lat' dir='ltr'>XI.</span> <span class='ocrx_word' id='word_1_257' title='bbox 498 2105 621 2143; x_wconf 91' lang='lat' dir='ltr'>Nunc</span> <span class='ocrx_word' id='word_1_258' title='bbox 642 2119 728 2158; x_wconf 87' lang='lat' dir='ltr'>ego,</span> <span class='ocrx_word' id='word_1_259' title='bbox 752 2106 922 2156; x_wconf 90' lang='lat' dir='ltr'>Judices‚</span> <span class='ocrx_word' id='word_1_260' title='bbox 949 2107 1033 2158; x_wconf 86' lang='lat' dir='ltr'>jam</span> <span class='ocrx_word' id='word_1_261' title='bbox 1052 2118 1119 2145; x_wconf 85' lang='lat' dir='ltr'>vos</span> <span class='ocrx_word' id='word_1_262' title='bbox 1141 2106 1314 2152; x_wconf 87' lang='lat' dir='ltr'>consulo,</span> <span class='ocrx_word' id='word_1_263' title='bbox 1345 2107 1441 2160; x_wconf 89' lang='lat' dir='ltr'>quid</span> <span class='ocrx_word' id='word_1_264' title='bbox 1473 2105 1573 2145; x_wconf 85' lang='lat' dir='ltr'>mihi</span> <span class='ocrx_word' id='word_1_265' title='bbox 1605 2106 1752 2144; x_wconf 69' lang='lat' dir='ltr'>facien—</span> 
     </span>
     <span class='ocr_line' id='line_1_31' title="bbox 338 2171 1755 2226; baseline -0.001 -16"><span class='ocrx_word' id='word_1_266' title='bbox 338 2171 433 2210; x_wconf 89' lang='lat' dir='ltr'>dum</span> <span class='ocrx_word' id='word_1_267' title='bbox 454 2172 613 2226; x_wconf 81' lang='lat' dir='ltr'>putetiS.</span> <span class='ocrx_word' id='word_1_268' title='bbox 658 2171 702 2209; x_wconf 93' lang='lat' dir='ltr'>Id</span> <span class='ocrx_word' id='word_1_269' title='bbox 733 2172 840 2210; x_wconf 89' lang='lat' dir='ltr'>enim</span> <span class='ocrx_word' id='word_1_270' title='bbox 860 2172 1009 2210; x_wconf 77' lang='lat' dir='ltr'>consilii</span> <span class='ocrx_word' id='word_1_271' title='bbox 1029 2172 1130 2211; x_wconf 89' lang='lat' dir='ltr'>mihi</span> <span class='ocrx_word' id='word_1_272' title='bbox 1150 2173 1322 2226; x_wconf 59' lang='lat' dir='ltr'>profesto</span> <span class='ocrx_word' id='word_1_273' title='bbox 1343 2174 1451 2212; x_wconf 85' lang='lat' dir='ltr'>taciti</span> <span class='ocrx_word' id='word_1_274' title='bbox 1473 2174 1626 2218; x_wconf 81' lang='lat' dir='ltr'>dabitis,</span> <span class='ocrx_word' id='word_1_275' title='bbox 1649 2172 1755 2224; x_wconf 85' lang='lat' dir='ltr'>quod</span> 
     </span>
     <span class='ocr_line' id='line_1_32' title="bbox 338 2238 1753 2294; baseline -0.002 -16"><span class='ocrx_word' id='word_1_276' title='bbox 338 2248 493 2293; x_wconf 85' lang='lat' dir='ltr'>egomet</span> <span class='ocrx_word' id='word_1_277' title='bbox 514 2238 615 2277; x_wconf 88' lang='lat' dir='ltr'>mihi</span> <span class='ocrx_word' id='word_1_278' title='bbox 635 2238 840 2277; x_wconf 77' lang='lat' dir='ltr'>necessario</span> <span class='ocrx_word' id='word_1_279' title='bbox 870 2239 1103 2293; x_wconf 86' lang='lat' dir='ltr'>capiendum</span> <span class='ocrx_word' id='word_1_280' title='bbox 1124 2241 1317 2294; x_wconf 83' lang='lat' dir='ltr'>intelligo.</span> <span class='ocrx_word' id='word_1_281' title='bbox 1365 2241 1402 2279; x_wconf 85' lang='lat' dir='ltr'>Si</span> <span class='ocrx_word' id='word_1_282' title='bbox 1435 2250 1520 2279; x_wconf 85' lang='lat' dir='ltr'>utar</span> <span class='ocrx_word' id='word_1_283' title='bbox 1550 2240 1595 2276; x_wconf 83' lang='lat' dir='ltr'>ad</span> <span class='ocrx_word' id='word_1_284' title='bbox 1617 2239 1753 2276; x_wconf 84' lang='lat' dir='ltr'>dicen—</span> 
     </span>
     <span class='ocr_line' id='line_1_33' title="bbox 339 2305 1753 2360; baseline -0.001 -17"><span class='ocrx_word' id='word_1_285' title='bbox 339 2306 435 2344; x_wconf 91' lang='lat' dir='ltr'>dum</span> <span class='ocrx_word' id='word_1_286' title='bbox 456 2319 544 2344; x_wconf 89' lang='lat' dir='ltr'>meo</span> <span class='ocrx_word' id='word_1_287' title='bbox 563 2305 743 2359; x_wconf 86' lang='lat' dir='ltr'>legitimo</span> <span class='ocrx_word' id='word_1_288' title='bbox 764 2316 953 2360; x_wconf 89' lang='lat' dir='ltr'>tempore,</span> <span class='ocrx_word' id='word_1_289' title='bbox 989 2307 1068 2345; x_wconf 89' lang='lat' dir='ltr'>mei</span> <span class='ocrx_word' id='word_1_290' title='bbox 1089 2307 1245 2353; x_wconf 85' lang='lat' dir='ltr'>laboris,</span> <span class='ocrx_word' id='word_1_291' title='bbox 1280 2307 1486 2351; x_wconf 62' lang='lat' dir='ltr'>industriae,</span> <span class='ocrx_word' id='word_1_292' title='bbox 1519 2305 1753 2358; x_wconf 55' lang='lat' dir='ltr'>diligenti-„u-</span> 
     </span>
     <span class='ocr_line' id='line_1_34' title="bbox 339 2371 1753 2426; baseline -0.001 -16"><span class='ocrx_word' id='word_1_293' title='bbox 339 2387 416 2426; x_wconf 88' lang='lat' dir='ltr'>que</span> <span class='ocrx_word' id='word_1_294' title='bbox 437 2373 587 2426; x_wconf 85' lang='lat' dir='ltr'>capiam</span> <span class='ocrx_word' id='word_1_295' title='bbox 608 2371 805 2418; x_wconf 59' lang='lat' dir='ltr'>fruitum5</span> <span class='ocrx_word' id='word_1_296' title='bbox 837 2383 875 2412; x_wconf 92' lang='lat' dir='ltr'>et</span> <span class='ocrx_word' id='word_1_297' title='bbox 895 2387 941 2412; x_wconf 85' lang='lat' dir='ltr'>ex</span> <span class='ocrx_word' id='word_1_298' title='bbox 963 2374 1201 2412; x_wconf 83' lang='lat' dir='ltr'>accusatione</span> <span class='ocrx_word' id='word_1_299' title='bbox 1234 2374 1445 2426; x_wconf 82' lang='lat' dir='ltr'>perficiam,</span> <span class='ocrx_word' id='word_1_300' title='bbox 1477 2380 1520 2409; x_wconf 90' lang='lat' dir='ltr'>ut</span> <span class='ocrx_word' id='word_1_301' title='bbox 1541 2384 1656 2409; x_wconf 88' lang='lat' dir='ltr'>nemo</span> <span class='ocrx_word' id='word_1_302' title='bbox 1678 2385 1753 2408; x_wconf 45' lang='lat' dir='ltr'>un‘</span> 
     </span>
     <span class='ocr_line' id='line_1_35' title="bbox 342 2438 1755 2492; baseline -0.001 -15"><span class='ocrx_word' id='word_1_303' title='bbox 342 2453 460 2491; x_wconf 86' lang='lat' dir='ltr'>quam</span> <span class='ocrx_word' id='word_1_304' title='bbox 481 2439 564 2492; x_wconf 89' lang='lat' dir='ltr'>post</span> <span class='ocrx_word' id='word_1_305' title='bbox 582 2438 792 2478; x_wconf 84' lang='lat' dir='ltr'>hominum</span> <span class='ocrx_word' id='word_1_306' title='bbox 814 2442 1044 2479; x_wconf 82' lang='lat' dir='ltr'>memoriam</span> <span class='ocrx_word' id='word_1_307' title='bbox 1065 2441 1241 2492; x_wconf 81' lang='lat' dir='ltr'>paratior,</span> <span class='ocrx_word' id='word_1_308' title='bbox 1256 2438 1490 2490; x_wconf 78' lang='lat' dir='ltr'>vigilantior,</span> <span class='ocrx_word' id='word_1_309' title='bbox 1506 2438 1755 2492; x_wconf 76' lang='lat' dir='ltr'>compositior</span> 
     </span>
     <span class='ocr_line' id='line_1_36' title="bbox 344 2504 1754 2557; baseline -0.001 -14"><span class='ocrx_word' id='word_1_310' title='bbox 344 2506 600 2557; x_wconf 80' lang='lat' dir='ltr'>adjudicium</span> <span class='ocrx_word' id='word_1_311' title='bbox 620 2507 760 2546; x_wconf 84' lang='lat' dir='ltr'>veniffe</span> <span class='ocrx_word' id='word_1_312' title='bbox 791 2508 976 2546; x_wconf 82' lang='lat' dir='ltr'>videatur.</span> <span class='ocrx_word' id='word_1_313' title='bbox 1022 2506 1095 2546; x_wconf 79' lang='lat' dir='ltr'>Sed</span> <span class='ocrx_word' id='word_1_314' title='bbox 1115 2506 1156 2543; x_wconf 90' lang='lat' dir='ltr'>in</span> <span class='ocrx_word' id='word_1_315' title='bbox 1177 2504 1248 2543; x_wconf 82' lang='lat' dir='ltr'>hac</span> <span class='ocrx_word' id='word_1_316' title='bbox 1278 2505 1387 2543; x_wconf 83' lang='lat' dir='ltr'>laude</span> <span class='ocrx_word' id='word_1_317' title='bbox 1419 2505 1612 2543; x_wconf 60' lang='lat' dir='ltr'>industria:</span> <span class='ocrx_word' id='word_1_318' title='bbox 1644 2518 1754 2549; x_wconf 67' lang='lat' dir='ltr'>meze,</span> 
     </span>
    </p>
   </div>
  </div>
 </body>
</html>
