2201 2792
500 151 576 206 366
925 145 1016 185 IN
1092 143 1473 182 VERREM

497 248 695 302 cujusque,
715 254 751 284 et
772 244 1009 298 cupiditatis,
1032 252 1070 282 et
1090 242 1395 281 incontinentiae.
1429 242 1511 294 Qi
1533 254 1616 280 reus
1637 241 1733 294 lege,
1761 249 1799 279 et
1819 254 1903 279 reus

498 313 858 368 comperendinatus
875 341 885 356 ,
922 325 984 355 re,
1021 320 1060 348 et
1093 310 1276 362 opinione
1310 308 1521 347 hominum
1555 322 1653 361 pene
1684 309 1902 354 damnatus,

498 392 709 435 temperare
730 393 807 418 non
828 378 996 432 potuerit
1026 376 1200 414 maximo
1232 384 1440 419 conventu,
1462 376 1557 428 quin
1578 376 1627 414 L.
1651 374 1813 413 Sisennae
1841 388 1902 412 ar-

499 458 660 501 gentum
685 448 871 488 afflaret,
903 452 941 481 et
961 442 1210 481 confideraret
1226 460 1238 486 ς
1270 440 1375 479 hunc
1407 442 1446 479 in
1478 442 1674 494 provincia
1695 442 1902 479 Praetorem

499 514 703 567 quisquam
724 510 877 564 putabit
908 523 929 547 a
949 508 1169 547 Siculorum
1203 516 1358 560 argento
1378 507 1647 560 cupiditatem,
1682 516 1747 546 aut
1767 519 1902 545 manus

500 581 684 619 abstinere
705 575 865 631 potuisse
883 576 896 613 ?

555 647 669 685 XVI.
701 645 864 689 Verum,
887 642 944 681 uti
964 640 1200 693 Lilybaeum,
1223 641 1324 679 unde
1344 639 1502 693 digressa
1521 639 1586 685 est,
1600 639 1722 679 oratIO
1740 647 1904 677 reverta-

501 724 565 752 tur
581 732 592 759 ;
626 711 783 752 Diocles
805 710 871 755 est,
894 707 1091 761 Pamphili
1111 721 1241 761 gener,
1263 707 1382 753 illius,
1405 722 1426 746 a
1445 721 1524 760 quo
1542 705 1679 759 hydria
1698 706 1821 744 ablata
1839 705 1906 749 est,

503 780 678 833 Popilius
699 777 946 830 cognomine.
979 774 1044 813 Ab
1065 774 1141 812 hoc
1163 774 1270 812 abaci
1290 774 1372 813 vasa
1391 774 1537 818 omnia,
1570 782 1614 812 ut
1633 773 1800 826 expofita
1819 771 1908 809 fue-

503 856 601 892 rant,
621 845 789 883 abstulit.
836 843 954 881 Dicat
974 841 1009 880 se
1028 840 1159 879 emiffe
1178 856 1186 880 :
1219 841 1365 879 etenim
1395 839 1460 879 hic
1481 848 1635 893 propter
1665 838 1908 892 magnitudi-

502 928 593 953 nem
614 912 723 956 furti‚
759 910 859 954 sunt,
892 917 936 947 ut
969 909 1121 961 opinor,
1153 908 1272 946 literae
1302 906 1424 947 faetae.
1464 906 1578 958 Juffit
1610 903 1910 944 Timarchidem

503 981 685 1020 aestimare
715 986 933 1030 argentum.
966 976 1059 1027 Qo
1089 975 1240 1013 modo?
1272 988 1365 1026 quo,
1401 974 1471 1026 qui
1498 986 1672 1025 unquam
1693 970 1910 1010 tenuiffime

502 1049 544 1086 in
565 1045 772 1085 donatione
792 1042 1026 1081 histrionum
1044 1041 1257 1079 aestimavit.
1280 1039 1453 1078 Tametfi
1466 1039 1702 1092 jamdudum
1722 1051 1818 1083 errO,
1841 1037 1910 1089 qui

505 1125 585 1153 tam
607 1112 731 1151 multa
750 1110 797 1149 de
818 1110 894 1148 tuis
914 1108 1179 1162 emptionibus
1200 1107 1315 1146 verba
1334 1106 1490 1152 faciam,
1511 1114 1549 1145 et
1569 1119 1753 1158 quaeram,
1775 1113 1910 1142 utrum

505 1180 657 1224 emeris,
680 1190 814 1222 necne,
836 1185 874 1213 ct
895 1175 1108 1228 quomodo,
1131 1183 1169 1211 et
1189 1173 1325 1225 quanti
1345 1172 1483 1211 emeris
1500 1190 1512 1217 ς
1544 1172 1650 1225 quod
1669 1171 1786 1209 verbo
1806 1179 1911 1209 tran-

506 1249 622 1300 figere
638 1244 803 1299 poffum.
836 1243 918 1280 Ede
940 1240 1040 1280 mihi
1061 1240 1262 1292 scriptum,
1291 1239 1386 1292 quid
1406 1239 1553 1292 argenti
1573 1238 1614 1276 in
1634 1237 1830 1291 provincia
1850 1236 1910 1275 Si-

505 1315 595 1353 cilia
614 1311 768 1365 pararis,
790 1309 891 1347 unde
911 1308 1097 1360 quidque,
1119 1315 1184 1344 aut
1204 1306 1339 1359 quanti
1359 1305 1511 1343 emeris.

563 1377 672 1430 Quid
692 1376 736 1414 fit
755 1377 767 1413 ?
800 1387 1023 1427 quanquam
1045 1386 1123 1411 non
1144 1372 1332 1411 debebam
1352 1385 1424 1424 ego
1444 1370 1509 1410 abs
1530 1380 1567 1409 te
1586 1369 1653 1409 has
1674 1370 1801 1409 literas
1822 1369 1910 1423 pos-

507 1459 615 1490 cere;
639 1457 703 1482 me
723 1443 829 1480 enim
852 1440 998 1480 tabulas
1016 1449 1098 1478 tuas
1119 1438 1272 1485 habere,
1290 1448 1327 1477 et
1343 1437 1510 1491 proferre
1530 1438 1755 1491 oportebat:
1779 1449 1912 1475 verum

508 1525 621 1565 negas
643 1520 679 1548 te
698 1509 841 1547 horum
858 1521 1048 1546 annorum
1069 1507 1217 1559 aliquot
1233 1504 1450 1544 confecisse.
1474 1505 1679 1557 Compone
1695 1502 1784 1548 hoc,
1808 1502 1915 1555 quod

507 1578 673 1632 postulo,
696 1577 742 1614 de
761 1583 943 1628 argento:
976 1574 1022 1611 de
1043 1574 1193 1626 reliquo
1214 1573 1357 1611 videro.
1403 1573 1482 1610 Nec
1497 1571 1681 1625 striptzcm
1701 1570 1821 1613 habeo,
1853 1583 1914 1608 nec

500 1645 633 1699 pqfficm
653 1643 763 1682 edere.
809 1641 917 1691 Qid
949 1639 1126 1678 futurum
1159 1640 1278 1692 igitur
1308 1638 1390 1676 est?
1437 1637 1545 1689 Qid
1577 1637 1769 1675 existimas
1800 1635 1914 1673 hosce

504 1712 653 1764 judices
675 1709 796 1748 facere
831 1706 960 1761 posse?
993 1708 1147 1745 Domus
1178 1706 1290 1759 plena
1317 1705 1512 1758 lignorum
1543 1702 1912 1757 pulcherrimorum,

504 1781 587 1831 jam
621 1778 738 1815 etiam
773 1783 860 1812 ante
891 1782 1123 1827 praeturam:
1157 1772 1281 1810 multa
1311 1771 1357 1809 ad
1387 1771 1495 1809 villas
1532 1779 1614 1808 tuas
1645 1769 1777 1822 polita,
1813 1768 1916 1821 apud

510 1840 655 1883 amicos
676 1842 800 1881 multa
819 1840 999 1893 deposita,
1034 1838 1158 1877 multa
1188 1839 1271 1876 aliis
1299 1838 1398 1882 data,
1429 1846 1544 1889 atque
1576 1836 1741 1873 donata:
1775 1834 1915 1872 tabulae

509 1910 665 1948 nullum
697 1907 868 1946 indicant
898 1914 1108 1957 emptum:
1139 1917 1256 1941 omne
1290 1911 1493 1955 argentum
1513 1901 1686 1939 ablatum
1717 1914 1763 1938 ex
1786 1899 1917 1937 Sicilia

510 1976 591 2013 est:
624 1974 722 2012 nihil
743 1973 943 2024 cuiquam,
978 1970 1083 2022 quod
1114 1970 1227 2007 suum
1249 1969 1325 2007 dici
1356 1968 1485 2012 vellet,
1509 1967 1702 2005 relietum.
1735 1966 1917 2019 Pingitur

512 2042 691 2094 improba
710 2038 891 2082 defenfio,
911 2039 1118 2075 Praetorem
1139 2049 1255 2074 omne
1276 2036 1314 2073 id
1335 2044 1537 2088 argentum
1558 2032 1735 2072 coemisse
1755 2048 1763 2071 :
1788 2041 1918 2071 tamen

512 2108 680 2160 idipsum
697 2106 839 2153 tabulis
862 2104 1110 2142 demonstrari
1131 2116 1209 2141 non
1240 2102 1375 2156 potest.
1414 2102 1452 2140 Si
1472 2113 1564 2154 quas
1587 2100 1733 2138 tabulas
1754 2098 1916 2153 proferS,

514 2176 554 2213 in
575 2173 650 2218 his,
673 2172 768 2224 quid
789 2171 938 2215 habeas,
961 2170 1159 2222 quomodo
1179 2168 1331 2214 habeas,
1354 2167 1542 2220 scriptum
1563 2180 1639 2205 non
1661 2166 1726 2204 est.
1760 2166 1918 2203 Horum

513 2250 644 2279 autem
666 2249 902 2291 temporum,
920 2250 1012 2274 cum
1033 2246 1070 2274 te
1090 2236 1274 2288 plurimas
1298 2249 1353 2273 res
1374 2234 1503 2272 emiffe
1524 2234 1642 2277 dicas,
1661 2231 1806 2270 tabulas
1828 2244 1916 2268 om-

513 2308 609 2346 nino
629 2306 752 2344 nullas
775 2303 941 2357 proferas
959 2317 969 2341 z
1002 2315 1130 2341 nonne
1151 2311 1187 2340 te
1207 2311 1245 2339 et
1265 2301 1437 2354 prolatis,
1470 2309 1507 2338 et
1527 2312 1605 2337 non
1626 2297 1782 2350 prolatis
1804 2297 1916 2335 tabu-

514 2374 577 2418 lis,
596 2371 843 2410 condemnari
865 2367 1007 2408 neceffe
1027 2368 1107 2406 est?

571 2439 704 2477 XVII.
740 2439 806 2476 Tu
828 2450 847 2474 a
867 2436 931 2474 M.
956 2435 1090 2479 Caelio,
1112 2433 1242 2486 equite
1263 2434 1456 2477 Romano,
1477 2430 1680 2470 lectiffimo
1701 2429 1918 2468 adolescen-

517 2513 568 2550 te,
600 2517 684 2556 quae
705 2502 872 2548 voluisti,
895 2501 976 2541 vasa
995 2509 1171 2555 argentea
1190 2499 1355 2552 Lilybaei
1376 2497 1560 2538 abstulisti
1578 2512 1587 2537 ε
1612 2506 1653 2536 tu
1675 2498 1723 2536 C.
1747 2495 1918 2540 Camurii,
