2201 2792
524 256 603 295 470
951 241 1040 278 IN
1117 239 1497 277 VERREM

523 350 567 380 tu
587 354 695 394 agere
714 340 822 378 ausus
843 353 881 376 es
902 352 1155 391 quemquam,
1180 338 1247 389 qui
1269 337 1303 374 se
1324 338 1449 375 civem
1470 339 1697 375 Romanum
1718 336 1787 374 effe
1808 336 1912 374 dice—

524 416 581 444 ret
600 407 612 443 ?
646 405 770 445 Nolui
802 413 881 441 tam
903 402 1149 441 vehementer
1169 416 1276 454 agere
1296 401 1372 439 hoc
1392 403 1516 454 prima
1546 403 1706 447 actione,
1729 402 1884 453 Judices
1903 414 1912 437 ε

524 472 647 510 nolui.
683 469 840 507 Vidistis
861 468 980 512 enim,
1015 477 1057 505 ut
1089 468 1209 505 animi
1230 466 1495 504 multitudinis
1527 467 1567 504 in
1594 467 1708 504 istum
1730 467 1860 504 dolore
1880 473 1918 503 et

522 539 629 582 odio,
662 546 699 574 et
720 535 943 574 communis
964 533 1127 586 periculi
1146 543 1267 578 metu,
1289 533 1586 571 concitarentur.
1625 533 1744 570 Statui
1765 539 1919 584 egomet

526 604 629 644 mihi
650 612 737 641 tum
769 602 932 640 modum
962 600 1126 638 orationi
1148 613 1255 644 mese,
1289 609 1327 637 et
1348 602 1395 638 C.
1420 599 1664 644 Numitorio,
1693 599 1815 651 equiti
1835 599 1920 635 Ro-

528 683 656 714 mano,
678 669 805 721 primo
825 666 992 711 homini,
1026 666 1109 704 testi
1130 679 1241 703 meo:
1275 675 1313 703 et
1334 666 1604 710 Glabrionem,
1634 665 1673 702 id
1695 664 1800 716 quod
1820 663 1920 715 sapi-

527 735 717 774 entissime
737 733 845 778 fecit,
881 731 1002 769 facere
1023 732 1169 770 laetatus
1190 731 1288 775 sum,
1322 741 1365 769 ut
1386 740 1553 783 repente,
1587 731 1745 769 consilio
1775 731 1814 767 in
1836 742 1920 767 me-

528 802 606 846 dio,
629 801 762 838 testem
783 798 1009 836 dimitteret.
1042 797 1202 834 Etenim
1222 797 1434 841 verebatur,
1467 810 1514 834 ne
1535 797 1701 848 populus
1723 798 1922 834 Romanus

528 868 575 905 ab
598 867 666 904 isto
687 879 745 903 eas
766 877 896 917 poenas
918 863 954 900 vi
975 862 1145 915 repetisse
1165 862 1370 907 videretur,
1392 875 1484 914 quas
1506 862 1647 900 veritus
1665 861 1766 906 effet,
1789 875 1837 899 ne
1857 862 1924 899 iste

531 935 697 987 legibus,
720 940 758 969 et
778 931 898 969 vestro
913 930 1078 982 judicio,
1101 943 1178 967 non
1199 929 1286 967 efl'et
1306 929 1580 982 persoluturus⁸

586 1001 721 1044 Nunc,
745 997 931 1050 quoniam
953 998 1035 1048 jam
1056 997 1298 1049 exploratum
1319 996 1371 1033 est
1391 996 1588 1041 omnibus,
1614 1009 1691 1048 quo
1711 996 1799 1034 loco
1818 994 1927 1033 causa

531 1076 596 1104 tua
615 1066 670 1109 sit,
698 1074 735 1102 et
754 1063 850 1116 quid
870 1062 916 1100 de
937 1071 972 1100 te
993 1061 1173 1100 futurum
1194 1062 1261 1107 fit3
1295 1062 1343 1099 sic
1366 1071 1494 1100 tecum
1515 1076 1638 1114 agam.
1673 1062 1845 1100 Gavium
1875 1061 1925 1099 is-

533 1141 633 1175 tum,
656 1143 774 1183 quem
795 1127 1039 1180 repentinum
1060 1127 1338 1180 speculatorem
1369 1126 1477 1165 fuiffe
1504 1128 1614 1172 dicis,
1647 1127 1856 1172 ostendam,
1886 1127 1927 1165 in

532 1197 710 1235 latumias
728 1194 913 1247 Syracusis
936 1207 956 1230 a
977 1202 1013 1231 te
1034 1193 1104 1231 effe
1125 1194 1369 1245 conjectum:
1401 1207 1525 1246 neque
1546 1194 1584 1231 id
1600 1193 1725 1231 solum
1744 1206 1791 1231 ex
1808 1193 1927 1231 literis

534 1263 729 1301 ostendam
751 1259 1066 1312 Syracusanorum
1086 1278 1096 1304 ;
1130 1273 1177 1296 ne
1198 1260 1308 1311 poffis
1335 1260 1474 1304 dicere,
1508 1273 1583 1304 me,
1616 1260 1706 1311 quia
1726 1259 1771 1296 fit
1790 1259 1927 1311 aliquis

533 1331 573 1367 in
596 1329 715 1366 literis
738 1327 899 1369 Gavius,
931 1324 1006 1362 hoc
1039 1325 1181 1376 fingere
1203 1335 1240 1362 et
1261 1325 1399 1377 eligere
1422 1339 1577 1370 nomen,
1614 1334 1656 1362 ut
1677 1324 1783 1363 hunc
1813 1324 1928 1362 illum

536 1394 607 1432 effe
628 1393 765 1446 poffim
786 1392 938 1434 dicere3
971 1390 1033 1427 sed
1066 1390 1277 1428 secundum
1299 1390 1502 1428 arbitrium
1533 1400 1646 1428 tuum
1679 1390 1787 1428 testes
1816 1390 1928 1435 dabo,

536 1460 605 1511 qui
627 1458 741 1496 istum
763 1456 889 1509 ipsum
911 1456 1097 1506 Syracusis
1125 1456 1190 1493 abs
1212 1464 1248 1493 te
1275 1456 1315 1493 in
1337 1456 1514 1493 latumias
1539 1457 1758 1506 conjectum
1779 1455 1849 1492 effe
1868 1455 1928 1492 di-

537 1535 638 1564 cant.
674 1523 891 1562 Producam
912 1522 1028 1559 etiam
1050 1521 1231 1566 Cosanos,
1263 1521 1480 1572 municipes
1502 1521 1605 1558 illius
1633 1534 1675 1558 ac
1697 1520 1930 1566 neceffarios,

537 1592 605 1644 qui
627 1600 663 1628 te
695 1602 797 1627 nunc
820 1588 898 1626 sero
918 1587 1092 1632 doceant,
1119 1588 1271 1639 judices
1304 1601 1381 1625 non
1413 1585 1506 1632 sero,
1539 1587 1653 1624 illum
1676 1588 1720 1625 P.
1744 1587 1930 1633 Gavium,

534 1670 654 1710 quem
677 1666 717 1693 tu
739 1656 778 1692 in
800 1667 955 1692 crucem
977 1654 1099 1706 egisti,
1129 1654 1254 1691 civem
1276 1654 1504 1691 Romanum
1524 1662 1561 1691 et
1582 1653 1823 1706 municipem
1850 1653 1932 1692 Co-

537 1723 686 1766 sanum,
708 1734 786 1759 non
807 1719 1082 1773 speculatorem
1102 1716 1374 1771 fugitivorum,
1396 1718 1519 1757 fuiffe.

594 1788 743 1842 LXIV.
767 1788 871 1824 Cum
892 1784 974 1823 haec
994 1785 1139 1829 omnia,
1162 1799 1247 1837 quae
1266 1786 1466 1838 polliceor,
1487 1786 1684 1823 cumulate
1705 1785 1780 1823 tuis
1800 1784 1933 1838 proxi-

539 1856 615 1892 mis
636 1854 747 1906 plana
763 1852 916 1896 fecero;
942 1861 1025 1888 tum
1048 1852 1143 1889 istuc
1164 1851 1291 1904 ipsum
1313 1852 1464 1896 tenebo,
1485 1852 1589 1904 quod
1606 1852 1671 1889 abs
1694 1861 1730 1889 te
1751 1850 1850 1888 mihi
1868 1851 1935 1888 da-

542 1931 626 1959 tur:
649 1935 693 1958 eo
710 1927 939 1958 contentum
957 1931 1019 1955 me
1040 1917 1109 1954 effe
1125 1918 1265 1955 dicam.
1290 1918 1398 1971 Qid
1415 1919 1521 1955 enim
1541 1932 1661 1971 nuper
1678 1917 1828 1970 tuipse,
1843 1930 1936 1956 cum

542 1986 677 2039 populi
710 1984 879 2022 Romani
922 1983 1088 2021 clamore
1119 1993 1234 2035 atquc
1269 1984 1418 2036 impetu
1450 1984 1692 2036 perturbatus
1729 1984 1934 2029 exfiluisti,

543 2052 652 2104 quid,
686 2051 859 2102 inquam,
882 2050 1034 2087 locutus
1055 2050 1122 2087 es?
1156 2050 1289 2094 Illum,
1324 2050 1429 2102 quod
1450 2063 1598 2088 moram
1620 2050 1810 2103 supplicio
1831 2064 1937 2102 quae-

544 2127 654 2161 reret,
677 2117 762 2154 ideo
782 2115 1003 2160 damst-affe,
1037 2115 1072 2152 se
1092 2114 1164 2152 effe
1193 2116 1319 2153 civem
1342 2117 1591 2160 Romanum3
1625 2116 1686 2154 sed
1721 2115 1936 2169 speculato-

545 2199 625 2222 rem
648 2182 769 2221 fuiffe.
808 2183 895 2233 Jam
917 2183 993 2219 mei
1017 2182 1123 2219 testes
1145 2183 1223 2220 ver-i
1245 2182 1344 2220 sunt.
1383 2183 1492 2234 Qid
1513 2184 1617 2220 enim
1645 2183 1740 2220 dicit
1761 2183 1864 2220 aliud
1885 2184 1932 2220 C.

545 2249 797 2288 Numitorius
817 2249 829 2284 ?
853 2248 947 2300 quid
968 2248 1030 2285 Μ.
1047 2257 1084 2285 et
1106 2249 1148 2286 P.
1167 2248 1305 2293 Cottii,
1329 2248 1555 2286 nobiliffimi
1571 2247 1764 2292 homines,
1788 2261 1834 2285 ex
1848 2261 1939 2299 agro

545 2315 898 2353 Taurominitano?
939 2313 1046 2363 Qid
1079 2314 1376 2364 QLucceius,
1411 2313 1479 2365 qui
1511 2313 1762 2364 argentariam
1794 2311 1939 2365 Rhegii

548 2382 758 2419 maximam
782 2379 903 2417 fecit?
936 2379 1030 2430 quid
1052 2379 1175 2416 caetcri
1194 2379 1205 2414 ?
1243 2379 1384 2416 Adhuc
1406 2379 1510 2416 enim
1532 2378 1639 2415 testes
1661 2392 1706 2415 cx
1738 2392 1782 2416 eo
1802 2392 1939 2430 genere

548 2462 567 2485 a
588 2462 648 2485 me
670 2447 754 2484 sunt
775 2447 866 2490 dati,
890 2460 965 2483 non
988 2446 1054 2497 qui
1076 2444 1215 2483 noviffe
1233 2446 1418 2489 Gavium,
1441 2444 1502 2482 sed
1523 2445 1589 2496 qui
1612 2445 1645 2482 se
1666 2445 1809 2489 vidiffe,
1832 2445 1936 2483 dice-

547 2522 646 2558 rent,
669 2526 759 2550 cum
782 2513 826 2557 is,
858 2513 925 2566 qui
947 2511 980 2550 se
1001 2512 1125 2550 civem
1148 2512 1371 2550 Romanum
1393 2511 1463 2550 ess‘e
1488 2511 1682 2556 clamaret,
1712 2512 1752 2549 in
1781 2525 1937 2550 crucem
