2201 2792
527 191 600 245 358
955 190 1043 228 IN
1113 189 1494 228 VERREM

522 290 576 327 ita
595 289 757 326 arbitror
777 287 934 341 spedtari
954 298 1141 341 oportere,
1164 288 1298 339 quanti
1318 287 1400 326 haec
1421 301 1554 326 eorum
1569 287 1733 340 judici0‚
1756 288 1824 340 qui
1843 288 1922 326 stu-

523 356 615 393 diofi
647 356 734 393 sunt
765 355 902 393 harum
938 369 1078 399 rerum,
1115 354 1375 393 aestimentur:
1423 355 1558 406 quanti
1590 355 1719 392 venire
1752 355 1922 393 soleant:

522 423 657 474 quanti
678 421 759 460 haec
790 421 880 473 ipsa,
917 421 943 458 s1
965 421 1104 473 palam,
1142 420 1337 472 libereque
1368 421 1554 465 venisent,
1589 421 1716 458 venire
1749 421 1922 473 poffent;

523 488 688 540 denique
709 487 785 540 ipse
805 488 940 524 Verres
962 487 1096 538 quanti
1119 486 1292 524 aestimet.
1324 486 1543 538 Nunquam
1563 487 1683 531 enim,
1715 487 1741 524 fi
1763 486 1925 524 denariis

523 554 815 606 quadringentis
838 552 1077 605 Cupidinem
1098 552 1213 590 illurn
1234 551 1408 605 putaffet,
1427 552 1686 596 commififfet,
1709 562 1753 590 ut
1772 561 1927 605 propter

523 634 629 665 eum,
662 621 702 658 in
733 620 947 658 sermonem
981 618 1206 663 hominum,
1237 628 1353 670 atque
1373 618 1414 655 in
1435 627 1581 656 tantam
1602 618 1926 672 vituperationem

523 687 682 724 veniret.
726 686 825 738 Qis
846 685 1012 723 vestrum
1034 685 1153 737 igitur
1173 684 1306 729 nescit,
1324 684 1459 736 quanti
1478 683 1560 723 haec
1581 684 1842 722 aestimenturz?
1880 684 1927 721 In

523 754 698 790 au&ioiie
718 752 870 804 signum
890 764 1053 796 aeneum,
1090 764 1167 789 non
1199 764 1403 803 magnum,
1437 750 1528 787 H-S.
1553 762 1638 788 cxx
1662 749 1838 787 millibus
1860 763 1926 787 ve-

524 820 606 857 nire
626 833 704 856 non
735 818 936 855 vidimus?
969 817 1077 868 Qid
1098 817 1124 855 fi
1155 817 1274 854 velim
1305 817 1506 854 nominare
1539 815 1735 861 homines,
1773 816 1842 868 qui
1862 825 1927 853 aut

523 898 601 922 non
624 883 798 927 minoris,
820 892 884 920 aut
904 883 1022 921 etiam
1041 882 1161 935 pluris
1182 882 1346 920 emerint
1364 883 1377 919 ?
1409 895 1536 920 nonne
1557 882 1734 934 possum?
1767 882 1927 919 Etenim

523 952 593 1003 qui
613 950 751 988 modus
783 949 835 987 cst
867 949 907 986 in
939 948 999 987 his
1034 949 1145 987 rebus
1172 948 1409 1001 cupiditatis,
1431 948 1535 986 idem
1555 949 1608 986 est
1638 947 1923 986 aestimationis:

524 1017 682 1054 difficile
702 1016 754 1054 est
773 1015 879 1053 enim
900 1014 1020 1053 finem
1039 1014 1163 1052 facere
1182 1015 1322 1066 pretio,
1354 1014 1423 1052 nifi
1444 1014 1600 1052 libidini
1619 1012 1769 1051 feceris.
1802 1013 1928 1051 Video

524 1084 644 1135 igitur
665 1083 828 1126 Heium,
852 1094 976 1133 neque
996 1081 1207 1125 voluntate,
1230 1093 1354 1132 neque
1374 1079 1604 1118 difficultate
1623 1080 1753 1132 aliqua
1772 1088 1926 1132 tempo-

525 1150 589 1194 ris,
624 1162 749 1201 neque
784 1147 1053 1200 magnitudine
1084 1146 1256 1199 pecuniae
1287 1145 1496 1184 adductum
1529 1145 1614 1191 effe,
1650 1155 1694 1184 ut
1723 1144 1805 1184 haec
1825 1145 1928 1198 signa

523 1215 725 1259 venderet3
758 1223 873 1265 teque
904 1213 971 1250 ista
990 1212 1232 1250 simulatione
1263 1213 1486 1265 emptionis,
1517 1213 1569 1257 vi,
1592 1220 1714 1256 metu,
1747 1212 1924 1264 imperio,

523 1281 704 1324 fascibus,
727 1281 773 1318 ab
794 1278 955 1317 homine
976 1293 1034 1324 eo,
1056 1292 1174 1330 quem
1195 1292 1270 1316 una
1289 1292 1381 1316 cum
1402 1279 1545 1317 caeteris
1573 1278 1682 1316 sociis
1703 1291 1781 1315 non
1801 1277 1927 1316 solum

524 1347 698 1400 potestati
720 1355 806 1390 tuae,
822 1345 882 1382 sed
902 1345 1020 1382 etiam
1040 1344 1143 1389 fidei,
1166 1344 1331 1397 populus
1349 1345 1550 1383 Romanus
1571 1343 1828 1389 commiserat,
1851 1345 1926 1382 eri-

524 1413 658 1467 puiffe,
681 1422 795 1465 atque
816 1411 1016 1449 abstulifl'e.

574 1479 682 1532 Qid
703 1478 803 1517 mihi
825 1488 902 1516 tam
919 1478 1148 1530 optandum,
1171 1477 1342 1528 Judices,
1360 1477 1482 1530 potest
1502 1476 1572 1515 effe
1592 1478 1631 1515 in
1652 1476 1728 1516 hoc
1747 1477 1924 1522 crimine,

525 1560 643 1598 quam
673 1554 725 1598 ut·
747 1544 828 1582 haec
849 1544 981 1582 eadem
1009 1543 1111 1581 dicat
1137 1543 1214 1595 ipse
1238 1543 1393 1581 Heius?
1425 1542 1525 1581 nihil
1546 1542 1731 1596 profefto.
1779 1543 1850 1581 Sed
1880 1557 1928 1581 ne

525 1613 699 1651 difficilia
729 1622 921 1664 optemus.
960 1610 1086 1648 Heius
1123 1609 1175 1647 est
1207 1610 1494 1648 Mamertinus:
1528 1610 1764 1648 Mamertina
1793 1609 1927 1648 civitas

525 1679 641 1716 istum
675 1677 831 1730 publice
858 1675 1061 1714 communi
1081 1674 1239 1723 confilio
1270 1674 1347 1713 sola
1366 1675 1519 1713 laudat:
1551 1676 1734 1713 omnibus
1755 1675 1833 1728 ipse
1852 1689 1928 1714 cae-

525 1746 615 1782 teris
638 1743 774 1782 Siculis
795 1742 884 1780 odio
904 1742 979 1780 est:
1003 1741 1049 1779 ab
1070 1739 1130 1779 his
1152 1740 1238 1779 solis
1260 1750 1422 1779 amatur.
1446 1741 1541 1793 Ejus
1562 1750 1691 1779 autem
1708 1741 1926 1793 legationis,

525 1826 610 1864 quae
630 1812 676 1849 ad
696 1810 810 1848 istum
833 1809 1068 1847 laudandum
1090 1808 1197 1846 miffa
1215 1807 1281 1852 est,
1314 1808 1492 1860 princeps
1519 1808 1571 1846 est
1595 1808 1750 1852 Heius;
1782 1808 1928 1845 etenim

525 1877 577 1915 est
598 1877 746 1930 primus
767 1875 933 1914 civitatis
953 1889 961 1913 :
995 1888 1042 1912 ne
1062 1873 1173 1918 forte,
1199 1873 1295 1911 dum
1316 1873 1482 1925 publicis
1503 1873 1691 1912 mandatis
1713 1873 1858 1918 serviat,
1880 1873 1927 1911 de

526 1943 682 1995 privatis
704 1941 854 1993 injuriis
876 1940 1044 1978 reticeat.

584 2010 680 2046 Haec
702 2021 792 2045 cum
815 2006 947 2044 scirem
981 2016 1018 2044 et
1049 2006 1273 2058 cogitarem,
1305 2006 1482 2044 commisi
1503 2015 1631 2044 tamen
1653 2019 1729 2051 me,
1755 2005 1926 2057 Judices,

528 2076 656 2114 Heio:
680 2073 844 2126 produxi
865 2086 954 2109 cum
976 2073 1101 2124 prima
1120 2073 1267 2110 actione
1286 2087 1294 2110 ε
1319 2086 1443 2124 neque
1464 2073 1503 2110 id
1525 2082 1653 2110 tamen
1675 2072 1756 2110 ullo
1772 2072 1928 2124 pericu-

528 2142 565 2179 lo
586 2140 674 2178 feci.
708 2139 815 2190 Qid
836 2139 939 2175 enim
962 2147 1107 2190 poterat
1129 2138 1252 2176 Heius
1282 2138 1519 2191 respondere,
1546 2138 1571 2176 si
1592 2138 1679 2176 effet
1710 2138 1926 2191 improbus,

528 2209 553 2246 s1
575 2207 629 2245 sui
651 2205 840 2244 diliimilis
859 2205 870 2240 ?
894 2205 995 2256 signa
1015 2205 1081 2242 illa
1101 2205 1208 2242 domi
1230 2205 1302 2243 suae
1323 2205 1407 2250 effe,
1431 2219 1508 2243 non
1530 2206 1630 2258 apud
1648 2205 1836 2242 Verrem?
1859 2204 1927 2255 qui

528 2281 675 2326 poterat
696 2270 910 2324 quidquam
931 2269 1117 2321 ejusmodi
1138 2270 1261 2308 dicere
1280 2270 1292 2306 ?
1325 2272 1382 2308 Ut
1412 2269 1532 2309 homo
1564 2270 1801 2322 turpissimus
1822 2268 1925 2313 effer,

528 2337 933 2392 iinpudentiflimeque
953 2336 1194 2380 mentiretur,
1227 2335 1302 2374 hoc
1323 2336 1491 2380 diceret;
1524 2335 1590 2372 illa
1616 2335 1650 2372 se
1670 2333 1840 2372 habuiffe
1860 2347 1927 2372 ve-

529 2407 640 2450 nalia,
662 2417 780 2456 eaque
802 2403 888 2447 sese,
924 2402 1058 2455 quanti
1080 2401 1257 2445 voluerit,
1294 2401 1514 2439 vendidisse.
1557 2402 1694 2439 Homo
1715 2401 1823 2438 domi
1855 2400 1928 2439 suae

527 2470 800 2514 nobilislimus,
817 2469 885 2521 qui
906 2482 970 2506 vos
991 2468 1037 2506 de
1058 2468 1241 2520 religione
1259 2466 1335 2512 sua,
1354 2481 1395 2505 ac
1416 2467 1601 2520 dignitate
1617 2480 1699 2505 vere
1716 2466 1929 2505 existimare

529 2537 699 2575 maxime
719 2535 848 2580 vellet,
882 2535 1009 2588 primo
1040 2534 1139 2573 dixit
1159 2533 1194 2572 se
1221 2533 1336 2572 istum
1356 2533 1513 2587 publice
1534 2533 1699 2579 laudare,
1733 2532 1838 2586 qubd
1859 2532 1928 2571 fibi
