2201 2792
526 186 603 237 034
953 184 1042 222 IN
1116 179 1498 221 VERREM

523 217 544 241 ὸ

516 301 620 340 quae,
642 300 735 324 cum
755 285 847 323 duas
869 284 995 328 urbes,
1026 283 1068 321 in
1102 281 1244 334 quibus
1274 282 1396 320 locata
1415 281 1552 326 fuerat,
1581 289 1708 334 captas
1729 281 1916 320 incensas-

521 369 597 407 que
619 352 779 396 vidiffet,
811 351 868 389 bis
896 364 943 388 ex
962 350 1130 388 duorum
1159 348 1354 386 bellorum
1374 348 1545 393 flamma,
1581 347 1760 401 ferroque
1781 348 1919 386 servata

521 421 597 459 est:
631 434 715 473 quae
736 416 1098 468 Carthaginensium
1119 414 1290 458 vietoria,
1317 414 1404 452 loco
1424 424 1588 460 mutato,
1610 415 1838 468 religionem
1859 424 1917 452 ta-

521 503 612 527 men
634 501 711 526 non
733 484 856 524 amifit
874 499 882 521 ε
912 484 956 522 Ρ.
980 481 1157 520 Africani
1176 481 1317 519 virtute
1338 481 1566 533 religionem
1587 482 1701 520 fimul
1721 496 1813 520 cum
1834 481 1920 519 loco

522 553 770 608 recuperavit.
823 551 914 601 Qo
948 550 1107 602 quidem
1148 548 1284 586 scelere
1315 547 1502 601 suscepto,
1548 562 1641 586 cum
1675 549 1798 586 inanis
1831 549 1920 587 effet

522 625 632 668 basis,
663 632 700 661 et
721 623 761 660 in
781 633 822 657 ea
842 620 886 658 P.
909 618 1085 657 Africani
1105 629 1248 654 nomen
1284 616 1450 654 incisum
1470 634 1482 661 3
1515 629 1571 656 res
1601 615 1773 668 indigna,
1805 626 1920 669 atque

523 689 760 729 intoleranda
780 686 981 724 videbatur
1001 684 1199 728 omnibus,
1236 697 1314 721 non
1335 682 1460 723 solum
1481 683 1683 735 religiones
1706 683 1777 721 effe
1797 683 1920 721 viola-

523 767 594 802 tas,
626 769 759 794 verum
791 753 907 790 etiam
941 753 984 790 P.
1006 750 1195 795 Africani,
1226 750 1298 787 viri
1328 749 1537 794 fortiffimi,
1568 763 1696 788 rerum
1730 750 1922 802 gestarum

522 823 702 875 gloriam,
733 818 964 857 memoriam
985 817 1152 860 virtutis,
1186 824 1440 854 monumenta
1472 816 1652 860 vi&oriae‚
1689 816 1737 854 C.
1761 816 1922 854 Verrem

524 887 719 927 sustulifl‘e.
753 884 871 936 Qod
893 897 983 921 cum
1006 883 1065 920 isti
1086 882 1367 920 renuntiaretur
1387 882 1433 919 de
1454 881 1543 927 basi,
1571 896 1613 920 ac
1634 882 1770 927 literis,
1791 882 1921 920 existi-

524 956 644 993 mavit
677 952 857 991 homines
892 950 933 987 in
959 949 1198 987 oblivionem
1233 949 1351 986 totius
1388 949 1534 1001 negotii
1568 948 1638 986 effe
1672 957 1866 993 venturos,
1897 948 1923 986 fi

523 1023 641 1059 etiam
675 1019 807 1062 bafim,
839 1026 1024 1068 tanquam
1056 1015 1226 1053 indicem
1258 1014 1314 1052 sui
1344 1014 1505 1059 sceleris,
1538 1013 1764 1053 sustulisset:
1796 1014 1925 1066 itaque

526 1087 736 1127 tollendam
757 1084 862 1122 istius
884 1083 1047 1136 imperio
1068 1082 1317 1126 locaverunt;
1349 1095 1434 1134 quae
1456 1081 1564 1119 vobis
1584 1081 1726 1119 locatio
1752 1094 1799 1119 ex
1818 1081 1923 1134 pub-

526 1156 611 1193 licis
634 1152 922 1205 Segestanorum
945 1150 1064 1187 literis
1085 1149 1210 1202 priore
1230 1148 1377 1186 aetione
1397 1149 1552 1187 recitata
1570 1148 1635 1186 est.

582 1220 774 1259 XXXVI.
807 1219 868 1255 Te
888 1231 1008 1261 nunc,
1042 1217 1085 1254 P.
1109 1215 1251 1269 Scipio,
1284 1225 1335 1260 te,
1368 1215 1543 1267 inquam,
1566 1215 1826 1261 leetiffimum,
1858 1228 1923 1253 or-

526 1288 843 1337 natiffimumque
877 1282 1157 1321 adolescentem
1187 1282 1371 1334 appello:
1415 1282 1480 1320 abs
1512 1290 1549 1319 te
1583 1282 1758 1320 officium
1793 1290 1922 1326 tuum,

526 1355 703 1393 debitum
726 1352 855 1403 generi
876 1359 913 1387 et
935 1349 1099 1393 nomini,
1132 1349 1299 1400 requiro,
1322 1357 1359 1385 et
1380 1347 1524 1400 flagito.
1557 1349 1640 1386 Cur
1660 1362 1729 1401 pro
1750 1348 1834 1392 isto,
1856 1348 1924 1400 qui

526 1421 694 1463 laudem,
727 1418 991 1468 honoremque
1026 1414 1183 1452 familiae
1218 1414 1343 1452 vestrae
1373 1414 1620 1467 depeculatus
1641 1414 1707 1458 est,
1743 1416 1923 1468 pugnas?

527 1502 595 1525 cur
615 1500 705 1524 eum
737 1482 936 1522 defensum
971 1481 1043 1519 effe
1076 1481 1162 1519 vis?
1195 1495 1264 1519 cur
1283 1495 1354 1533 ego
1376 1490 1457 1518 tuas
1478 1491 1600 1533 partes
1632 1479 1824 1533 suscipio?
1857 1495 1925 1519 cur

525 1563 640 1591 tuum
661 1564 758 1590 onus
780 1549 969 1587 sustineo?
992 1548 1055 1586 M.
1076 1547 1234 1585 Tullius
1256 1548 1300 1585 P.
1324 1545 1499 1585 Africani
1519 1555 1774 1586 monumenta
1794 1547 1925 1600 requi-

528 1621 578 1658 rit
596 1635 604 1658 :
639 1619 682 1656 P.
708 1616 837 1668 Scipio
856 1629 961 1660 eum,
984 1614 1052 1667 qui
1073 1614 1139 1652 illa
1159 1613 1323 1658 sustulit,
1345 1612 1533 1652 defendit.
1566 1615 1672 1652 Cum
1694 1626 1778 1651 mos
1799 1627 1820 1651 a
1840 1627 1926 1652 ma·-

520 1686 672 1740 joribus
694 1683 853 1723 traditus
875 1681 933 1727 s1t,
967 1691 1008 1720 ut
1030 1689 1284 1722 monumenta
1304 1681 1497 1733 majorum
1517 1680 1570 1718 ita
1588 1680 1745 1719 suorum
1765 1680 1928 1733 quisque

527 1751 722 1797 defendat,
755 1759 797 1788 ut
818 1763 859 1787 ea
879 1763 926 1787 ne
960 1748 1085 1786 ornari
1106 1747 1266 1800 quidem
1302 1747 1463 1785 nomine
1494 1747 1619 1785 alieno
1649 1746 1771 1791 finat;
1804 1755 1847 1784 tu
1866 1746 1927 1784 isti

527 1819 647 1858 aderis
667 1847 677 1863 ,
709 1817 778 1869 qui
815 1829 891 1854 non
926 1814 1087 1853 obtrufit
1120 1814 1248 1866 aliqua
1278 1827 1324 1851 ex
1358 1822 1464 1866 parte
1499 1822 1753 1851 monumenta
1772 1813 1817 1850 P.
1842 1812 1926 1851 Sci-

528 1886 669 1939 pionis,
702 1883 762 1921 sed
782 1881 958 1920 funditus
982 1880 1144 1925 sustulit,
1176 1894 1219 1917 ac
1250 1880 1423 1917 delevit?
1473 1879 1664 1930 Qisnam
1696 1879 1828 1931 igitur,
1860 1892 1928 1932 per

529 1953 634 1989 Deos
669 1946 930 1988 immortales!
965 1946 1138 1983 tuebitur
1172 1947 1216 1983 P.
1254 1945 1444 1997 Scipionis
1480 1944 1711 1982 memoriam
1742 1944 1926 1982 mortui?

529 2017 615 2069 quis
651 2021 918 2057 monumenta,
950 2020 1064 2064 atque
1085 2011 1227 2049 indicia
1248 2011 1414 2056 virtutis,
1446 2010 1472 2048 fi
1507 2019 1549 2048 tu
1578 2024 1621 2048 ea
1654 2010 1855 2062 relinquis,
1886 2023 1928 2048 ac

529 2083 664 2122 deseris
687 2081 698 2118 ?
721 2081 862 2133 Neque
884 2079 1008 2117 solum
1031 2078 1187 2131 spoliata
1208 2078 1273 2115 illa
1294 2078 1449 2130 patiere,
1473 2077 1532 2115 sed
1552 2078 1668 2115 etiam
1686 2091 1820 2115 eorum
1841 2076 1928 2129 spo-

529 2151 719 2192 liatorem,
755 2155 1050 2197 vexatoremque
1085 2143 1296 2182 defendes?
1347 2144 1499 2183 Adsunt
1532 2144 1735 2196 Segestani,
1770 2143 1928 2181 clientes

531 2217 602 2261 tui,
626 2215 715 2254 socii
739 2212 871 2267 populi
894 2211 1077 2256 Romani,
1109 2221 1223 2263 atque
1243 2211 1359 2249 amici
1378 2225 1387 2249 :
1420 2211 1622 2248 certiorem
1646 2219 1682 2247 te
1701 2208 1863 2253 faciunt,
1881 2209 1927 2247 Ρ.

530 2283 778 2324 Africanum,
813 2277 1047 2330 Carthagine
1083 2277 1221 2321 deleta,
1264 2278 1513 2315 simulacrum
1548 2277 1684 2314 Dianae
1719 2275 1928 2326 majoribus

531 2350 604 2389 suis
629 2346 850 2390 restituiffe;
884 2345 1000 2397 idque
1021 2343 1121 2396 apud
1144 2343 1361 2395 Segestanos
1389 2343 1469 2394 ejus
1502 2342 1739 2394 imperatoris
1770 2341 1930 2378 nomine

532 2416 714 2469 politum,
747 2427 788 2451 ac
824 2413 1043 2450 dedicatum
1078 2409 1216 2448 fuiffe:
1249 2408 1324 2447 hoc
1357 2410 1516 2446 Verrem
1552 2408 1859 2452 demoliendum,
1891 2415 1930 2445 et

531 2481 815 2535 asportandum,
840 2492 1060 2530 nomenque
1082 2477 1243 2515 omnino
1267 2477 1310 2514 P.
1336 2475 1523 2528 Scipionis
1546 2475 1769 2519 delendum,
1789 2473 1931 2512 tollen-

532 2549 705 2600 dumque
735 2542 902 2585 ‘curass'ez
935 2555 1043 2584 orant
1065 2554 1115 2590 te,
1147 2553 1260 2596 atque
1290 2541 1500 2588 obsecrant,
1533 2551 1576 2581 ut
1596 2542 1665 2580 sibi
1687 2541 1928 2594 religionem,
