2201 2792
612 199 958 239 ACTIONIS
988 200 1042 239 11.
1103 200 1313 239 LIBER
1344 202 1414 240 IV.
1634 203 1706 257 361

310 299 449 345 altum,
476 308 521 338 ut
540 307 578 337 et
597 309 779 339 exeuntes
799 314 820 338 a
841 300 981 339 Cilicia
1000 299 1196 353 praedones
1217 300 1310 354 saepe
1339 301 1385 339 ad
1406 313 1490 338 eam
1512 300 1714 339 necessario

311 366 546 411 devenirent,
577 376 629 412 et,
659 381 753 405 cum
783 381 831 405 ex
855 366 961 405 hisce
991 367 1027 405 se
1053 367 1148 406 locis
1169 367 1395 420 reciperent,
1426 367 1563 405 eodem
1585 366 1714 404 defer—

310 442 442 470 rentur
453 451 465 477 ς
487 432 701 471 asciverunt
719 433 818 471 illud
838 433 907 472 fibi
925 433 1115 486 oppidum
1134 433 1280 486 piratae,
1310 432 1440 487 primo
1460 433 1713 477 commercio,

310 498 447 537 deinde
465 499 584 537 etiam
604 499 795 538 societate.

366 566 605 604 Mamertina
623 566 757 604 civitas
778 566 955 619 improba
975 574 1083 604 antea
1101 578 1180 604 non
1197 574 1276 604 erat
1287 584 1299 612 ς
1331 565 1449 604 etiam
1468 574 1548 604 erat
1577 564 1714 603 inimi-

311 644 356 669 ca
387 632 655 684 improborum
676 647 685 670 :
717 645 802 684 quae
823 632 871 670 C.
895 631 1069 676 Catonis,
1099 631 1220 676 illius,
1254 632 1323 684 qui
1345 631 1489 670 Consul
1513 630 1604 676 fuit,
1635 631 1714 668 im-

311 698 533 750 pedimenta
553 699 725 736 retinuit.
756 699 812 736 At
832 698 941 750 cujus
961 696 1135 736 hominis
1155 698 1168 735 ?
1199 697 1408 743 clariffimi,
1438 697 1716 751 potentiffimi-

312 776 388 816 que
404 782 416 809 ς
447 764 515 816 qui
535 773 665 803 tamen
684 778 778 803 cum
810 764 957 803 Consul
976 763 1117 809 fuisset,
1149 764 1429 803 condemnatus
1460 764 1526 802 est.
1586 765 1645 802 Ita
1665 765 1715 802 C.

313 831 433 876 Cato,
478 831 646 870 duorum
680 830 892 870 hominurn
919 831 1216 870 clariffimorum
1251 845 1383 884 nepos,
1429 832 1477 869 L.
1510 830 1635 875 Pauli,
1679 839 1718 868 et

314 896 378 934 M.
402 897 576 941 Catonis,
607 906 645 934 et
679 898 723 935 P.
747 896 923 935 Africani
956 896 1092 935 sororis
1119 897 1249 935 filius:
1281 909 1361 949 quo
1387 897 1581 940 damnato,
1614 904 1715 939 tum,

313 975 406 1001 cum
425 962 548 1001 severa
560 964 710 1015 judicia
728 963 871 1001 fiebant
885 992 896 1008 ,
928 964 1020 1002 H-S
1043 977 1160 1002 xvnl
1184 963 1361 1002 millibus
1382 963 1428 1001 lis
1450 963 1630 1001 aestimata
1649 961 1715 1000 est.

316 1028 426 1066 Huic
447 1029 677 1067 Mamertini
697 1029 783 1067 irati
813 1028 1000 1074 fuerunt;
1032 1030 1100 1081 qui
1125 1030 1313 1081 majorem
1345 1028 1561 1081 sumptum,
1584 1041 1717 1080 quam,

316 1095 452 1146 quanti
470 1096 629 1134 Catonis
660 1095 707 1134 lis
729 1095 909 1134 aestimata
939 1095 1004 1140 est,
1035 1094 1363 1134 inTimarchidis
1392 1094 1601 1148 prandium
1626 1093 1721 1146 saepe

315 1160 504 1199 fecerunt.

372 1228 521 1266 Verum
555 1226 638 1265 haec
672 1228 806 1266 civitas
837 1227 897 1266 isti
932 1228 1116 1281 praedoni,
1147 1241 1190 1266 ac
1221 1228 1351 1281 piratae
1372 1227 1558 1266 Sicilienfi
1580 1226 1719 1265 Phase-

317 1294 364 1333 lis
384 1293 475 1332 fuit.
509 1295 604 1332 Huc
632 1296 765 1332 omnia
798 1294 970 1346 undique
1002 1294 1301 1348 deportabantur
1316 1313 1327 1339 ς
1361 1294 1462 1347 apud
1492 1293 1581 1331 istos
1603 1293 1721 1331 relin-

314 1361 561 1415 quebantur:
593 1361 699 1414 quod
732 1361 845 1399 celari
875 1375 971 1414 opus
1002 1369 1094 1406 erat,
1125 1360 1319 1399 habebant
1347 1360 1566 1414 sepofitum‚
1597 1373 1640 1398 ac
1660 1373 1722 1397 re—

317 1427 550 1465 conditum:
582 1440 649 1480 per
668 1426 773 1473 istos,
804 1441 889 1479 quae
909 1427 1072 1472 volebat,
1104 1427 1145 1464 in
1169 1439 1306 1464 navem
1336 1427 1439 1464 clam
1471 1426 1722 1479 imponenda,

317 1494 472 1532 occulte
502 1493 734 1547 exportanda
767 1493 947 1531 curabat:
980 1505 1117 1530 navem
1148 1493 1315 1544 denique
1345 1493 1573 1537 maximam,
1604 1505 1723 1543 quam

319 1559 495 1599 onustam
526 1559 640 1598 furtis
670 1561 711 1597 in
732 1560 884 1598 Italiam
912 1560 1096 1604 mitteret,
1127 1559 1229 1612 apud
1257 1558 1345 1596 istos
1365 1557 1581 1596 faciendam
1602 1557 1723 1596 aedifi-

319 1626 560 1678 candamque
579 1627 737 1664 curavit.
761 1628 836 1664 Pro
851 1625 953 1664 hisce
974 1626 1085 1664 rebus
1101 1625 1247 1663 vacatio
1267 1625 1352 1662 data
1364 1625 1417 1663 est
1436 1625 1483 1662 ab
1499 1625 1569 1662 isto
1588 1624 1724 1676 sump-

321 1691 398 1736 tus,
430 1692 584 1736 laboris,
617 1692 779 1737 militiae,
812 1705 939 1730 rerum
974 1692 1141 1744 denique
1171 1691 1377 1729 omnium:
1410 1704 1477 1743 per
1510 1690 1725 1728 triennium

322 1758 391 1796 soli
422 1772 499 1796 non
532 1759 649 1797 modo
679 1760 719 1796 in
741 1759 882 1803 Sicilia,
913 1772 1062 1803 verum,
1096 1766 1137 1795 ut
1166 1757 1299 1810 opinio
1318 1770 1404 1795 mea
1423 1755 1511 1800 fert,
1542 1755 1603 1794 his
1633 1756 1723 1808 qui-

322 1825 411 1862 dem
433 1825 683 1877 temporibus,
709 1825 748 1862 in
767 1826 878 1863 omni
895 1826 987 1862 orbe
1009 1834 1208 1867 terrarum,
1231 1823 1353 1867 vacui,
1385 1831 1573 1874 expertes,
1597 1822 1725 1867 soluti,

321 1904 364 1928 ac
385 1891 498 1929 liberi
518 1890 674 1929 fuerunt
694 1891 740 1928 ab
772 1891 881 1929 omni
904 1891 1074 1943 sumptu,
1106 1889 1291 1933 molestia,
1323 1902 1496 1926 munere.
1531 1888 1638 1925 Hinc
1659 1887 1727 1925 illa

322 1957 463 1994 Verrea
493 1966 577 1995 nata
598 1956 711 1995 sunt:
744 1956 836 1995 hinc
869 1958 908 1994 in
939 1956 1163 1994 convivium
1187 1956 1271 1993 Sex.
1294 1955 1525 1993 Cominium
1557 1952 1727 2006 protrahi

318 2022 440 2073 juffit,
471 2023 511 2060 in
545 2036 663 2074 quem
699 2022 889 2076 scyphum
921 2023 968 2060 de
1001 2036 1118 2060 manu
1143 2022 1269 2073 jacere
1302 2029 1461 2059 conatus
1495 2019 1574 2065 est;
1608 2032 1727 2071 quem

325 2089 479 2126 obtorta
512 2089 602 2141 gula
637 2090 683 2127 de
716 2090 895 2127 convivio
924 2089 963 2126 in
985 2089 1152 2134 vincula,
1184 2096 1298 2140 atque
1328 2088 1368 2125 in
1400 2087 1573 2125 tenebras
1604 2086 1728 2138 abripi

319 2155 439 2208 juffit.
472 2156 581 2193 Hinc
616 2156 681 2193 illa
711 2169 820 2201 crux,
853 2157 891 2193 in
914 2169 1031 2208 quam
1062 2156 1188 2193 civem
1220 2155 1446 2192 Romanum
1478 2153 1558 2197 iste,
1590 2153 1725 2190 multis

324 2222 638 2275 inspectantibus,
671 2222 847 2267 sustulit;
880 2236 997 2275 quam
1029 2236 1105 2261 non
1137 2221 1245 2259 ausus
1272 2222 1324 2259 est
1356 2221 1513 2273 usquam
1548 2219 1724 2270 derigere,

327 2289 394 2326 nifi
416 2289 516 2341 apud
537 2302 614 2334 eos,
646 2289 878 2342 quibuscum
909 2290 1041 2327 omnia
1062 2290 1198 2327 scelera
1219 2288 1308 2344 sua,¹
1328 2301 1369 2325 ac
1396 2286 1593 2324 latrocinia
1614 2298 1724 2321 com-

327 2354 564 2392 municafl'et.

374 2421 446 2458 XI.
470 2421 688 2459 Laudatum
709 2422 826 2460 etiam
846 2434 911 2459 vos
933 2434 1169 2474 quemquam
1192 2419 1318 2457 venire
1335 2416 1480 2454 audetis
1500 2416 1511 2451 ἓ
1541 2427 1616 2466 qua
1635 2428 1726 2452 auc-

330 2486 506 2524 toritate?
531 2495 676 2533 utrum,
699 2502 814 2541 quarn
837 2489 935 2542 apud
959 2488 1187 2526 senatorium
1208 2485 1396 2529 ordinem,
1415 2496 1475 2528 an,
1498 2495 1614 2534 quam
1629 2481 1727 2533 apud

413 2553 478 2590 To
493 2565 542 2591 M.
566 2553 636 2591 IV.
1256 2551 1287 2588 Z
1310 2564 1333 2588 z
