2201 2792
586 225 932 266 ACTIONIS
975 225 1028 264 11.
1089 225 1300 265 LIBER
1331 229 1384 266 11.
1615 245 1690 285 2²3

284 326 442 364 eductus
462 324 607 363 senator
628 324 880 377 Syracusanus
913 324 959 362 ab
982 324 1181 369 Heraclio,
1215 325 1307 362 duci
1334 326 1511 377 jubebat.
1558 330 1694 381 Itaque

283 391 469 444 permulti
500 391 605 429 ducti
626 391 726 429 sunt.
769 392 970 443 Epicrates
1002 390 1163 443 quidem
1195 391 1383 429 continuo
1404 393 1596 432 restitutus
1624 397 1691 434 est.

282 457 532 509 Aliajudicia
554 457 733 509 Lilybaei,
754 457 827 495 alia
847 457 1067 509 Agrigenti,
1089 457 1161 494 alia
1182 457 1364 495 Panormi
1385 458 1557 496 restituta
1577 460 1662 498 sunt
1682 476 1690 499 :

279 523 429 569 census,
452 524 519 576 qui
540 523 610 561 isto
631 525 795 563 Praetore
815 524 901 561 sunt
922 522 1060 568 habiti,
1095 537 1172 561 non
1191 523 1428 562 servaturum
1449 524 1483 562 se
1504 525 1692 564 Metellus

281 588 492 628 ostenderat
512 605 520 628 :
553 590 749 635 decumas,
775 603 868 642 quas
890 590 956 628 iste
977 599 1110 627 contra
1129 589 1257 642 legem
1280 591 1534 629 Hieronicam
1556 592 1692 630 vendi-

281 654 400 700 derat,
419 656 491 694 sese
512 657 762 695 venditurum
783 657 998 695 Hieronica
1017 656 1101 708 lege
1121 656 1281 695 dixerat.
1303 658 1451 696 Omnia
1471 668 1576 696 erant
1597 659 1692 697 Me-

282 721 364 758 telli
384 723 585 774 ejusmodi,
607 732 650 760 ut
671 731 793 760 totam
814 723 920 760 istius
942 731 1147 775 praeturam
1169 731 1334 761 retexere
1355 724 1561 762 videretur.

324 787 451 826 Simul
470 798 585 841 atque
603 803 675 841 ego
695 790 736 827 in
758 789 931 827 Siciliam
952 789 1054 833 veni,
1077 797 1250 826 mutatus
1267 789 1332 827 est.
1356 790 1522 828 Venerat
1538 790 1584 829 ad
1601 804 1693 829 eum

280 854 352 893 illo
385 855 504 894 biduo
529 857 694 894 Letilius
726 857 900 909 quidam,
932 855 1054 894 homo
1078 869 1155 893 non
1176 856 1322 894 alienus
1344 870 1362 894 a
1383 857 1529 896 literis:
1561 859 1692 910 itaque

279 934 325 959 eo
356 922 423 959 iste
448 923 645 961 tabellario
672 923 822 976 semper
852 923 939 960 usus
960 922 1024 960 est.
1058 923 1095 960 Is
1127 923 1301 975 epistolas
1336 923 1554 975 complures
1586 934 1690 962 attu-

280 986 373 1024 lerat
391 1006 402 1032 ;
426 988 466 1025 in
487 987 547 1026 his
569 1002 685 1026 unam
708 989 840 1033 domo,
863 1003 948 1041 quae
968 999 1097 1026 totum
1119 990 1344 1026 immutarat
1360 988 1578 1028 hominem.
1607 991 1691 1028 Re-

280 1062 397 1105 pente
423 1054 543 1107 coepit
574 1055 713 1099 dicere,
746 1054 781 1092 se
811 1055 942 1092 omnia
969 1055 1099 1092 Verris
1128 1054 1238 1092 causa
1266 1055 1390 1099 velle;
1423 1055 1492 1092 fibi
1523 1069 1615 1093 cum
1645 1070 1691 1094 eo

280 1120 510 1164 amicitiam,
533 1121 883 1173 cognationemque
904 1120 987 1158 effe.
1012 1120 1259 1158 Mirabantur
1279 1134 1428 1165 omnes,
1451 1120 1526 1158 hoc
1547 1123 1581 1159 ei
1603 1132 1690 1160 tum

279 1184 449 1237 denique
479 1186 519 1223 in
552 1195 725 1224 mentem
746 1185 900 1230 veniffe,
931 1186 1178 1239 posteaquam
1213 1195 1291 1224 tam
1314 1187 1448 1224 multis
1469 1201 1559 1225 eum
1580 1187 1690 1226 factis

279 1250 518 1304 decretisque
532 1251 752 1304 jugulaffet.
785 1253 906 1290 Erant
932 1253 1000 1304 qui
1031 1261 1223 1305 putarent,
1256 1253 1448 1290 Letilium
1480 1254 1650 1305 legatum
1672 1269 1692 1292 a
1730 1253 1734 1255 ’

279 1316 399 1355 Verre
429 1317 582 1362 venisse,
613 1319 681 1370 qui
714 1318 892 1370 gratiam,
930 1319 1160 1363 amicitiam,
1195 1319 1546 1371 cognationemque
1578 1334 1690 1358 com-

257 1394 525 1425 .memoraret.
564 1385 626 1423 Ex
657 1384 727 1423 illo
758 1394 932 1438 tempore
962 1399 982 1422 a
1013 1385 1236 1422 civitatibus
1267 1384 1503 1423 laudationes
1530 1396 1687 1438 petere;

279 1449 388 1488 testes
423 1463 502 1488 non
537 1449 662 1488 solum
684 1450 872 1488 deterrere
906 1451 1046 1496 verbis,
1078 1450 1141 1488 sed
1161 1450 1278 1488 etiam
1299 1451 1336 1488 vi
1358 1451 1533 1496 retinere,
1553 1454 1686 1505 ccepit.

277 1516 398 1567 Qod
418 1530 506 1570 ego,
539 1516 610 1555 nisi
630 1530 718 1555 meo
739 1516 903 1555 adventu
925 1517 1030 1555 illius
1050 1526 1210 1555 conatus
1231 1516 1518 1569 aliquantulum
1545 1520 1688 1571 repres-

278 1583 416 1629 fiffem,
438 1594 475 1622 et
495 1583 597 1636 apud
618 1584 767 1622 Siculos
788 1598 867 1622 non
885 1584 1056 1630 Metelli,
1077 1584 1138 1622 sed
1155 1584 1380 1622 Glabrionis
1404 1585 1524 1623 literis
1542 1599 1584 1624 ac
1605 1586 1690 1639 lege

278 1649 515 1701 pugnaffem,
548 1658 627 1687 tam
648 1650 794 1687 multos
815 1649 893 1688 huc
913 1664 1069 1688 evocare
1089 1665 1166 1688 non
1187 1650 1407 1702 potuissem.

335 1716 509 1753 XXVII.
541 1715 705 1759 Verum,
727 1715 833 1767 quod
854 1715 1002 1753 institui
1023 1716 1163 1760 dicere,
1197 1716 1364 1753 miserias
1385 1717 1603 1768 cognoscite
1625 1719 1686 1756 Si-

277 1780 470 1819 culorum.
495 1781 700 1819 Heraclius
716 1780 796 1825 ille,
812 1790 850 1819 et
867 1782 1064 1833 Epicrates
1083 1781 1198 1833 longe
1215 1780 1315 1819 mihi
1331 1782 1486 1820 obviam
1502 1796 1594 1821 cum
1610 1783 1686 1822 suis

276 1847 461 1885 omnibus
476 1847 746 1900 processerunt.
763 1848 945 1885 Venienti
959 1847 1155 1899 Syracusas
1176 1857 1337 1900 egerunt
1357 1848 1508 1900 gratias,
1526 1849 1658 1888 flentes
1675 1865 1684 1888 :

276 1914 448 1953 Romam
480 1914 660 1952 decedere
692 1928 851 1952 mecum
882 1915 1100 1967 cupierunt.
1134 1915 1252 1966 Qod
1282 1925 1388 1953 erant
1420 1915 1519 1953 mihi
1545 1918 1688 1970 oppida

265 1981 480 2033 ,complura
499 1981 616 2018 etiam
632 1980 791 2032 reliqua,
824 1994 909 2033 quae
929 1981 1031 2018 adire
1062 1981 1216 2026 vellem,
1239 1981 1420 2019 constitui
1443 1995 1534 2019 cum
1552 1981 1686 2020 homi-

278 2046 407 2090 nibus,
441 2060 519 2097 quo
539 2046 599 2084 die
633 2046 733 2084 mihi
754 2047 934 2085 Messanae
966 2047 1099 2099 praesto
1119 2046 1247 2085 effent.
1286 2048 1347 2085 Eo
1369 2047 1468 2086 mihi
1500 2049 1686 2087 nuntium

277 2111 478 2155 miserunt,
503 2111 537 2148 se
559 2125 578 2148 a
599 2113 763 2149 Praetore
785 2113 952 2150 retineri.
986 2114 1141 2164 Qibus
1162 2127 1231 2165 ego
1253 2113 1519 2152 testimonium
1536 2114 1685 2152 denun-

277 2178 382 2222 tiavi,
401 2191 568 2229 quorum
588 2179 746 2215 nomina
761 2178 863 2215 edidi
880 2178 1046 2216 Metello
1064 2194 1072 2217 :
1096 2179 1331 2231 cupidiffimi
1348 2180 1540 2225 veniendi,
1559 2182 1684 2219 maxi-

277 2243 352 2281 mis
373 2243 523 2293 injuriis
544 2242 682 2288 affecti,
704 2243 829 2282 adhuc
851 2258 927 2282 non
959 2255 1158 2282 venerunt.
1193 2246 1283 2282 Hoc
1298 2246 1385 2297 jure
1406 2246 1492 2284 sunt
1512 2246 1618 2291 socii,
1642 2255 1683 2283 ut

276 2309 321 2347 iis
343 2322 389 2346 ne
410 2309 604 2361 deplorare
625 2310 785 2362 quidem
807 2311 852 2347 de
873 2310 945 2348 suis
967 2311 1228 2349 incommodis
1249 2312 1374 2349 liceat.

332 2375 420 2425 Jam
442 2375 615 2413 Heraclii
637 2376 898 2428 Centuripini,
925 2377 1066 2429 optimi
1095 2376 1397 2428 nobilissimique
1418 2375 1680 2420 adolescentis,

278 2438 543 2478 testimonium
573 2441 754 2480 audistis:
788 2455 806 2478 a
837 2456 916 2494 quo
937 2442 1028 2480 H-S
1054 2455 1075 2480 c
1100 2442 1222 2480 millia
1252 2454 1318 2492 per
1338 2440 1573 2477 calumniam
1595 2454 1679 2477 ma·-

278 2503 480 2556 litiamque
510 2506 629 2558 petita
648 2506 748 2546 sunt.
794 2507 878 2553 Iste,
900 2509 1025 2560 poenis
1053 2505 1408 2558 compromissisque
1434 2506 1679 2558 interpositis,
