2201 2792
609 141 956 185 ACTIONIS
993 139 1045 178 II.
1106 135 1316 176 LIBER
1354 136 1425 174 IV.
1637 134 1713 186 365

309 252 437 292 statim
456 248 602 288 afferre.
664 247 868 298 l‘ermotus
891 241 989 285 sum,
1021 237 1151 291 inquit
1170 251 1179 275 :
1218 236 1330 274 binos
1350 233 1541 272 habebam
1560 247 1569 271 ι
1597 233 1719 284 jubeo

311 318 439 372 promi
470 313 663 366 utrosque,
696 325 743 349 ne
773 309 867 362 quid
901 307 989 360 plus
1025 305 1119 343 mali
1154 302 1382 346 nasceretur,
1413 308 1451 337 et
1484 312 1640 336 mecum
1672 297 1720 334 ad

313 382 489 422 Praetoris
510 380 673 418 domum
694 376 798 416 ferri.
831 376 891 413 Eo
921 386 1013 411 cum
1033 370 1160 414 venio,
1193 369 1335 407 Praetor
1363 364 1581 418 quiescebat
1597 381 1608 408 ;
1640 362 1718 400 fra-

313 458 389 488 tres
410 448 468 486 illi
499 446 691 498 Cybiratae
726 440 1034 481 inambulabam.
1099 436 1196 487 Qi,
1229 447 1291 472 me
1313 433 1381 471 ubi
1414 431 1606 473 viderunt,
1637 428 1722 466 Ubi

313 516 415 560 sunt,
452 511 673 566 Pamphile,
705 508 904 561 inquiunt,
935 503 1104 557 scyphi?
1149 500 1321 538 ostendo
1355 498 1486 536 tristis.
1529 494 1721 534 Laudant.

251 608 260 613 ι
316 581 468 634 Incipio
503 579 626 632 queri,
659 590 722 615 me
742 574 842 613 nihil
872 572 1112 614 habiturum,
1150 567 1256 619 quod
1275 566 1438 617 alicujus
1472 563 1560 601 eflet
1594 560 1724 614 pretii,

317 648 344 686 fi
363 650 479 686 etiam
501 643 635 698 scyphi
655 642 771 681 essent
791 639 922 678 ablati.
953 639 1065 676 Tum
1085 635 1159 680 illi,
1192 633 1261 671 ubi
1283 646 1347 670 me
1367 630 1643 669 conturbatum
1664 628 1725 664 vi-

318 714 410 753 dent
427 729 436 752 ε
469 711 569 764 Qid
583 711 641 750 vis
660 708 756 748 nobis
775 706 875 752 dare,
906 714 948 744 ut
969 703 1026 758 zsti
1041 702 1104 742 abs
1130 710 1165 740 te
1185 715 1228 739 ne
1245 700 1468 752 azgferantur
1485 697 1504 735 ,ἕ
1536 695 1598 734 Ne
1619 694 1726 732 mul-

320 791 372 827 ta,
403 779 587 818 sestertios
611 789 663 815 cc
696 789 773 820 me,
804 773 947 826 inquit,
978 769 1261 824 poposcerunt:
1295 766 1376 804 dixi
1396 778 1460 802 me
1480 765 1662 801 daturum
1687 774 1727 797 C.

321 847 448 885 Vocat
465 847 609 884 interea
630 844 773 881 Praetor
789 859 800 886 ;
834 836 996 892 scyphos
1026 835 1162 889 poscit.
1194 835 1305 871 Tum
1326 831 1414 869 illos
1441 827 1595 880 coepisse
1625 828 1728 866 Frae-

322 914 398 952 tori
417 913 560 957 dicere,
592 908 734 964 putaffe
760 908 809 953 se,
841 906 880 944 id
900 904 1005 957 quod
1025 901 1226 945 audiffent,
1248 899 1410 950 alicujus
1432 896 1546 950 pretii
1568 892 1729 946 scyphos

324 980 395 1018 effe
427 976 652 1031 Pamphili:
683 975 836 1013 luteum
867 971 1070 1024 negotium
1102 968 1187 1012 effe,
1228 979 1309 1004 non
1341 964 1519 1016 dignum,
1551 960 1655 1013 quod
1689 960 1732 996 in

326 1047 393 1085 suo
424 1053 581 1097 argento
614 1042 751 1079 Verres
786 1039 957 1077 haberet.
1019 1037 1089 1074 Ait
1118 1034 1212 1078 ille,
1258 1032 1362 1069 idem
1397 1029 1467 1068 fibi
1497 1027 1647 1066 videri:
1680 1026 1737 1063 ita

328 1111 558 1164 Pamphilus
593 1106 755 1161 scyphos
790 1106 960 1159 optimos
992 1101 1128 1140 aufert.
1162 1100 1214 1137 Et
1246 1096 1485 1137 mehercules
1517 1107 1589 1146 ego
1608 1102 1731 1135 antea,

328 1178 475 1218 tametfi
507 1175 583 1214 hoc
614 1174 740 1213 nescio
770 1172 866 1225 quid
895 1169 1144 1222 nugatorium
1178 1165 1344 1203 sciebam
1376 1162 1461 1206 effe,
1493 1161 1559 1198 ista
1585 1159 1733 1197 intelli-

330 1259 444 1299 gere3
477 1252 606 1282 tamen
627 1240 757 1279 mirari
789 1238 972 1280 solebam,
1004 1234 1121 1272 istum
1153 1233 1193 1270 in
1226 1230 1286 1269 his
1308 1229 1394 1283 ipfis
1428 1228 1542 1266 rebus
1564 1227 1736 1277 aliquem

331 1311 483 1351 sensum
515 1308 670 1352 habere,
702 1319 820 1359 quem
842 1304 978 1342 scirem
1000 1301 1107 1340 nulla
1138 1300 1180 1337 in
1215 1311 1253 1336 re
1274 1296 1489 1350 quidquam
1510 1292 1631 1331 fimile
1660 1292 1737 1329 ho-

332 1378 451 1417 minis
470 1375 624 1415 habere.

389 1444 482 1482 XV.
513 1444 624 1480 Turn
644 1439 818 1493 primum
838 1434 1028 1478 intellexi,
1059 1432 1105 1470 ad
1125 1445 1209 1469 eam
1232 1443 1313 1468 rem
1345 1428 1432 1466 istos
1459 1425 1591 1464 fratres
1613 1422 1737 1475 Cybi-

336 1519 431 1549 ratas
451 1507 574 1552 fuiffe,
592 1516 636 1544 ut
656 1505 723 1543 iste
742 1505 783 1541 in
803 1501 965 1541 furando
985 1499 1164 1538 manibus
1183 1497 1272 1540 suis,
1289 1495 1412 1533 oculis
1434 1493 1591 1530 illorum
1613 1501 1741 1528 utere-

337 1585 414 1614 tur.
434 1577 489 1614 At
510 1575 562 1612 ita
582 1570 766 1611 studiosus
787 1568 840 1606 est
859 1567 975 1620 hujus
996 1565 1182 1619 praeclarae
1202 1560 1508 1603 existimationis,
1531 1568 1573 1595 ut
1585 1565 1743 1610 putetur

338 1643 379 1680 in
399 1641 503 1679 hisce
523 1640 634 1678 rebus
665 1635 885 1687 intelligens
906 1632 991 1677 effe,
1022 1641 1065 1669 ut
1092 1643 1213 1682 nuper
1244 1628 1387 1680 <videte
1413 1625 1585 1664 hominis
1605 1635 1740 1660 ameu-

340 1709 453 1760 tiam)
485 1706 730 1760 posteaquam
752 1701 804 1739 est
825 1698 1202 1752 comperendinatus,
1235 1708 1326 1732 cum
1353 1695 1434 1745 jam
1457 1705 1526 1744 pro
1546 1691 1744 1732 damnato,

342 1783 576 1825 mortuoque
609 1768 726 1813 effet,
761 1767 863 1805 ludis
899 1763 1144 1803 Circensibus
1179 1773 1290 1798 mane
1322 1758 1422 1811 apud
1455 1758 1503 1795 L.
1538 1755 1753 1797 Sisennam,

344 1840 472 1878 virum
503 1835 732 1891 primarium
754 1863 765 1879 ,
802 1846 894 1871 curn
932 1829 1049 1868 essent
1080 1827 1249 1866 triclinia
1279 1825 1387 1863 strata
1406 1853 1416 1868 ,
1464 1830 1748 1874 argentumque

343 1906 560 1960 expositum
581 1905 620 1941 in
641 1902 815 1945 aedibus;
838 1912 931 1937 cum
952 1911 1021 1951 pro
1041 1895 1226 1948 dignitate
1248 1894 1296 1930 L.
1320 1891 1480 1929 Sisennae
1502 1889 1639 1926 domus
1660 1885 1750 1923 esset

345 1973 459 2026 plena
479 1971 688 2009 hominum
708 1965 1075 2007 honestiffimorum,
1107 1958 1296 1998 accesserit
1320 1957 1366 1997 ad
1386 1964 1615 2009 argentum,
1651 1965 1748 1990 con-

347 2038 526 2090 templari
557 2033 865 2087 unumquodque
895 2030 1028 2074 otiose,
1060 2037 1099 2065 et
1131 2025 1363 2065 confiderare
1396 2021 1569 2074 coeperit.
1612 2017 1752 2057 Mirari

348 2104 551 2143 stultitiam
571 2102 650 2145 alii,
673 2099 776 2153 quod
797 2100 835 2136 in
858 2097 938 2150 ipso
953 2095 1117 2148 judicio,
1139 2094 1220 2145 ejus
1241 2091 1356 2144 ipsius
1376 2087 1614 2142 cupiditatis,
1639 2085 1749 2136 cujus

349 2171 645 2213 insimularetur,
678 2166 931 2219 suspicionem
952 2170 1106 2215 augeret
1125 2175 1133 2198 z
1166 2159 1230 2197 alii
1250 2157 1474 2200 amentiam,
1507 2154 1571 2192 cui
1590 2163 1751 2202 compe-

351 2238 564 2280 rendinato,
595 2248 686 2272 cum
720 2242 799 2270 tam
835 2230 951 2268 multi
988 2227 1094 2266 testes
1126 2224 1316 2269 dixiffent,
1353 2222 1567 2275 quidquam
1594 2218 1752 2254 illorum

352 2305 497 2342 veniret
518 2304 556 2340 in
579 2309 766 2339 mentem.
791 2297 903 2336 Pueri
924 2305 1054 2334 autem
1076 2292 1252 2336 Sisennae,
1275 2290 1402 2333 credo,
1425 2287 1492 2339 qui
1514 2281 1753 2325 audivissent,

355 2384 438 2421 quae
459 2371 498 2406 in
520 2369 634 2406 istum
655 2365 872 2404 testimonia
889 2362 1004 2401 effent
1025 2361 1137 2404 dieta,
1169 2358 1301 2396 oculos
1322 2356 1367 2392 de
1388 2353 1456 2391 isto
1478 2350 1664 2401 nusquam
1684 2347 1753 2384 de-

352 2437 483 2487 jicere,
507 2447 629 2486 neque
649 2433 695 2470 ab
717 2441 873 2484 argento
894 2429 1063 2481 digitum
1084 2424 1286 2462 discedere.

414 2501 480 2538 Est
500 2501 592 2539 boni
619 2498 776 2551 judicis,
809 2496 931 2550 parvis
966 2508 1014 2532 ex
1045 2492 1157 2530 rebus
1188 2488 1447 2539 conjecturam
1469 2481 1589 2520 facere
1622 2477 1757 2518 unius-
