2201 2792
315 175 346 210 3
499 159 1034 200 ARGUMENTA
1082 160 1613 214 ORATfIONUM.

315 242 377 292 qui
402 242 583 291 quaestioni
608 243 698 278 inter
722 243 854 279 ficarios
879 252 1037 291 praeerat,
1063 255 1172 290 quum
1192 244 1223 279 ei
1248 244 1282 279 in
1299 244 1440 280 consilio
1457 243 1589 291 judices
1607 253 1651 278 ex
1667 243 1790 280 ordine

314 293 493 334 senatorio,
519 292 580 339 qui
598 302 673 326 tum
693 294 778 327 solus
796 293 873 339 lege
890 293 1050 328 Cornelia
1061 292 1253 338 judicabat,
1280 294 1467 328 affiderent.
1507 294 1554 328 Et
1572 292 1645 328 afta
1662 292 1722 335 est,
1749 292 1791 328 u't

315 342 450 377 Gellius
476 340 628 383 testatur,
654 341 698 376 L.
719 342 809 388 Sylla
831 343 970 384 iterum,
997 351 1032 376 et
1050 343 1103 390 Q
1120 342 1268 376 Metello
1287 342 1375 377 Coff.
1395 353 1485 377 anno
1503 342 1577 389 post
1595 340 1727 376 causam
1746 342 1785 376 P..

317 390 468 437 Qimii.

426 482 583 534 Argum.
800 483 877 520 Pro
907 483 958 533 Q
982 480 1104 532 Rostio
1134 481 1304 520 Comoedo.
1659 493 1699 532 p.
1723 491 1787 533 97.

366 569 578 604 TRAmDi‘r
604 568 645 602 C.
666 567 818 601 Fannius
836 567 980 602 Chaerea
996 568 1050 615 Q
1063 567 1200 608 Roscio,
1228 575 1523 610 communemque
1544 577 1624 600 cum
1643 577 1686 600 eo
1703 564 1788 600 fecit

316 618 452 654 servum
475 618 573 652 suum
598 618 812 662 Panurgum,
840 628 879 650 ea
898 615 1107 657 conditione,
1136 626 1174 649 ut
1198 615 1296 649 illum
1321 625 1389 648 arte
1415 613 1606 648 histrionica
1623 614 1786 654 erudiret,

315 667 441 702 deinde
463 666 612 712 quaestus
639 666 833 701 communis
854 666 944 699 esset.
999 665 1189 711 Aliquanto
1211 663 1284 710 post
1309 664 1357 709 Q
1376 662 1515 697 Flavius
1538 663 1679 708 quidam
1699 663 1786 696 Tar-

313 716 499 762 quiniensis
518 717 716 761 Panurgum
736 715 871 748 occidit.
917 714 1074 748 Flavium
1095 713 1236 747 Roscius
1249 711 1380 757 judicio
1399 711 1552 756 persequi
1572 723 1650 745 curn
1670 711 1787 750 vellet,

315 765 533 811 cognitorem
565 765 598 798 in
627 775 700 797 eam
730 775 799 796 rem
832 762 1003 796 Fannium
1029 761 1135 796 dedit.
1187 760 1268 794 Lite
1293 760 1489 799 contestata,
1510 759 1644 805 judicio
1669 759 1786 793 damni

315 812 439 859 injuria
456 825 476 847 a
492 813 612 847 Flavio
629 813 699 847 dati
718 811 913 852 constituto,
941 810 1068 844 decidit
1093 821 1174 844 cum
1198 809 1316 843 Flavio
1335 808 1490 848 Roscius,
1518 818 1556 842 ut
1575 807 1641 854 ipse
1659 807 1784 848 aiebat,

314 874 379 909 pro
398 862 454 896 sua
472 873 592 908 parte3
620 870 658 894 ut
676 860 838 902 Fannius,
865 871 928 906 pro
947 868 1018 893 tota
1035 858 1215 898 societate3
1243 856 1391 891 fundum
1411 858 1556 901 accepit,
1583 868 1651 890 non
1678 858 1785 902 pecu'-

316 911 422 946 niam.
473 911 552 946 Post
570 910 701 955 aliquot
720 919 824 942 annos
843 909 987 953 Roscium
1006 907 1157 942 Fannius
1173 906 1332 940 arbitrum
1351 904 1468 950 adegit,
1496 905 1529 939 h.
1550 917 1578 940 e.
1597 917 1616 939 a
1633 905 1786 939 Praetore

314 960 526 1007 impetravit,
554 968 593 993 ut
610 958 777 992 arbitrum
796 960 902 998 daret,
929 956 1004 1002 qui,
1029 965 1199 1001 quantum
1223 955 1357 1001 aequius
1381 953 1516 995 melius,
1544 953 1706 988 Roscium
1726 964 1786 999 pe-

315 1009 409 1044 titori
428 1008 560 1044 Fannio
581 1007 659 1041 dare
677 1005 827 1052 juberet.
880 1006 1021 1039 Arbiter
1041 1004 1109 1038 fuit
1131 1004 1237 1046 idern,
1263 1003 1325 1049 qui
1350 1005 1383 1036 in
1404 1002 1466 1036 hac
1490 1002 1584 1036 causa
1597 1000 1708 1048 judex
1726 1001 1787 1043 est,

315 1058 359 1093 C.
378 1057 588 1104 Calpurnius
613 1056 697 1091 Piso.
742 1055 774 1088 Is
792 1055 834 1088 de
850 1066 884 1088 re
902 1053 1101 1087 sententiam
1123 1064 1194 1087 non
1214 1052 1306 1092 tulit,
1326 1050 1376 1084 sed
1396 1049 1558 1085 Roscium
1579 1051 1726 1095 rogavit,
1746 1059 1786 1084 ut

314 1107 449 1142 Fannio
463 1118 524 1152 pro
538 1105 666 1145 labore,
680 1103 774 1150 quod
789 1102 946 1148 cognitor
959 1101 1083 1142 fuisset,
1102 1101 1198 1146 quod
1214 1099 1410 1135 vadimonia
1422 1097 1555 1140 obiss‘et,
1569 1098 1650 1132 H-S
1667 1109 1782 1133 ecioa

313 1157 450 1201 (decem
470 1154 590 1195 millia)
611 1154 718 1192 daret,
741 1152 786 1186 ita
805 1161 933 1192 tamen,
960 1160 999 1184 ut
1017 1150 1166 1183 Fannius
1187 1149 1440 1193 repromitteret
1458 1158 1496 1181 ac
1518 1146 1786 1194 restipularetur,

312 1206 338 1240 fi
355 1205 440 1252 quid
460 1203 621 1250 exegisset
640 1215 658 1236 a
674 1201 805 1240 Flavio,
833 1209 964 1244 partem
982 1197 1053 1243 ejus
1071 1197 1250 1231 dimidiam
1275 1196 1304 1230 se
1323 1196 1446 1230 Roscio
1470 1195 1644 1229 daturum.
1697 1195 1786 1240 Spo-

312 1254 451 1299 spondit
469 1254 514 1287 ita
532 1252 563 1287 se
581 1251 754 1286 faciurum
772 1248 934 1283 Fannius.
976 1246 1112 1281 Deinde
1131 1245 1249 1279 Flavio
1267 1245 1363 1280 litem
1385 1243 1542 1278 intendit.
1582 1243 1699 1287 Judex
1717 1243 1786 1278 fuit

314 1304 357 1338 C.
377 1303 521 1337 Cluvius
537 1312 643 1348 eques
661 1300 852 1334 Romanus.
894 1295 977 1342 Ejus
994 1294 1156 1330 sententia
1174 1294 1313 1328 Flavius
1332 1293 1421 1327 H-S
1441 1304 1603 1326 cccrooo
1624 1295 1786 1337 (centena

314 1352 439 1394 millia)
459 1350 611 1396 Panurgi
631 1347 769 1382 nomine
789 1345 918 1380 Fannio
935 1343 1094 1378 dissolvit.
1146 1341 1255 1388 Cujus
1275 1343 1430 1387 pecuniae
1447 1352 1523 1387 pars
1542 1341 1684 1375 dimidia
1702 1352 1784 1376 cum

314 1413 360 1436 ex
382 1399 635 1446 restipulatione
660 1396 784 1431 Roscio
809 1395 1016 1428 deberetur:
1047 1403 1161 1426 tamen
1187 1402 1321 1426 tantum
1345 1390 1450 1430 abest,
1477 1399 1516 1423 ut
1539 1390 1568 1424 ei
1592 1389 1782 1435 quicquam

313 1449 466 1487 Fannius
485 1447 628 1488 dederit,
655 1457 692 1480 ut
711 1455 789 1479 eum
809 1442 912 1476 etiam
931 1441 964 1476 in
977 1440 1150 1485 judicium
1168 1440 1353 1480 vocaverit,
1379 1449 1544 1484 tanquam
1564 1438 1619 1472 sua
1636 1447 1730 1484 parte
1748 1437 1784 1472 in

312 1509 430 1533 vetere
447 1497 504 1532 illa
523 1496 687 1531 decisione
705 1492 892 1528 fraudatus.
944 1490 1150 1524 AEstimabat
1176 1491 1268 1522 enim
1297 1487 1460 1529 fundum,
1486 1498 1592 1532 quem
1618 1499 1637 1522 a
1662 1486 1787 1521 Flavio

314 1547 458 1584 Roscius
477 1554 663 1590 acceperat,
691 1542 782 1577 H-S
803 1551 991 1574 ccciooo:
1024 1538 1102 1572 inde
1121 1538 1260 1583 petebat
1277 1537 1370 1571 H-S
1397 1547 1486 1570 1000
1512 1534 1784 1582 (quinquaginta

314 1595 436 1638 millia)
453 1608 460 1629 :
489 1594 581 1641 quasi
604 1593 745 1628 Roscius
769 1601 830 1634 pro
849 1588 1016 1627 societate,
1044 1598 1112 1621 non
1132 1598 1194 1632 pro
1213 1586 1243 1620 se
1262 1595 1397 1620 tantum
1417 1583 1600 1618 decidisset.
1653 1584 1692 1617 ln
1711 1595 1783 1629 quo

313 1645 355 1679 lis
382 1653 455 1679 tota
479 1644 634 1678 vertitur.
685 1641 731 1675 Et
758 1639 820 1674 hoc
847 1637 993 1671 maxime
1012 1646 1220 1682 argumento
1238 1635 1278 1668 ad
1297 1633 1571 1668 criminationem
1592 1632 1713 1666 Fannii
1731 1643 1783 1666 re-

313 1693 502 1729 fellendam
520 1693 642 1726 Cicero
660 1691 779 1727 utitur,
807 1686 901 1733 quod
927 1687 966 1727 is,
993 1693 1130 1730 accepta
1157 1683 1321 1728 a2R0scio
1344 1682 1498 1728 pecunia,
1525 1681 1607 1726 quia
1626 1680 1785 1727 cognitor

312 1741 387 1789 ejus
405 1740 528 1781 fuerat,
555 1738 788 1786 repromisisset
807 1746 839 1769 et
859 1733 1074 1779 restipulatus
1092 1732 1184 1773 effer,
1212 1733 1232 1766 si
1252 1731 1336 1778 quid
1356 1743 1373 1764 a
1394 1730 1513 1764 flavio
1531 1729 1708 1775 exegisset,
1730 1729 1782 1764 di-

313 1791 459 1826 midium
478 1789 508 1824 ei
527 1789 557 1823 se
575 1790 761 1822 daturum:
789 1795 860 1830 quo
877 1782 938 1818 fibi
956 1782 1086 1817 nullam
1105 1793 1123 1815 a
1141 1780 1266 1816 Roscio
1283 1791 1325 1814 ex
1346 1788 1461 1813 vetere
1479 1778 1646 1813 decisione
1664 1777 1784 1813 deberi

313 1838 496 1887 pecuniam
508 1836 688 1885 judicavit.

423 1943 580 1995 Argum.
749 1939 793 1977 In
822 1940 872 1990 Q
901 1935 1084 1978 Caecilium
1112 1933 1324 1974 Divinatio.
1627 1943 1666 1982 p.
1691 1942 1781 1983 113.

361 2028 434 2064 Cn.
453 2026 622 2074 Pompeio
641 2026 792 2073 primum
809 2034 843 2058 et
862 2025 915 2060 M.
933 2023 1046 2058 Crasso
1064 2021 1153 2057 Coss.
1174 2021 1216 2055 C.
1235 2019 1358 2053 Verres
1377 2017 1578 2064 perfunftus
1597 2015 1781 2062 quaestura,

313 2077 499 2123 legatione,
526 2087 560 2111 et
583 2086 733 2122 praetura
759 2074 900 2113 urbana,
928 2072 1008 2106 vivo
1026 2081 1120 2117 patre
1137 2070 1178 2104 C.
1198 2069 1318 2108 Verre,
1345 2077 1379 2100 et
1403 2075 1612 2112 praetextato
1632 2064 1715 2104 filio,
1743 2075 1782 2098 ac

313 2127 383 2160 filia
403 2136 520 2172 nupta,
543 2136 684 2159 uxorem
704 2123 844 2163 habens,
871 2133 950 2156 cum
977 2119 1170 2154 succeffiss‘et
1189 2118 1222 2152 in
1242 2115 1355 2151 Sicilia
1372 2115 1414 2149 C.
1434 2113 1608 2149 Sacerdoti
1626 2113 1781 2159 praetori‚

312 2186 460 2221 eamque
478 2186 545 2209 non
566 2173 622 2207 sibi
643 2171 840 2206 succedente
859 2170 963 2205 Arrio
981 2180 1041 2214 per
1057 2167 1241 2202 triennium
1257 2163 1425 2205 tenuisset,
1443 2173 1547 2209 atque
1565 2163 1598 2196 in
1614 2173 1652 2196 ea
1669 2160 1783 2196 fuiffet

311 2222 501 2264 libidinose,
527 2233 638 2263 avare,
665 2220 918 2266 crudeliterque
940 2217 1101 2258 versatus,
1127 2214 1327 2250 succedente
1351 2212 1489 2247 tandem
1510 2212 1543 2245 in
1562 2211 1682 2244 eadem
1701 2221 1781 2256 pro-

311 2272 423 2307 vincia
441 2271 485 2306 L.
505 2270 667 2311 Metello,
686 2269 954 2315 repetundarum
973 2277 1050 2300 reus
1065 2267 1108 2300 ab
1126 2263 1247 2298 Siculis
1265 2261 1453 2310 postulatus
1470 2260 1516 2295 est
1531 2273 1539 2294 :
1567 2259 1627 2306 qui
1645 2269 1781 2300 omnes,

311 2330 436 2369 praeter
463 2318 684 2366 Syracusanos
714 2327 748 2352 et
778 2316 1019 2355 Mamertinos,
1048 2314 1101 2348 M.
1128 2313 1301 2351 Tullium,
1330 2310 1387 2344 illo
1418 2319 1573 2355 tempore
1600 2307 1779 2360 florentem

311 2369 567 2406 defensionibus
585 2367 789 2407 amicorum,
816 2367 856 2400 ad
876 2362 1102 2399 accusandum
1122 2360 1322 2396 descendere
1340 2358 1599 2404 compulerunt,
1618 2367 1691 2402 jam
1712 2354 1780 2400 pri-

312 2419 392 2454 dem
420 2417 482 2452 illis
505 2416 741 2452 necessitudine
767 2413 981 2460 copulatum,
1007 2411 1102 2458 quod
1129 2409 1277 2456 quaestor
1302 2409 1334 2441 in
1359 2406 1473 2441 Sicilia
1495 2404 1609 2440 fuisset
1633 2413 1781 2457 praJtore

310 2469 379 2505 Sex
397 2467 571 2508 Peduceo,
596 2475 631 2501 et
653 2463 763 2511 quod,
788 2473 869 2498 cum
889 2460 1082 2502 decederet,
1108 2458 1143 2493 in
1162 2458 1218 2493 illa
1236 2455 1402 2499 oratione,
1430 2466 1536 2504 quam
1555 2453 1702 2500 Lilybaei
1721 2452 1780 2487 ha·
