2201 2792
515 274 591 315 252
939 264 1030 303 IN
1102 265 1486 307 VERREM

510 362 687 414 praeclare
707 372 743 401 te
762 362 892 409 habes,
925 379 1017 404 cum
1039 367 1068 404 is
1091 366 1198 412 ordo,
1229 377 1344 420 atque
1363 368 1402 406 id
1422 381 1543 421 genus
1563 367 1788 414 hominum,
1811 366 1918 421 quod

509 429 706 480 optimum
727 438 841 482 atque
861 430 1168 470 honestiffimum
1190 433 1255 478 est,
1270 447 1288 470 a
1310 447 1387 485 quo
1402 448 1482 472 uno
1502 444 1540 472 et
1560 435 1710 473 summa
1726 434 1914 488 reipubli-

510 508 575 540 (πῖ,
598 506 635 533 et
657 497 721 533 illa
741 498 938 549 provincia
958 500 1127 536 maxime
1146 500 1382 545 continetur,
1405 501 1476 539 tibi
1494 501 1549 539 est
1568 501 1895 539 inimiciffimum.

565 562 712 600 Verum
734 563 811 600 esto
829 578 837 600 ε
870 564 945 602 alio
966 564 1053 602 loco
1072 564 1119 602 de
1148 576 1340 604 aratorum
1362 567 1506 611 animo,
1538 576 1575 604 et
1598 567 1747 619 injuriis
1767 567 1914 606 videro.

509 627 644 672 Nunc,
674 628 780 680 quod
801 627 901 666 mihi
922 630 986 667 abs
1009 640 1045 668 te
1064 631 1189 675 datur,
1211 632 1250 669 id
1271 632 1432 684 accipio,
1459 645 1522 670 eos
1545 633 1618 670 tibi
1637 632 1707 670 effe
1727 631 1916 670 inimicis-

508 693 634 731 fimos.
659 695 829 747 Nempe,
852 696 903 733 ita
918 696 1029 742 dicis,
1050 707 1206 751 propter
1221 698 1416 736 decumas.
1440 699 1625 737 Concedo
1638 717 1648 743 ;
1672 713 1749 738 non
1771 712 1917 751 quaero,

503 760 603 810 jure,
621 774 667 798 an
689 761 841 813 injuria,
864 762 936 800 sint
955 763 1121 802 inimici.
1155 764 1263 816 Qid
1283 778 1373 817 ergo
1393 764 1468 803 illae
1489 765 1558 803 fibi
1578 765 1707 803 statuae
1727 764 1915 817 equestres

507 826 686 865 inauratae
707 828 855 872 volunt,
888 843 972 881 quae
991 831 1128 883 populi
1149 832 1318 869 Romani
1336 831 1472 870 oculos
1501 832 1724 884 animosque
1743 831 1915 870 maxime

507 892 725 939 offendunt,
757 904 915 947 propter
945 897 1065 934 aedem
1086 898 1284 936 Vulcani?
1316 912 1405 936 nam
1426 898 1656 952 inscriptum
1686 898 1757 936 effe
1786 898 1916 942 video,

507 960 701 1010 quandam
722 973 769 998 ex
788 959 850 998 his
872 962 1033 1000 statuam
1053 973 1214 1001 aratores
1244 963 1398 1002 dediffe.
1431 965 1470 1002 Si
1489 963 1647 1003 honoris
1664 963 1775 1002 causa
1793 964 1913 1002 statu-

506 1036 568 1062 am
591 1025 790 1070 dederunt,
823 1026 976 1065 inimici
1007 1042 1083 1066 non
1105 1028 1204 1066 sunt.
1238 1029 1451 1067 Credamus
1478 1030 1663 1068 testibus:
1701 1038 1787 1067 tum
1804 1029 1917 1067 enim

505 1088 646 1128 honori
667 1101 748 1137 tuo,
772 1106 876 1130 nunc
905 1094 988 1146 jam
1009 1094 1186 1148 religioni
1207 1095 1292 1140 suae,
1310 1095 1520 1134 consulunt
1538 1111 1546 1134 :
1580 1097 1634 1134 fin
1651 1106 1785 1134 autem
1805 1105 1914 1134 metu

504 1157 625 1194 coa6³ti
646 1158 845 1203 dederunt,
879 1160 1085 1198 confiteare
1116 1161 1259 1199 neceffe
1279 1162 1344 1206 est,
1373 1171 1409 1199 te
1430 1163 1469 1200 in
1491 1163 1688 1214 provincia
1706 1163 1913 1215 pecuniam

506 1222 711 1261 statuarum
731 1225 890 1262 nomine
909 1239 975 1278 per
995 1227 1090 1271 vim,
1110 1240 1152 1264 ac
1169 1236 1320 1265 metum
1338 1227 1512 1280 coegisse.
1545 1230 1691 1267 Utrum
1707 1228 1780 1266 tibi
1800 1241 1914 1266 com-

505 1289 669 1326 modum
689 1289 755 1334 est,
778 1290 889 1343 elige.

561 1356 692 1393 LXII.
713 1357 910 1408 Equidem
931 1357 1096 1396 libenter
1114 1358 1191 1397 hoc
1205 1359 1288 1411 jam
1307 1360 1455 1399 crimen
1477 1361 1524 1399 de
1543 1361 1672 1399 statuis
1694 1360 1912 1413 relinquam

505 1431 547 1458 ut
568 1421 668 1460 mihi
688 1432 730 1460 tu
757 1422 855 1461 illud
875 1425 1076 1470 concedas,
1107 1426 1212 1477 quod
1233 1426 1306 1464 tibi
1324 1425 1631 1465 honestiffimum
1653 1427 1718 1472 est,
1748 1436 1910 1466 aratores

504 1488 575 1526 tibi
596 1489 642 1526 ad
663 1489 822 1528 statuam
842 1489 999 1529 honoris
1032 1493 1089 1530 tui
1121 1492 1244 1538 causa,
1275 1493 1473 1532 voluntate
1493 1494 1568 1539 sua,
1598 1493 1814 1532 contulisse.
1848 1495 1911 1532 Da

503 1553 603 1592 mihi
637 1554 712 1594 hoc
729 1571 737 1594 :
764 1557 847 1608 jam
883 1557 955 1595 tibi
985 1559 1198 1597 maximam
1231 1569 1378 1612 partem
1409 1559 1641 1600 defensionis
1676 1559 1907 1612 praecideris.

502 1621 596 1658 Non
618 1622 723 1659 enim
744 1623 885 1675 poteris
906 1633 1065 1662 aratores
1088 1625 1161 1662 tibi
1180 1626 1294 1664 iratos
1315 1625 1398 1672 effe,
1416 1636 1531 1678 atque
1551 1627 1746 1671 inimicos,
1765 1626 1909 1665 dicere.

503 1688 540 1725 O
571 1688 722 1726 causam
754 1689 1010 1742 singularem!
1041 1691 1066 1729 ὃ
1097 1690 1356 1731 defensionem
1391 1693 1581 1740 miseram,
1610 1707 1655 1731 ac
1687 1692 1906 1746 perditam!

501 1755 603 1792 nolle
631 1754 707 1793 hoc
729 1757 899 1809 accipere
919 1771 1028 1796 reum
1055 1758 1102 1796 ab
1129 1759 1357 1805 accusatore,
1388 1769 1427 1798 et
1444 1773 1536 1798 eum
1556 1774 1682 1805 reum,
1713 1760 1783 1812 qui
1802 1761 1907 1798 Prae-

501 1831 560 1858 tor
583 1813 630 1858 'in
653 1822 782 1860 Sicilia
800 1822 932 1869 fuerit,
963 1834 1123 1863 aratores
1145 1825 1178 1863 ei
1212 1826 1375 1864 statuam
1404 1826 1468 1864 sua
1496 1826 1693 1865 voluntate
1712 1825 1875 1864 statuiffe
1891 1843 1904 1870 3

500 1896 660 1924 aratores
681 1888 727 1925 de
745 1901 791 1925 eo
812 1888 908 1926 bene
928 1889 1156 1935 existimare,
1189 1891 1333 1929 amicos
1353 1891 1438 1936 effe,
1471 1891 1617 1929 salvum
1646 1890 1718 1928 effe
1734 1904 1876 1943 cupere
1895 1890 1903 1927 !

501 1953 656 1997 metuit,
688 1966 735 1990 ne
756 1952 831 1991 hoc
859 1968 924 1992 vos
956 1955 1195 1995 existimetis.
1227 1956 1420 1995 Obruitur
1449 1957 1555 1995 enim
1587 1966 1778 1995 aratorum
1798 1956 1905 1994 testi-

501 2018 656 2056 moniis.

555 2085 654 2122 Utar
672 2098 731 2130 eo,
753 2086 857 2138 quod
879 2087 1001 2125 datur.
1035 2089 1150 2126 Certe
1170 2087 1245 2127 hoc
1267 2090 1318 2128 ita
1338 2089 1445 2128 vobis
1460 2089 1717 2142 judicandum
1738 2089 1805 2135 est,
1826 2103 1904 2135 eos,

499 2152 568 2203 qui
588 2151 647 2189 isti
669 2152 922 2190 inimiciffimi
944 2154 1043 2199 sunt,
1075 2165 1117 2193 ut
1138 2155 1215 2208 ipse
1234 2156 1449 2195 existimare
1466 2157 1564 2202 vult,
1586 2157 1632 2194 ad
1652 2156 1757 2194 istius
1776 2155 1904 2194 hono-

499 2232 570 2263 res,
606 2227 720 2270 atque
741 2230 995 2258 monumenta
1024 2223 1228 2273 pecuniam
1262 2237 1339 2261 non
1361 2224 1557 2262 voluntate
1589 2223 1653 2261 sua
1685 2222 1901 2260 contuliffe.

492 2287 625 2337 Atque
647 2294 689 2322 ut
709 2284 784 2323 hoc
806 2296 934 2323 totum
955 2285 1141 2324 facillime
1161 2289 1327 2341 intelligi
1348 2289 1473 2341 poffit‚
1501 2302 1618 2341 quem
1636 2289 1738 2327 voles
1768 2302 1903 2326 eorum

499 2352 667 2397 testium,
691 2365 786 2404 quos
805 2353 1036 2405 produxero,
1068 2354 1136 2405 qui
1156 2368 1202 2392 ex
1225 2355 1353 2392 Sicilia
1385 2355 1491 2393 testes
1512 2355 1598 2400 fint,
1630 2355 1703 2392 five
1725 2364 1903 2407 togatum

497 2418 604 2462 velis,
637 2418 709 2455 five
731 2418 920 2463 Siculum,
952 2428 1097 2471 rogato,
1130 2429 1168 2457 et
1187 2433 1293 2465 eum,
1329 2421 1396 2472 qui
1419 2420 1491 2458 tibi
1512 2420 1798 2458 inimiciffimus
1831 2420 1903 2458 effe

497 2484 705 2529 videbitur,
726 2485 794 2536 qui
815 2485 850 2522 se
869 2485 1073 2538 spoliatum
1100 2499 1120 2523 a
1141 2495 1177 2523 te
1195 2487 1316 2532 dicit;
1353 2487 1493 2539 ecquid
1511 2486 1576 2525 suo
1593 2487 1749 2525 nomine
1770 2488 1809 2524 in
1837 2496 1902 2524 tu-

498 2564 559 2589 am
587 2551 748 2588 statuam
780 2552 1001 2591 contulerit.
1034 2553 1247 2592 Neminem
1279 2555 1453 2607 reperies,
1486 2555 1554 2607 qui
1585 2565 1728 2608 neget:
1759 2555 1902 2592 etenim

497 2630 632 2655 omnes
654 2617 851 2657 dederunt.
