2201 2792
502 156 584 196 234
932 142 1020 182 IN
1096 143 1476 183 VERREM

501 243 706 282 confirmat
737 242 813 288 his,
844 252 1067 282 curaturum
1103 243 1137 281 se
1167 243 1251 288 effe,
1282 257 1329 281 ne
1349 243 1444 296 quid
1477 243 1513 281 ei
1546 255 1614 295 per
1633 240 1760 280 filium
1787 240 1900 280 suum

504 318 703 347 noceretur
714 328 727 354 ς
759 309 794 347 se
814 308 991 346 homines
1013 318 1134 347 certos
1156 309 1236 360 ejus
1262 310 1315 347 rei
1335 309 1443 347 causa
1462 309 1503 347 in
1524 308 1710 353 Siciliam,
1730 317 1768 348 et
1788 316 1901 352 terra,

503 384 540 413 et
575 377 671 413 mari
703 375 904 413 missurum
921 390 930 413 ε
962 384 999 412 et
1029 384 1107 412 erat
1133 375 1299 427 spatium
1335 375 1487 413 dierum
1518 374 1596 413 fere
1629 375 1786 426 triginta
1815 382 1905 411 ante.

504 442 695 479 Kalendas
716 441 974 485 Decembris5
1007 454 1086 493 quo
1119 440 1180 478 die
1200 441 1279 486 iste,
1312 450 1354 479 ut
1376 441 1561 493 Syracufis
1588 439 1768 480 Sthenius
1795 438 1902 478 ades-

504 507 572 552 set,
591 508 771 545 edixerat.
794 508 1104 544 Commoventur
1123 506 1237 544 amici
1254 505 1417 551 Sthenii,
1439 507 1586 560 sperant
1605 506 1701 552 fore,
1723 515 1766 544 ut
1786 504 1902 559 patris

504 573 638 618 literis,
670 572 889 624 nuntiisque
921 572 1022 611 filius
1056 572 1103 610 ab
1123 573 1278 625 incepto
1297 572 1425 611 furore
1456 581 1666 611 revocetur.
1699 574 1744 610 In
1775 572 1906 610 senatu

506 639 631 691 postea
650 639 758 677 causa
778 652 854 676 non
873 639 1011 690 agitur.
1034 638 1210 676 Veniunt
1229 639 1275 676 ad
1295 639 1411 677 istum
1431 638 1630 678 domestici
1650 638 1793 682 nuntii,
1814 637 1905 675 lite-

506 705 636 757 rasque
656 718 676 742 a
695 714 801 757 patre
821 703 984 742 afferunt
1004 712 1090 741 ante
1110 704 1299 742 Kalendas
1321 705 1564 749 Decembris,
1595 718 1688 742 cum
1708 703 1769 742 isti
1788 703 1907 742 etiam

507 779 593 808 tum
614 770 659 808 de
681 769 840 808 Sthenio
860 770 1008 822 integra
1028 778 1107 808 tota
1135 783 1191 808 res
1212 769 1326 809 efl'et:
1358 770 1573 823 eodemque
1593 770 1628 808 ei
1661 779 1834 822 tempore
1859 768 1907 807 de

506 837 639 875 eadem
659 851 696 875 re
716 836 832 874 literae
853 836 1071 889 complures
1092 849 1112 873 a
1131 837 1266 875 multis
1288 837 1319 889 ej
1328 850 1368 875 us
1389 837 1537 882 amicis,
1552 850 1594 875 ac
1615 835 1826 875 neceffariis
1845 833 1906 874 af-

506 902 696 941 feruntur.

561 971 651 1008 XL.
684 968 765 1008 Hic
786 968 864 1013 iste,
888 969 955 1021 qui
975 981 1050 1021 prae
1070 969 1296 1021 cupiditate,
1317 982 1442 1021 neque
1463 969 1582 1008 officii
1602 968 1672 1013 sui,
1694 981 1818 1020 neque
1836 980 1908 1020 pe-

506 1036 634 1081 riculi,
663 1049 787 1087 neque
806 1035 974 1087 pietati5‚
1005 1048 1129 1087 neque
1146 1034 1398 1073 humanitatis
1419 1035 1604 1073 rationem
1625 1033 1813 1073 habuisset
1832 1047 1907 1072 un-

507 1115 640 1154 quam,
673 1115 798 1154 neque
818 1101 858 1138 in
889 1114 948 1145 e0,
985 1101 1090 1153 quod
1111 1101 1353 1147 monebatur,
1384 1102 1650 1140 auctoritatem
1677 1100 1806 1154 patris,
1837 1113 1910 1138 nec

507 1169 548 1206 in
568 1182 628 1213 eo,
661 1168 765 1220 quod
785 1167 1002 1219 rogabatur,
1038 1167 1278 1205 voluntatem
1299 1168 1605 1220 anteponendam
1636 1167 1786 1220 putavit
1814 1166 1908 1204 libi-

509 1233 591 1271 dini
610 1232 697 1276 suae,
720 1245 832 1270 mane
852 1231 1034 1269 Kalendis
1053 1232 1298 1276 Decembris,
1318 1241 1360 1269 ut
1376 1232 1558 1276 edixerat,
1576 1230 1780 1269 Sthenium
1800 1229 1911 1268 citari

503 1299 631 1351 jubet.
675 1299 714 1336 Si
735 1298 800 1336 abs
828 1307 864 1335 te
885 1298 994 1336 istam
1022 1311 1103 1336 rem
1133 1311 1267 1350 parens
1299 1308 1387 1337 tuus
1418 1299 1580 1351 alicujus
1611 1298 1727 1336 amici
1759 1306 1927 1350 rogatu,

511 1366 761 1419 benignitate,
797 1374 861 1402 aut
892 1365 1103 1403 ambitione
1133 1365 1311 1404 inductus
1344 1365 1503 1418 petisset,
1535 1365 1750 1418 graviffima
1781 1373 1912 1402 tamen

511 1432 612 1485 apud
633 1441 670 1470 te
690 1431 866 1470 voluntas
888 1431 1003 1483 patris
1025 1431 1095 1468 effe
1115 1431 1313 1469 debuisset.
1347 1433 1452 1470 Cum
1473 1445 1560 1470 vero
1581 1432 1646 1470 abs
1668 1441 1704 1469 te
1725 1431 1783 1469 tui
1802 1430 1911 1483 capi-

510 1499 559 1537 tis
593 1498 702 1537 causa
729 1506 887 1550 peteret,
922 1496 1176 1550 hominesque
1210 1507 1331 1536 certos
1363 1498 1479 1536 domo
1514 1497 1682 1542 mififfet,
1715 1496 1835 1549 hique
1865 1510 1912 1535 eo

511 1574 685 1618 tempore
704 1564 748 1602 ad
766 1573 802 1602 te
822 1562 1019 1608 veniffent,
1037 1577 1128 1601 cum
1151 1564 1221 1602 tibi
1238 1565 1278 1602 in
1298 1565 1447 1617 integro
1464 1572 1542 1602 tota
1561 1577 1616 1602 res
1636 1563 1740 1608 effet,
1762 1576 1808 1601 ne
1825 1572 1910 1601 tum

512 1631 674 1684 quidem
696 1639 731 1668 te
751 1629 892 1682 potuit,
911 1629 936 1667 fi
957 1643 1034 1667 non
1056 1629 1221 1682 pietatis,
1243 1639 1281 1668 at
1300 1629 1429 1668 salutis
1451 1639 1524 1668 tuae
1543 1630 1640 1668 ratio
1658 1629 1704 1667 ad
1720 1629 1911 1673 officium,

511 1697 788 1749 sanitatemque
808 1696 986 1733 reducere
1004 1696 1016 1733 ?
1050 1696 1156 1734 Citat
1176 1709 1298 1735 reum.
1322 1697 1416 1735 Non
1437 1696 1649 1750 respondet.
1671 1695 1777 1734 Citat
1796 1709 1912 1734 accu-

515 1762 703 1802 satorem:
739 1762 953 1814 (attendite,
990 1762 1129 1814 quaeso,
1150 1762 1307 1813 Judices
1322 1781 1335 1808 3
1367 1762 1506 1807 videte,
1542 1771 1776 1815 quantopere
1806 1761 1913 1799 istius

514 1828 690 1867 amentiae
710 1828 864 1867 fortuna
884 1828 962 1880 ipsa
981 1828 1168 1866 adversata
1188 1829 1260 1874 fit;
1292 1838 1330 1867 et
1350 1829 1463 1867 fimul
1485 1829 1622 1873 videte,
1658 1829 1744 1879 quis
1766 1826 1915 1865 Sthenii

517 1895 665 1933 causam
699 1894 804 1932 casus
835 1894 1037 1945 adjuverit)
1075 1893 1213 1931 citatus
1245 1894 1449 1939 accusator,
1485 1895 1548 1933 M.
1573 1893 1752 1938 Pacilius,
1789 1892 1915 1931 nescio

517 1974 594 2012 quo
615 1959 700 1997 casu
719 1973 796 1997 non
817 1958 1036 2010 respondit3
1069 1972 1145 1996 non
1167 1958 1291 1997 affuit.

572 2027 610 2063 Si
642 2025 798 2077 praesens
819 2023 1000 2062 Sthenius
1022 2037 1105 2062 reus
1126 2024 1213 2063 efl'et
1232 2024 1353 2063 factus
1371 2044 1382 2070 ;
1416 2025 1441 2063 fi
1473 2023 1673 2063 manifesto
1704 2025 1744 2062 in
1766 2024 1915 2072 malefi-

518 2091 578 2130 cio
613 2100 831 2135 teneretur3
876 2099 1028 2135 tamen,
1065 2103 1157 2128 cum
1189 2091 1380 2129 accusator
1409 2105 1486 2129 non
1519 2090 1669 2135 adesset,
1713 2089 1917 2129 Sthenium

518 2156 764 2195 condemnari
798 2169 876 2193 non
907 2165 1109 2208 oporteret.
1142 2157 1315 2202 Etenim,
1347 2157 1373 2195 s1
1404 2156 1521 2209 posset
1552 2170 1650 2201 reus,
1683 2156 1833 2194 absente
1851 2169 1916 2194 ac-

519 2223 702 2267 cusatore,
733 2221 919 2265 damnari,
951 2234 1027 2258 non
1057 2235 1128 2273 ego
1162 2236 1182 2259 a
1208 2223 1359 2260 Vibone
1390 2223 1541 2260 Veliam
1573 2221 1730 2275 parvulo
1764 2221 1918 2273 navigio

520 2288 618 2326 inter
652 2286 923 2340 fugitivorum,
969 2300 1010 2323 ac
1044 2287 1280 2338 praedonum,
1326 2301 1367 2325 ac
1403 2298 1467 2325 tua
1502 2287 1575 2324 tela
1607 2285 1802 2330 veniss‘em,
1840 2300 1918 2338 quo

520 2364 694 2407 tempore
712 2354 840 2392 omnis
867 2353 933 2390 illa
954 2366 1038 2390 mea
1056 2351 1244 2390 festinatio
1265 2353 1340 2391 fuit
1373 2367 1465 2391 cum
1499 2352 1671 2405 periculo
1702 2353 1835 2405 capitis
1868 2353 1919 2390 ob

521 2433 605 2457 eam
624 2419 789 2465 causam,
826 2432 874 2457 ne
906 2428 947 2456 tu
977 2432 1023 2456 ex
1056 2419 1126 2456 reis
1152 2419 1372 2463 eximerere,
1408 2419 1432 2456 fi
1453 2431 1524 2470 ego
1551 2432 1627 2456 non
1658 2417 1844 2456 affuiffem
1873 2418 1919 2457 ad

523 2486 640 2524 diem.
687 2485 806 2537 Qod
826 2485 945 2538 igitur
979 2484 1050 2523 tibi
1071 2493 1147 2523 erat
1168 2485 1207 2522 in
1241 2494 1307 2522 tuo
1335 2483 1486 2535 judicio
1511 2483 1804 2536 optatiffimum,
1841 2497 1918 2528 mc,
