2201 2792
483 222 563 262 474
913 208 1003 247 IN
1074 207 1457 247 VERREM

544 310 735 349 LXVIII.
760 310 832 348 Sed
853 309 1106 355 mehercules,
1126 310 1254 355 vestra,
1278 310 1408 362 reique
1424 307 1604 362 publicae,
1625 307 1746 353 causa,
1761 306 1876 359 Judi-

483 390 558 422 ces,
581 376 672 415 nolo
693 378 733 414 in
764 375 839 413 hoc
871 376 1018 414 (101οξ10
1037 375 1196 414 consilio
1217 385 1369 414 tantum
1390 375 1581 427 flagitium
1601 374 1673 412 effe
1691 373 1876 413 commis-

484 444 566 482 sum
588 458 595 482 :
621 443 710 481 nolo
742 456 805 480 eos
822 443 987 495 judices,
1021 455 1118 495 quos
1139 456 1210 494 ego
1231 442 1426 494 probarim
1447 451 1561 494 atque
1582 441 1805 494 delegerim,
1826 440 1877 479 fic
1900 470 1903 474 .

482 511 522 548 in
544 509 615 548 hac
637 511 730 548 urbe
751 518 914 554 notatos,
942 509 1012 547 isto
1032 509 1219 554 absoluto,
1255 509 1464 553 ambulare,
1502 517 1546 546 ut
1576 521 1655 546 non
1686 520 1782 552 cera,
1815 507 1877 545 sed

483 589 610 621 coeno,
631 575 746 614 obliti
768 575 838 613 effe
858 576 1072 614 videantur.
1096 575 1366 627 Qamobrem
1382 584 1418 612 te
1438 588 1608 627 quoque,
1630 573 1830 618 Hortenfi,
1852 572 1878 610 fi

484 644 553 695 qui
575 643 758 681 monendi
779 642 885 680 locus
906 642 972 687 est,
1000 656 1046 680 ex
1066 640 1141 680 hoc
1162 642 1249 679 1000
1270 654 1438 686 111011οο5
1472 641 1597 679 videas
1618 641 1735 678 etiam
1762 648 1879 691 atque

483 709 615 754 etiam,
645 717 684 746 et
703 708 927 753 confideres,
962 708 1057 759 quid
1078 721 1179 760 agas,
1206 721 1284 759 quo
1318 706 1573 759 progrediare,
1605 719 1722 758 quem
1743 704 1878 743 homi-

483 788 590 819 nem,
626 784 663 812 et
683 788 759 825 qua
785 774 944 818 ratione,
977 773 1172 811 defendas.
1204 774 1347 825 Neque
1382 773 1428 809 de
1458 772 1527 809 illo
1558 772 1775 824 quidquam
1806 770 1880 809 tibi

484 840 670 894 praefinio,
693 853 771 892 quo
791 840 921 878 minus
943 839 1101 892 ingenio
1122 853 1294 883 mecum,
1316 847 1432 890 atque
1452 838 1562 876 omni
1583 838 1736 875 dicendi
1751 836 1878 874 facul-

482 916 573 952 tate,
596 906 818 945 contendas.
853 906 1012 950 Caetera,
1047 905 1072 943 fi
1093 919 1169 958 qua
1188 914 1298 958 putas
1321 914 1358 943 te
1388 904 1579 942 occultius
1600 912 1706 942 extra
1730 903 1881 956 judici-

483 987 567 1019 um,
589 987 675 1026 quae
705 972 752 1010 ad
777 971 975 1024 judicium
995 972 1204 1025 pertinent,
1226 970 1348 1009 facere
1381 970 1506 1023 poffe,
1539 971 1565 1008 fi
1586 969 1682 1022 quid
1700 969 1879 1014 artificio,

483 1039 655 1084 consilio,
690 1039 876 1091 potentia,
909 1039 1043 1090 gratia,
1075 1038 1196 1091 copiis
1217 1038 1339 1082 istius,
1367 1037 1498 1075 moliri
1518 1037 1691 1089 cogitas,
1715 1049 1879 1088 magno-

481 1119 571 1159 pere
602 1105 736 1144 censeo
770 1104 945 1142 defistas:
978 1113 1015 1142 et
1044 1104 1124 1149 illa,
1156 1118 1240 1156 quae
1263 1112 1405 1142 tentata
1419 1103 1501 1155 jam
1521 1112 1559 1141 et
1585 1111 1712 1156 coepta
1743 1102 1790 1140 ab
1810 1101 1882 1140 isto

482 1172 584 1217 sunt,
607 1185 627 1209 a
647 1184 710 1209 1110
730 1179 857 1209 autem
880 1170 1128 1223 pervestigata
1146 1179 1183 1208 et
1202 1170 1371 1222 cognita,
1389 1183 1529 1207 moneo
1551 1177 1592 1206 ut
1608 1169 1824 1221 extinguas,
1843 1176 1881 1205 et

482 1240 637 1292 longius
657 1238 836 1291 progredi
856 1251 904 1275 ne
924 1237 1032 1275 finas.
1059 1238 1210 1290 Magno
1227 1247 1295 1276 tuo
1311 1237 1483 1290 periculo
1503 1236 1725 1289 peccabitur
1743 1236 1784 1273 in
1804 1233 1879 1273 hoc

478 1307 657 1360 judici0;
680 1306 837 1357 majore,
858 1318 976 1357 quam
997 1313 1122 1357 putas.

538 1373 659 1423 Qod
679 1372 786 1409 0111111
807 1380 844 1408 10
864 1371 1071 1408 liberatum
1086 1372 1168 1423 jam
1188 1370 1482 1409 existimationis
1506 1379 1629 1414 metu,
1651 1367 1881 1407 defunctum

482 1437 711 1481 honoribus,
733 1435 972 1487 designatum
1009 1435 1234 1480 Consulem,
1270 1436 1445 1488 cogites,
1478 1434 1578 1473 mihi
1606 1435 1730 1479 crede,
1765 1447 1879 1472 orna-

483 1513 615 1543 menta
648 1502 714 1540 ista
734 1512 772 1540 et
802 1501 986 1539 beneficia
1014 1501 1149 1555 populi
1171 1502 1343 1541 Romani
1368 1515 1446 1539 non
1467 1501 1616 1539 minore
1642 1501 1798 1553 negotio
1818 1513 1880 1537 re-

483 1572 670 1614 tinentur,
697 1581 815 1621 quam
837 1577 1122 1621 comparantur.
1153 1568 1269 1606 Tulit
1299 1567 1381 1605 haec
1402 1567 1551 1612 civitas,
1578 1567 1705 1619 quoad
1737 1566 1880 1619 potuit,

482 1635 609 1688 quoad
630 1633 771 1672 neceffe
791 1632 881 1678 fuit,
903 1633 1047 1686 regiam
1068 1633 1178 1671 istam
1198 1633 1360 1672 vestram
1379 1632 1686 1671 dominationem
1708 1632 1749 1669 in
1770 1631 1881 1683 judi-

482 1703 566 1746 ciis,
598 1710 635 1739 et
655 1700 695 1738 in
718 1699 826 1737 omni
848 1698 1072 1752 republica3
1105 1699 1222 1738 tulits
1243 1699 1315 1738 Sed
1342 1712 1421 1751 quo
1444 1699 1505 1737 die
1532 1698 1678 1752 populo
1699 1698 1881 1736 Romano

481 1767 630 1806 tribuni
650 1766 774 1820 plebis
797 1765 960 1803 restituti
991 1765 1092 1810 sunt,
1125 1766 1257 1804 omnia
1278 1764 1345 1803 ista
1364 1765 1473 1803 vobis
1509 1765 1554 1816 (fi
1583 1764 1683 1803 forte
1704 1764 1880 1802 nondum

482 1833 718 1885 intelligitis)
734 1831 911 1884 adempta
929 1840 1043 1883 atque
1062 1840 1190 1884 erepta
1209 1831 1318 1869 sunt:
1337 1831 1519 1869 omnium
1539 1844 1644 1868 nunc
1660 1830 1765 1868 oculi
1783 1842 1880 1867 con-

481 1900 574 1952 jecti
594 1899 681 1937 sunt
694 1898 769 1936 hoc
796 1897 878 1950 ipso
898 1906 1071 1949 tempore
1098 1899 1138 1935 in
1161 1910 1483 1948 unumquemque
1504 1896 1690 1940 nostrum,
1711 1909 1787 1947 qua
1807 1895 1883 1933 fide

484 1979 556 2018 ego
576 1964 765 2007 accusem,
789 1975 864 2013 qua
884 1962 1069 2015 religione
1090 1961 1132 1999 hi
1146 1962 1337 2014 judicent,
1357 1975 1432 2013 qua
1454 1970 1496 1999 tu
1517 1962 1661 2000 ratione
1682 1960 1877 1999 defendas.

535 2031 597 2069 De
618 2029 800 2067 omnibus
822 2028 948 2073 nobis,
971 2027 997 2065 11
1018 2028 1104 2080 quis
1126 2027 1323 2065 tantulum
1343 2028 1389 2065 de
1411 2029 1507 2065 recta
1539 2027 1692 2079 regione
1712 2026 1880 2065 deflexe-

483 2097 547 2142 rit,
581 2109 657 2134 11011
690 2094 756 2132 illa
787 2094 900 2132 tacita
933 2094 1177 2139 existimatio,
1213 2108 1331 2146 quam
1368 2104 1475 2132 antea
1508 2103 1756 2131 contemnere
1783 2092 1882 2132 sole-

484 2163 596 2207 batis,
620 2162 681 2199 sed
701 2159 907 2198 vehemens
940 2174 981 2198 ac
1004 2160 1170 2199 liberum
1192 2161 1327 2213 populi
1349 2160 1518 2198 Romani
1544 2160 1754 2212 judicium,
1784 2173 1881 2197 con-

484 2229 674 2281 sequetur.
711 2226 835 2265 Nulla
869 2226 955 2271 tibi,
978 2227 1140 2277 Qinte,
1177 2240 1268 2264 011111
1290 2226 1359 2265 isto
1379 2226 1557 2279 cognatio
1578 2226 1644 2270 est,
1681 2225 1789 2262 nulla
1810 2238 1880 2263 ne-

482 2294 680 2333 ceffitudo.
715 2292 870 2344 Qibus
906 2292 1214 2331 excusationibus
1249 2301 1358 2330 antea
1377 2292 1546 2330 nimium
1567 2292 1608 2328 in
1643 2290 1773 2341 aliquo
1811 2291 1881 2342 ju-

483 2362 585 2400 dicio
606 2360 775 2398 studium
798 2368 912 2397 tuum
933 2358 1136 2397 defendere
1157 2358 1314 2404 solebas,
1336 2371 1465 2396 earum
1487 2356 1627 2395 habere
1648 2357 1687 2394 in
1708 2355 1784 2394 hoc
1804 2355 1880 2394 ho-

484 2428 588 2465 mine
610 2427 758 2464 nullam
779 2435 902 2479 potes.
927 2426 1025 2477 Qae
1042 2424 1108 2462 iste
1130 2425 1169 2463 in
1192 2425 1388 2477 provincia
1406 2424 1533 2477 palam
1555 2423 1768 2468 dictitabat,
1786 2436 1882 2462 cum

483 2507 538 2538 ea,
560 2507 645 2545 quae
664 2492 843 2537 faciebat,
875 2502 939 2530 tua
960 2491 994 2529 se
1013 2490 1154 2529 fiducia
1174 2490 1297 2530 facere
1318 2490 1482 2537 dicebat,
1504 2504 1545 2529 ca
1566 2503 1613 2528 ne
1634 2503 1719 2529 vera
1737 2497 1880 2542 puten*

484 2570 559 2606 tur,
583 2559 653 2598 tibi
675 2559 845 2598 maxime
866 2559 917 2597 est
938 2557 1234 2612 providendum.
