2201 2792
514 218 590 271 360
940 215 1030 255 IN
1107 214 1487 253 VERREM

512 315 674 355 statuiffe
707 314 993 353 Mamertinos:
1026 322 1211 366 quantam
1242 321 1354 366 putas
1385 313 1652 352 auctoritatem
1684 311 1912 350 laudationis

512 398 646 421 eorum
668 382 854 425 futuram,
888 381 915 418 fi
935 381 975 417 in
996 393 1101 424 eum,
1133 393 1250 431 quem
1271 379 1415 417 constet
1433 392 1569 418 verum
1598 393 1668 432 pro
1694 378 1914 416 testimonio

513 449 659 494 dixiss‘e,
678 461 834 501 poenam
855 445 1150 484 constituerint?
1173 445 1345 483 Tametfi
1358 459 1443 497 quae
1462 445 1515 483 est
1533 445 1601 483 ista
1620 445 1801 490 laudatio,
1819 458 1912 482 cum

513 517 686 558 laudator
720 516 973 564 interrogatus
1010 511 1120 550 laedat
1151 510 1293 549 neceffe
1323 510 1406 548 est?
1439 511 1577 563 Qid?
1609 511 1669 548 isti
1701 511 1916 548 laudatores

515 583 585 625 tui,
609 594 735 619 nonne
756 579 864 617 testes
885 578 963 616 mei
984 577 1071 615 sunt
1089 577 1101 613 ?
1133 577 1260 615 Heius
1279 576 1332 614 est
1351 576 1546 616 laudator:
1574 576 1667 614 laefit
1684 576 1913 628 graviffime.

513 647 730 686 Producam
751 654 932 683 caeteros:
966 643 1196 687 reticebunt,
1218 656 1303 695 quae
1323 651 1518 695 poterunt,
1549 642 1736 686 libentem
1769 641 1913 686 dicent,

513 729 599 766 quse
621 712 764 751 neceffe
782 712 866 755 erit,
881 710 1052 763 ingratis,
1074 710 1233 762 Negent
1249 709 1308 747 isti
1323 710 1534 748 onerariam
1550 723 1686 747 navem
1702 709 1915 747 maximam

514 780 740 820 aedificatam
760 777 829 816 effe
849 777 1031 815 Meffanae
1049 777 1062 813 ?
1094 786 1249 829 negent,
1281 776 1307 814 fi
1329 776 1482 829 poffint.
1514 776 1673 829 Negent
1692 775 1726 813 ei
1747 775 1834 814 navi
1854 774 1915 812 fa-

514 846 658 885 ciendae
679 844 888 882 senatorem
920 843 1205 882 Mamertinum
1225 842 1382 895 publice
1413 841 1631 895 praefuiffe?
1664 842 1814 880 utinam
1845 854 1914 879 ne-

515 912 628 965 gent!
662 912 758 949 Sunt
779 910 895 947 etiam
915 918 1062 953 caetera,
1084 922 1169 961 quae
1190 909 1293 946 malo
1323 908 1470 960 integra
1501 908 1697 952 reservare,
1728 917 1772 945 ut
1797 920 1914 959 quam

515 979 726 1015 minimum
763 976 807 1013 fit
827 975 905 1013 illis
927 975 1113 1027 temporis
1135 973 1180 1012 ad
1212 974 1496 1018 meditandum,
1524 973 1917 1026 confirmandumque

517 1044 742 1097 perjurium.

570 1111 668 1148 Haec
689 1108 762 1147 tibi
780 1107 948 1146 laudatio
968 1106 1147 1160 procedat
1167 1106 1207 1144 in
1227 1119 1435 1145 numerum
1455 1120 1464 1144 ε
1496 1105 1539 1143 hi
1561 1115 1598 1144 te
1623 1105 1802 1144 homines
1823 1118 1916 1143 auc-

515 1178 667 1215 toritate
687 1175 750 1213 sua
769 1173 965 1212 sublevent
981 1192 993 1218 3
1025 1173 1093 1225 qui
1114 1181 1150 1210 te
1171 1186 1295 1225 neque
1326 1173 1466 1211 debent
1485 1173 1672 1225 adjuvare,
1704 1173 1730 1210 si
1753 1171 1891 1225 poffint
1902 1190 1914 1216 ς

516 1256 641 1294 neque
671 1241 837 1294 poffunt,
861 1240 886 1277 fi
907 1239 1054 1276 velint:
1087 1239 1227 1291 quibus
1250 1248 1293 1276 tu
1321 1239 1501 1291 privatim
1534 1239 1692 1291 injurias
1712 1239 1915 1291 plurimas,

515 1306 842 1357 contumeliasque
890 1303 1105 1357 imposuisti
1125 1318 1134 1341 ε
1185 1318 1263 1355 quo
1300 1304 1341 1342 in
1386 1304 1531 1356 oppido
1569 1304 1710 1342 multas
1749 1303 1918 1343 familias

516 1375 555 1411 in
577 1382 808 1426 perpetuum
829 1370 992 1408 infames
1013 1370 1088 1408 tuis
1109 1369 1261 1422 stupriS‚
1277 1369 1506 1422 flagitiisque
1526 1369 1662 1408 fecisti.
1686 1371 1741 1409 At
1760 1371 1918 1423 publice

517 1438 794 1478 commodasti:
828 1451 905 1475 non
942 1437 1017 1474 fine
1050 1450 1191 1488 magno
1225 1437 1387 1488 quidem
1417 1437 1653 1489 reipublicae,
1686 1437 1917 1490 provinciae-

517 1521 593 1559 que
611 1506 748 1544 Siciliae
769 1505 1016 1542 detrimento.
1040 1502 1184 1540 Tritici
1206 1502 1384 1541 modium
1407 1517 1461 1541 Lx
1484 1503 1609 1541 millia
1624 1513 1752 1556 empta
1771 1505 1918 1557 populo

517 1573 697 1610 Romano
729 1571 814 1608 dare
834 1569 1037 1613 debebant,
1068 1577 1105 1605 et
1140 1568 1338 1606 solebant:
1370 1569 1435 1606 abs
1468 1578 1504 1606 te
1524 1568 1602 1607 solo
1622 1569 1820 1608 remissum
1849 1569 1916 1608 est.

516 1638 751 1691 Respublica
775 1637 1054 1674 detrimentum
1076 1634 1183 1679 fecit,
1215 1635 1319 1687 quod
1354 1649 1422 1688 per
1451 1644 1487 1674 te
1507 1636 1742 1688 imperiijus
1773 1649 1848 1674 una
1876 1637 1919 1675 in

516 1706 668 1743 civitate
689 1704 948 1741 imminutum
978 1702 1030 1739 est
1049 1716 1057 1739 ε
1091 1701 1225 1747 Siculi,
1261 1702 1366 1754 quod
1386 1701 1463 1740 hoc
1482 1715 1558 1740 non
1585 1702 1632 1739 de
1651 1701 1803 1740 summa
1831 1701 1939 1741 fru-'

517 1772 640 1809 menti
661 1771 874 1808 detractum
896 1769 961 1813 est,
994 1768 1055 1806 sed
1078 1767 1298 1806 transsatum
1325 1759 1364 1806 in
1386 1769 1675 1821 Centuripinos,
1707 1778 1746 1806 et
1766 1768 1918 1807 H'alefi-

519 1834 600 1882 nos,
639 1838 833 1875 immunes
868 1835 1059 1888 populos;
1103 1844 1140 1872 et
1175 1832 1250 1872 hoc
1276 1834 1363 1887 plus
1399 1835 1639 1887 impolitum,
1671 1848 1789 1886 quam
1820 1834 1918 1873 ferre

518 1905 679 1956 possent.

574 1966 726 2003 Navem
748 1963 935 2014 imperare
955 1974 1002 1999 ex
1022 1960 1165 1999 foedere
1195 1960 1360 1998 debuisti
1379 1975 1388 1999 :
1421 1960 1595 1999 remisisti
1620 1961 1660 1998 in
1691 1960 1916 2000 triennium.

519 2031 694 2068 Militem
716 2029 868 2066 nullum
892 2041 1064 2079 unquam
1096 2027 1297 2079 poposcisti
1318 2040 1384 2079 per
1403 2036 1460 2065 tot
1483 2040 1614 2066 annos.
1648 2027 1786 2065 Fecisti
1806 2027 1918 2073 item,

518 2098 576 2134 uti
598 2095 792 2148 praedones
813 2094 932 2131 solent
950 2108 958 2131 :
991 2094 1074 2145 qui,
1106 2107 1198 2131 cum
1217 2106 1445 2130 communes
1465 2092 1590 2132 hostes
1621 2094 1694 2131 lint
1724 2094 1919 2140 omnium,

519 2173 647 2201 tamen
669 2161 815 2212 aliquos
838 2160 906 2197 fibi
927 2160 1133 2197 instituunt
1154 2159 1313 2204 amicos,
1345 2159 1486 2211 quibus
1508 2172 1586 2197 non
1613 2159 1731 2197 modo
1749 2168 1919 2212 parcant,

519 2242 652 2266 verum
684 2227 799 2264 etium
836 2225 959 2277 praeda
993 2238 1088 2277 quos
1109 2234 1285 2277 augeant,
1316 2234 1354 2262 et
1380 2238 1443 2262 eos
1465 2225 1648 2269 maxime,
1679 2225 1747 2276 qui
1775 2223 1922 2262 habent

519 2294 706 2348 oppidum
728 2301 946 2344 opportuno
966 2291 1066 2335 loco,
1086 2304 1164 2342 quo
1184 2291 1279 2344 saepe
1303 2290 1522 2329 adeundum
1545 2291 1591 2329 fit
1616 2290 1791 2334 navibus,
1819 2303 1919 2329 non-

521 2374 721 2413 nunquam
743 2357 958 2396 necessarii).

578 2429 627 2464 X.
654 2425 820 2464 Phaselis
839 2424 917 2469 illa,
940 2436 1057 2476 quam
1078 2423 1180 2475 cepit
1201 2423 1245 2460 P.
1270 2423 1463 2467 Servilius,
1484 2436 1560 2460 non
1578 2421 1702 2461 fuerat
1722 2422 1812 2461 urbs
1833 2431 1920 2460 ante

522 2493 710 2536 Cilicum,
749 2501 863 2543 atque
896 2490 1146 2542 praedonum:
1180 2490 1291 2540 Lycii
1322 2489 1444 2534 illam,
1484 2489 1612 2527 Graeci
1632 2488 1826 2534 homines,
1857 2489 1920 2526 in-

523 2559 712 2598 colebant.
747 2558 817 2596 Sed
853 2557 958 2609 quod
991 2566 1070 2595 erat
1099 2556 1285 2609 ejusmodi
1316 2555 1416 2602 loco,
1458 2565 1573 2608 atque
1603 2556 1656 2595 ita
1683 2557 1850 2610 projesta
1879 2555 1920 2593 in
