2201 2792
588 185 665 225 300
1015 173 1105 212 IN
1177 172 1557 212 VERREM

584 271 876 316 Amestratinos,
897 270 1074 310 homines
1096 281 1241 318 tenues,
1274 287 1365 310 cum
1396 287 1530 310 eorum
1562 272 1740 310 decumas
1772 269 1981 309 medimnis

586 351 702 378 DCCC
725 339 946 375 vendidiffes
968 339 1150 376 Bariobali
1168 339 1347 383 Venerio,
1371 339 1606 391 (cognoscite
1626 338 1784 376 nomina
1802 337 1988 390 publica-i

584 405 743 455 norum)
767 406 872 456 cogis
893 418 955 442 cos
977 405 1062 456 plus
1083 404 1180 441 lucri
1200 405 1347 449 addere,
1370 419 1486 456 quam
1507 406 1641 457 quanti
1658 404 1866 448 venierant‚
1888 415 1982 440 cum

584 484 727 522 magno
753 470 948 508 venissent.
982 471 1087 507 Dant
1122 470 1305 508 Banobali
1339 471 1546 508 medimnis
1577 483 1738 515 DCCCL,
1770 470 1860 508 H-S
1896 481 1981 506 MD.

584 535 762 573 Profeeio
782 549 982 587 nunquam
1004 536 1070 572 iste
1091 544 1168 574 tam
1190 549 1321 573 amens
1342 535 1481 580 fuisset,
1501 545 1543 573 ut
1562 549 1609 573 ex
1629 549 1719 587 agro
1739 535 1874 588 populi
1895 535 1984 572 Ro-

584 603 690 639 mani
708 602 792 654 plus
814 600 999 639 frumenti
1019 601 1122 639 servo
1143 602 1322 647 Venerio,
1350 615 1466 654 quam
1497 601 1642 654 populo
1662 603 1843 639 Romano
1863 600 1983 638 tribui

582 678 788 720 pateretur,
819 667 888 705 nifi
908 667 1035 705 omnis
1065 681 1107 706 ea
1126 668 1264 720 praeda‚
1294 668 1387 707 servi
1420 669 1591 713 nomine,
1626 668 1673 705 ad
1705 668 1821 706 istum
1856 666 1983 719 ipsum

582 734 808 786 perveniret.

639 800 800 843 Petrini‚
830 812 922 836 cum
956 813 1090 838 eorum
1120 800 1293 838 decumae
1325 813 1467 852 magno
1497 799 1653 837 addictae
1687 798 1815 844 effent,
1853 807 1983 837 tamen

581 865 797 903 invitiffimi
817 865 862 902 P.
886 865 1024 903 Naevio
1044 865 1253 918 Turpioni,
1284 865 1566 918 improbiffimo
1594 865 1761 909 homini,
1789 865 1857 917 qui
1877 864 1981 916 inju-

582 931 740 976 riarum,
772 931 971 969 Sacerdote
1002 932 1178 976 Praetore,
1214 932 1415 969 damnatus
1448 931 1513 976 est,
1545 932 1637 969 H-S
1660 945 1829 970 XXXVII
1864 939 1902 968 et
1933 944 1982 970 10

582 997 669 1035 dare
699 997 819 1035 coacti
851 997 952 1035 sunt.
996 998 1102 1035 Itane
1131 997 1306 1036 dissolute
1338 998 1518 1036 decumas
1549 997 1763 1042 vendidisti,
1801 1005 1858 1043 ut,
1890 1010 1984 1034 cum

583 1062 762 1101 modium
784 1077 838 1101 xv
861 1063 1038 1102 millibus
1071 1063 1268 1110 veniffent,
1300 1063 1546 1103 medimnum
1581 1076 1661 1105 010
1694 1077 1772 1105 010
1805 1076 1884 1103 010
1906 1062 1984 1101 1100

581 1129 648 1175 est,
679 1130 771 1168 H-S
792 1143 939 1169 xxxxv
961 1130 1060 1173 lucri
1080 1130 1296 1168 decumano
1319 1130 1496 1168 darentur
1515 1131 1527 1167 ?
1560 1132 1614 1168 At
1633 1144 1844 1184 permagno
1863 1130 1982 1167 decu-

582 1209 663 1234 mas
683 1197 763 1248 ejus
784 1196 863 1248 agri
883 1196 1052 1234 vendidi.
1083 1196 1276 1234 Videlicet
1295 1197 1494 1248 gloriatur,
1517 1210 1593 1233 non
1615 1197 1809 1249 Turpioni
1830 1197 1983 1234 lucrum

582 1262 732 1306 datum,
754 1261 815 1299 sed
836 1261 998 1300 Petrinis
1020 1262 1224 1314 pecuniam
1243 1272 1427 1314 ereptam.

638 1332 727 1369 XL.
760 1331 899 1382 Qid?
932 1331 1184 1377 Halicienses,
1219 1345 1385 1384 quorum
1418 1331 1553 1369 incolae
1574 1332 1753 1370 decumas
1774 1330 1878 1376 dant,
1914 1331 1983 1383 ipsi

581 1411 690 1450 agros
711 1397 906 1436 immunes
925 1396 1083 1443 habent,
1114 1411 1242 1436 nonne
1259 1396 1352 1435 huic
1372 1398 1496 1435 eidem
1517 1398 1725 1450 Turpioni,
1747 1410 1841 1435 cum
1861 1397 1983 1435 decu-

582 1477 655 1501 mae
691 1475 714 1500 C
747 1463 850 1501 med.
884 1462 1082 1508 veniffent,
1113 1464 1205 1502 H-S
1231 1477 1285 1501 xv
1321 1477 1400 1504 010
1434 1464 1520 1501 dare
1553 1464 1673 1501 003ἃί
1707 1462 1825 1500 sunt?
1858 1463 1895 1500 Si
1927 1462 1981 1507 id,

582 1529 686 1582 quod
708 1529 876 1567 maxime
895 1529 966 1573 vis,
988 1529 1106 1581 posses
1127 1529 1299 1582 probare,
1329 1528 1411 1567 haec
1441 1529 1487 1567 ad
1518 1529 1750 1567 decumanos
1781 1529 1885 1566 lucra
1915 1541 1982 1566 ve·

581 1595 687 1640 niffe,
718 1594 818 1633 nihil
840 1603 876 1632 te
895 1594 1055 1647 attigiffe
1070 1613 1083 1640 ;
1115 1604 1242 1633 tamen
1273 1594 1332 1633 hae
1350 1596 1534 1648 pecuniae,
1567 1609 1634 1648 per
1653 1596 1748 1640 vim,
1783 1604 1898 1647 atque
1919 1595 1982 1632 in-

574 1662 719 1714 juriam
740 1668 845 1698 tuam
865 1669 984 1712 captae
1014 1669 1052 1698 et
1071 1661 1296 1713 conciliatae,
1328 1661 1402 1699 tibi
1421 1660 1561 1705 fraudi,
1592 1669 1629 1698 et
1649 1661 1886 1698 damnationi
1911 1659 1982 1698 effe

580 1727 776 1765 deberent.
809 1727 913 1764 Cum
935 1740 1022 1764 vero
1041 1725 1116 1764 hoc
1136 1727 1282 1765 nemini
1301 1727 1520 1779 persuadere
1539 1726 1668 1779 poffis,
1689 1735 1726 1764 te
1746 1735 1825 1764 tam
1845 1739 1980 1763 amen-

581 1803 660 1831 tem
683 1791 806 1836 suiffe,
838 1801 880 1830 ut
902 1793 1136 1844 Apronium,
1165 1806 1207 1830 ac
1228 1793 1486 1845 Turpionem,
1519 1792 1642 1830 servos
1672 1791 1865 1836 homines,
1898 1800 1981 1836 tuo,

581 1860 872 1910 liberorumque
906 1867 1063 1896 tuorum
1084 1859 1257 1911 periculo
1277 1859 1412 1898 divites
1433 1859 1514 1896 fieri
1534 1858 1650 1895 velles
1667 1876 1679 1903 ς
1712 1857 1981 1896 dubitaturum

582 1938 820 1977 quemquam
841 1923 1044 1969 existimas,
1062 1925 1156 1976 quin
1177 1924 1253 1962 illis
1275 1924 1469 1963 emissariis
1489 1923 1571 1962 haec
1589 1924 1662 1963 tibi
1675 1924 1803 1963 omnis
1819 1924 1983 1976 pecunia

583 1991 736 2043 quaefita
756 1989 831 2027 fit?

637 2056 827 2109 Segestam
847 2056 942 2094 item
973 2056 1020 2094 ad
1052 2056 1272 2095 immunem
1294 2057 1491 2096 civitatem
1512 2057 1700 2095 Venerius
1728 2055 1982 2109 Symmachus

581 2123 817 2161 decumanus
837 2122 1080 2160 immittitur.
1140 2123 1176 2160 Is
1206 2123 1252 2160 ab
1282 2123 1352 2161 isto
1385 2124 1510 2161 literas
1531 2122 1653 2168 affert,
1684 2131 1729 2160 ut
1752 2122 1821 2161 fibi
1850 2130 1985 2160 contra,

582 2189 714 2227 omnia
744 2186 1101 2232 senatus-consulta,
1146 2198 1279 2226 contra
1311 2190 1442 2227 omnia
1471 2191 1581 2241 jura,
1612 2196 1820 2240 contraque
1853 2188 1980 2239 legem

583 2253 799 2306 Rupiliam,
821 2261 926 2290 extra
945 2251 1075 2290 forum
1095 2253 1361 2292 vadimonium
1382 2255 1611 2307 promittant
1627 2262 1802 2291 aratores.
1836 2252 1983 2290 Audite

581 2321 721 2364 literas,
753 2332 845 2371 quas
866 2318 912 2356 ad
932 2318 1148 2371 Segestanos
1181 2319 1339 2358 miserit.
1372 2322 1567 2358 LITERAE
1592 2320 1639 2357 C.
1663 2319 1850 2356 VERRIS.
1897 2319 1980 2357 Hic

582 2386 770 2425 Venerius
787 2385 1119 2437 quemadmodum
1141 2394 1300 2423 aratores
1331 2386 1495 2431 eluserit,
1518 2400 1564 2424 ex
1599 2398 1674 2423 una
1705 2385 1878 2437 pactione
1904 2383 1980 2423 ho-

581 2453 698 2490 minis
733 2451 896 2499 honesti,
926 2452 1153 2506 gratiosique
1185 2452 1428 2505 cognoscite:
1464 2453 1505 2491 in
1535 2452 1670 2491 eodem
1700 2453 1805 2491 enim
1843 2464 1980 2505 genere

582 2518 669 2557 sunt
687 2525 832 2557 caetera.
