2201 2792
635 190 979 230 ACTIONIS
1013 191 1064 230 ΙΙ.
1124 192 1334 230 LIBER
1366 194 1435 232 lv,
1647 209 1722 245 411

334 301 425 336 eum
458 288 568 343 pueri
587 289 776 329 sedentur
790 307 804 336 5
837 298 879 337 ut
899 302 1049 334 omnes,
1081 302 1175 328 cum
1196 289 1305 341 loqui
1325 289 1500 342 coeperit,
1530 289 1725 329 irrideant.

333 356 465 408 Hujus
486 364 613 396 tamen
634 355 790 403 insania,
826 370 910 408 quae
946 355 1108 394 ridicula
1137 356 1190 395 est
1209 355 1307 402 aliis,
1343 353 1445 394 mihi
1467 364 1551 394 tum
1572 356 1729 394 molesta

332 420 417 460 sane
436 421 535 460 fuit:
568 435 659 460 nam
679 436 771 461 cum
793 422 944 476 spumas
964 431 1091 475 ageret
1122 422 1163 461 in
1182 435 1260 467 ore,
1292 421 1467 461 arderent
1486 422 1604 467 oculi,
1637 435 1729 460 voce

332 489 504 529 maxima
522 489 604 528 vim
624 503 686 527 me
707 489 776 528 fibi
797 488 930 528 afferre
948 489 1128 529 clamaret
1143 508 1156 537 ,ς
1188 489 1359 542 copulati
1389 490 1430 528 in
1455 490 1521 542 jus
1552 489 1726 542 perveni-

331 569 436 596 mus.

388 624 471 662 Hic
490 636 564 677 ego
583 624 770 677 postulare
790 624 907 677 coepi,
939 632 982 662 ut
1003 622 1104 662 mihi
1127 623 1272 664 tabulas
1293 624 1503 676 obsignare,
1526 638 1568 663 ac
1589 624 1728 677 depor-

333 699 410 736 tare
430 691 575 735 liceret.
607 690 680 729 Ille
697 699 845 730 contra.
887 690 1027 730 Instare
1046 705 1133 744 ego,
1163 691 1345 730 omnium
1373 690 1474 732 mihi
1494 692 1727 737 tabularum,

333 765 372 795 et
390 756 588 802 literarum
609 755 692 796 fieri
723 757 949 810 potestatem
970 767 1158 810 oportere.
1192 759 1351 803 Contra,
1385 758 1452 796 ille
1477 757 1640 797 furiosus
1663 773 1727 796 ur-

331 836 435 876 gere,
456 821 557 862 nihil
578 823 624 862 ad
644 823 680 862 se
701 823 842 863 nostras
874 824 976 877 leges
995 824 1198 878 pertinere.
1231 825 1374 864 Praetor
1394 825 1631 878 intelligens,
1658 839 1727 863 ne-

333 903 422 942 gare
441 890 511 929 fibi
530 889 690 943 placere,
712 891 817 943 quod
839 891 1232 931 senatus-consultum
1264 901 1390 930 ratum
1411 891 1481 930 effe
1501 906 1580 931 non
1610 892 1728 931 debe-

335 965 406 1002 ret,
432 957 474 995 id
494 971 558 996 me
589 958 759 996 Romam
795 958 1004 1010 deportare.
1038 958 1148 1009 Qid
1180 958 1332 997 multa?
1364 959 1432 997 nifi
1461 957 1729 998 vehementius

334 1021 489 1062 homini
510 1024 678 1062 minatus
699 1024 811 1062 essem
828 1044 839 1069 5
872 1025 938 1062 nis]
961 1026 1092 1077 legum
1113 1025 1359 1071 sanctionem,
1375 1040 1610 1079 poenamque
1630 1028 1728 1066 reci-

335 1089 494 1134 taffem3
527 1090 744 1128 tabularum
766 1089 865 1128 mihi
887 1091 1047 1143 potestas
1068 1090 1165 1130 facta
1185 1105 1262 1129 non
1283 1092 1386 1130 effet.
1423 1093 1495 1130 Ille
1515 1102 1644 1130 autem
1665 1093 1727 1131 in-

335 1155 459 1200 sanus,
484 1156 551 1208 qui
572 1170 641 1209 pro
662 1156 730 1194 isto
751 1168 884 1195 contra
905 1171 968 1194 me
989 1156 1319 1196 vehementiffime
1339 1158 1591 1203 declamasset,
1624 1148 1738 1211 post-¹

334 1235 452 1273 quam
488 1235 566 1260 non
602 1223 849 1275 impetravit3
883 1224 1010 1268 credo,
1044 1233 1086 1262 ut
1118 1224 1157 1261 in
1188 1224 1349 1276 gratiam
1382 1239 1538 1263 mecum
1569 1225 1726 1270 rediret,

333 1287 512 1327 libellum
533 1287 633 1327 mihi
654 1289 730 1335 dat,
745 1289 785 1327 in
801 1304 879 1342 quo
899 1290 1004 1328 istius
1021 1290 1122 1328 furta
1138 1291 1363 1342 Syracusana
1378 1292 1584 1344 perscripta
1600 1302 1724 1336 erant,-

331 1369 420 1407 -quae
441 1369 512 1408 ego
531 1356 734 1408 anteajam
755 1356 801 1394 ab
822 1357 899 1394 illis
920 1371 1144 1409 cognoram,
1175 1366 1212 1395 et
1232 1371 1467 1410 acceperam.

378 1422 548 1460 LXVII.
571 1422 747 1460 Laudent
768 1432 804 1460 te
824 1423 907 1460 sane
922 1424 1004 1475 jam
1025 1424 1270 1468 Mamertini,
1294 1425 1362 1476 qui
1382 1438 1428 1462 ex
1449 1434 1552 1463 tanta
1573 1425 1727 1477 provin-

336 1489 395 1526 cia
414 1488 482 1527 soli
503 1489 604 1533 sunt,
627 1489 695 1541 qui
718 1499 753 1527 te
774 1489 917 1527 salvum
940 1490 1082 1528 velint:
1110 1491 1162 1528 ita
1183 1499 1310 1529 tamen
1332 1492 1500 1535 laudent,
1525 1501 1566 1529 ut
1588 1493 1728 1534 Heius.

335 1555 406 1607 qui
425 1556 505 1608 ejus
526 1556 701 1608 princeps
723 1555 923 1608 legationis
945 1555 1009 1600 est,
1032 1556 1150 1600 adfit;
1174 1556 1226 1593 ita
1247 1557 1416 1602 laudent,
1440 1568 1483 1596 ut
1503 1558 1548 1595 ad
1569 1571 1623 1602 ea,
1646 1572 1731 1610 quae

338 1622 461 1673 rogati
480 1630 605 1666 erunt,
637 1619 738 1659 mihi
769 1622 889 1674 parati
922 1622 994 1659 sint
1015 1622 1251 1674 respondere.
1285 1623 1345 1661 Ac
1380 1637 1426 1661 ne
1461 1623 1587 1662 subito
1619 1638 1639 1661 a
1668 1638 1731 1661 me

337 1688 623 1740 opprimantur,
653 1685 735 1725 haec
770 1687 855 1725 sum
887 1697 1084 1740 rogaturus
1104 1703 1112 1726 :
1146 1690 1291 1727 Navem
1303 1690 1432 1742 populo
1452 1691 1610 1728 Romano
1629 1689 1730 1729 debe-

337 1754 474 1792 cmtne?
497 1754 750 1792 Fatebuntur.
773 1754 1066 1800 Praebuert'ntne,
1086 1755 1255 1793 Praetore
1276 1756 1320 1794 C.
1341 1756 1480 1795 Verre?
1501 1756 1730 1809 Negabunt.

337 1819 661 1873 AEdfficaverintne
679 1834 807 1859 navem
826 1821 1026 1859 onerariam
1045 1821 1234 1860 maximam
1246 1821 1400 1874 publice,
1423 1836 1528 1876 quam
1550 1823 1662 1861 Verri
1671 1823 1732 1861 de·

336 1886 468 1925 derunt
482 1886 502 1925 ,ἲ
533 1885 685 1938 Negare
721 1899 800 1924 non
835 1895 1029 1939 poterunt.
1069 1888 1352 1926 Frumentumne
1385 1888 1432 1927 ab
1465 1888 1520 1927 his
1535 1890 1733 1943 fitmpst’rit

340 1955 483 1998 Verres,
505 1953 599 2006 quod
606 1954 734 2006 populo
754 1954 911 1992 Romano
931 1954 1105 1999 mitteret,
1121 1955 1448 2009 stcutt'ficperiores
1463 1955 1483 1994 ξ’
1505 1956 1731 2009 Negabunt.

338 2019 438 2072 Qid
452 2020 616 2064 militum,
638 2029 705 2058 aut
725 2030 921 2059 nautarum
945 2030 1015 2073 per
1034 2022 1228 2060 triennium
1247 2021 1407 2061 dederint
1420 2023 1440 2061 ,ἓ
1472 2022 1645 2061 Nullum
1665 2023 1733 2061 da·

339 2095 426 2126 turn
446 2085 589 2124 dicent.
622 2085 748 2123 Fuiffe
769 2086 983 2125 Meffanam
1003 2088 1184 2128 omnium
1206 2087 1311 2125 istius
1332 2087 1541 2134 furtorum,
1574 2102 1617 2128 ac
1636 2104 1734 2143 prae-

339 2153 475 2190 darum
497 2152 761 2205 receptricem,
782 2166 918 2205 negare
938 2167 1016 2192 non
1038 2162 1231 2206 poterunt.
1255 2155 1453 2194 Permulta
1472 2156 1607 2194 multis
1625 2157 1733 2194 navi-

340 2219 412 2257 bus
434 2219 544 2257 illinc
563 2228 786 2271 exportata5
819 2218 919 2257 hanc
940 2233 1076 2258 navem
1097 2221 1263 2274 denique
1284 2223 1496 2260 maximam
1518 2236 1538 2260 a
1558 2223 1733 2260 Mamer·

340 2287 430 2325 tinis
452 2286 594 2331 datam,
618 2286 808 2332 onustam,
830 2301 922 2326 cum
943 2288 1012 2325 isto
1034 2289 1197 2327 Praetore
1218 2289 1428 2341 profectam
1451 2288 1687 2326 fatebuntur.

395 2353 665 2404 Qamobrem
688 2354 760 2391 tibi
790 2353 888 2392 habe
910 2354 994 2392 sane
1015 2354 1124 2393 istam
1146 2355 1404 2393 laudationem
1426 2355 1703 2392 Mamertinam
1723 2370 1732 2393 :

342 2419 612 2469 Syracusanam
644 2420 804 2471 quidem
836 2421 1046 2465 civitatem,
1080 2430 1122 2459 ut
1153 2421 1217 2458 abs
1251 2430 1287 2457 te
1307 2419 1439 2458 affecta
1466 2419 1532 2464 est,
1566 2420 1619 2457 ita
1641 2420 1678 2458 in
1701 2430 1737 2458 te

341 2483 412 2521 effe
432 2485 640 2523 animatam
658 2485 833 2524 videmus
854 2502 861 2524 :
895 2488 995 2539 apud
1028 2500 1124 2538 quos
1155 2486 1271 2523 etiam
1295 2487 1432 2523 Verrea
1458 2485 1523 2523 illa
1554 2485 1737 2539 flagitiosa

329 2550 488 2593 Vsublata
508 2550 606 2590 sunt.
639 2552 799 2591 Etenim
831 2553 996 2591 minime
1027 2551 1289 2596 conveniebat,
1322 2552 1355 2589 ei
1379 2553 1553 2592 Deorum
1573 2551 1735 2592 honores

1215 2615 1376 2655 Fffz
