2201 2792
398 145 446 198 38
923 142 1278 180 ORATIO

397 243 549 296 Aquili,
581 256 628 280 ex
649 240 770 280 officii
789 241 947 285 ratione,
981 250 1097 293 atque
1117 254 1164 279 ex
1196 241 1376 278 omnium
1398 239 1686 285 consuetudine,
1723 254 1805 278 rem

396 311 532 364 ipsam,
554 318 591 347 et
616 308 763 346 fadum
784 308 896 346 fimul
920 308 1005 345 Sex.
1024 307 1153 346 Naevii
1173 307 1420 345 considerare.
1451 307 1516 344 Ad
1536 307 1805 345 vadimonium

397 391 475 415 non
496 384 660 420 venerat,
683 384 725 412 ut
746 375 812 418 ais,
835 375 881 418 is,
904 375 1067 425 quicum
1089 373 1162 411 tibi
1181 373 1360 418 affinitas,
1383 373 1553 418 societas,
1580 387 1714 412 omnes
1736 373 1804 410 de-

397 444 514 495 nique
534 442 651 479 causae
671 449 708 478 et
739 440 1029 478 neceffitudines
1058 448 1201 477 veteres
1223 439 1522 478 intercedebant.
1570 439 1733 477 Illicone
1759 438 1805 476 ad

398 511 605 547 Praetorem
626 508 678 545 ire
698 507 906 545 convenit?
939 507 1174 544 continuone
1206 519 1340 543 verum
1362 505 1436 543 fuit
1466 506 1668 559 postulare,
1696 514 1739 543 ut
1759 518 1807 543 ex

397 575 522 613 cdifio
543 575 642 612 bona
673 572 856 626 poffidere
876 572 1036 610 liceret?
1068 571 1132 610 Ad
1153 570 1234 609 haec
1265 581 1448 616 extrema,
1479 581 1516 609 et
1546 571 1807 609 inimiciffima

392 642 480 693 jura
500 651 579 678 tam
599 639 739 692 cupide
759 638 998 683 decurrebas,
1020 638 1078 676 uti
1100 637 1173 675 tibi
1194 636 1294 675 nihil
1310 639 1350 675 in
1370 637 1579 690 posterum,
1597 636 1703 690 quod
1719 650 1806 689 gra-

397 707 495 751 vius,
518 716 632 758 atque
649 704 840 743 crudelius
861 703 984 742 facere
1003 702 1139 756 poffes,
1161 703 1389 742 reservares?

452 774 560 812 Nam
593 772 687 826 quid
720 770 876 810 homini
902 771 1023 824 potest
1058 771 1222 824 turpius,
1269 771 1363 822 quid
1399 784 1485 809 vero
1518 770 1706 814 miserius,
1742 777 1806 806 aut

398 840 569 878 acerbius
604 838 834 877 usuvenire?
866 837 970 890 quod
1004 846 1157 876 tantum
1189 838 1339 875 evenire
1373 837 1550 882 dedecus,
1582 850 1666 889 quae
1705 844 1807 874 tanta

398 907 592 944 calamitas
613 904 776 943 inveniri
802 904 957 957 potest?
990 904 1200 942 Pecuniam
1228 903 1253 942 si
1274 904 1444 956 cuipiam
1464 902 1618 942 fortuna
1646 902 1803 945 ademit,

397 982 462 1010 aut
475 973 501 1010 fi
522 973 683 1024 alicujus
704 971 845 1023 eripuit
866 970 1027 1023 injuria3
1051 979 1194 1014 tamen,
1211 970 1308 1007 dum
1327 969 1558 1007 existimatio
1571 969 1625 1006 est
1644 969 1804 1021 integra,

396 1038 509 1077 facile
529 1038 746 1076 consolatur
775 1036 948 1075 honestas
969 1035 1188 1087 egestatem.
1221 1036 1276 1073 At
1302 1048 1381 1073 non
1412 1048 1528 1072 nemo
1548 1043 1613 1072 aut
1633 1034 1807 1086 ignomi-

395 1106 458 1143 nia
478 1104 650 1149 affezftus,
681 1111 747 1141 aut
769 1102 922 1155 judicio
942 1101 1047 1154 turpi
1073 1101 1286 1145 convictus,
1317 1101 1429 1138 bonis
1450 1100 1610 1152 quidem
1631 1100 1705 1137 suis
1726 1100 1806 1137 uti-

396 1181 483 1215 tur;
515 1170 669 1208 alterius
698 1181 804 1220 opes,
836 1167 875 1204 id
895 1166 1001 1218 quod
1020 1165 1282 1203 miserrimum
1303 1165 1368 1209 est,
1399 1178 1478 1202 non
1499 1166 1697 1217 expectat5
1729 1163 1806 1202 hoc

396 1246 527 1274 tamen
547 1236 587 1273 in
615 1233 776 1272 miseriis
807 1232 1031 1284 adjumento
1062 1239 1101 1268 et
1131 1229 1264 1268 solatio
1290 1229 1520 1268 sublevatur.
1565 1230 1687 1281 Cujus
1719 1243 1807 1268 vero

397 1304 498 1348 bona
517 1301 718 1339 venierunt
733 1318 744 1345 ς
777 1300 887 1351 cujus
909 1311 986 1336 non
1013 1296 1131 1335 modo
1158 1297 1233 1336 illae
1253 1297 1492 1350 ampliffimae
1518 1295 1697 1342 fortunae‚
1728 1297 1805 1342 sed,

396 1371 513 1408 etiarn
547 1369 669 1406 vietus
703 1365 934 1418 vestitusque
968 1363 1191 1402 necefl‘arius
1212 1363 1281 1402 sub
1315 1377 1490 1416 praecone
1509 1377 1603 1401 cum
1623 1363 1807 1402 dedecore

397 1436 588 1488 subjecffus
609 1434 661 1471 est
677 1452 688 1478 ς
721 1432 752 1471 is
774 1445 851 1470 non
872 1431 990 1469 modo
1009 1444 1057 1469 ex
1077 1444 1240 1468 numero
1269 1431 1446 1468 vivorum
1467 1430 1707 1475 exturbatur,
1729 1430 1806 1475 sed,

398 1503 424 1541 fi
445 1503 524 1540 fieri
547 1500 679 1554 potest,
698 1498 797 1537 infra
817 1499 933 1536 etiam
955 1508 1128 1536 mortuos
1149 1496 1387 1536 amandatus.
1421 1497 1580 1535 Etenim
1607 1510 1710 1534 mors
1730 1496 1807 1534 ho-

399 1569 499 1606 nesta
534 1568 626 1619 saepe
659 1567 779 1604 vitam
801 1578 957 1617 quoque
980 1575 1133 1616 turpem
1153 1572 1311 1602 exornat
1329 1577 1337 1602 ε
1373 1563 1451 1601 vita
1479 1563 1601 1616 turpis
1623 1576 1670 1601 ne
1689 1562 1808 1601 morti

397 1636 557 1688 quidem
578 1632 743 1672 honestat:
763 1632 895 1670 locum
916 1632 1115 1683 relinquit.

452 1702 557 1753 Ergo
586 1699 755 1743 hercule,
787 1699 896 1750 cujus
929 1698 1029 1735 bona
1048 1711 1096 1736 ex
1115 1698 1240 1736 edicto
1259 1697 1506 1751 possidentur,
1539 1696 1657 1750 hujus
1679 1696 1807 1736 omnis

397 1768 513 1811 fama,
544 1776 580 1804 et
601 1765 831 1804 existimatio
863 1778 955 1802 cum
976 1765 1086 1802 bonis
1107 1764 1220 1802 fimul
1240 1764 1474 1817 possidetur:
1506 1764 1553 1801 de
1584 1776 1664 1815 quo
1683 1763 1809 1801 libelli

398 1836 437 1873 in
458 1833 716 1872 celeberrimis
749 1833 844 1870 locis
866 1841 1148 1884 proponuntur,
1181 1830 1274 1868 huic
1295 1845 1344 1868 ne
1363 1831 1487 1883 perire
1507 1830 1667 1882 quidem
1687 1838 1806 1874 certe,

401 1902 528 1944 tacite,
574 1899 809 1950 obscureque
838 1897 1090 1935 conceditur:
1136 1897 1200 1934 cui
1231 1896 1401 1949 magistri
1433 1895 1546 1941 fiunt,
1589 1905 1626 1933 et
1656 1895 1809 1933 domini

399 1967 700 2009 constituuntur,
732 1965 815 2016 qui,
839 1977 914 2016 qua
945 1964 1042 2016 lege,
1074 1972 1112 2000 et
1131 1976 1206 2015 qua
1226 1962 1449 2001 conditione
1470 1971 1610 2015 pereat,
1634 1976 1808 2015 pronun-

400 2035 497 2072 tient
516 2049 524 2071 ;
557 2033 602 2070 de
623 2046 700 2085 quo
721 2030 881 2069 homine
909 2031 1093 2084 praeconis
1113 2044 1189 2068 vox
1208 2030 1404 2083 praedicat,
1435 2039 1473 2068 et
1493 2030 1663 2082 pretium
1682 2028 1808 2068 confi-

399 2101 467 2144 cit,
490 2098 582 2136 huic
603 2097 886 2135 acerbiffimum
919 2097 1006 2134 vivo
1035 2095 1260 2148 videntique
1280 2094 1397 2133 funus
1418 2096 1600 2140 ducitur3
1633 2095 1657 2133 fi
1689 2094 1808 2133 funus

398 2166 438 2203 id
459 2164 682 2202 habendum
703 2163 760 2207 sit,
795 2177 873 2215 quo
895 2177 971 2201 non
1005 2162 1122 2200 amici
1143 2162 1378 2200 conveniunt
1408 2162 1454 2199 ad
1483 2162 1662 2213 exequias
1683 2159 1806 2199 coho-

397 2230 607 2275 nestmdas,
647 2229 707 2267 sed
743 2229 935 2267 bonorum
969 2237 1176 2281 emptores,
1221 2238 1265 2266 ut
1296 2227 1508 2273 carnifices,
1553 2227 1600 2264 ad
1627 2226 1806 2279 reliquias

399 2297 485 2334 vitae
507 2295 719 2333 lacerandas
741 2304 778 2332 et
799 2293 1069 2332 distrahendas.

459 2363 570 2400 XVI.
606 2364 738 2413 Itaque
760 2363 919 2413 majores
953 2361 1067 2398 nostri
1089 2374 1170 2398 raro
1191 2361 1229 2398 id
1251 2360 1421 2398 accidere
1442 2360 1670 2403 voluerunt;
1703 2360 1806 2397 Prae-

402 2439 513 2471 tores,
534 2440 573 2465 ut
595 2428 823 2466 considerate
845 2428 962 2472 fieret,
981 2437 1312 2480 comparaverunt.
1337 2428 1422 2465 Viri
1444 2427 1550 2472 boni,
1570 2440 1662 2465 cum
1681 2426 1808 2479 palam

399 2494 636 2538 fraudantur,
670 2508 763 2533 cuin
796 2494 1016 2549 experiendi
1037 2494 1197 2547 potestas
1231 2508 1308 2533 non
1328 2493 1394 2539 est,
1427 2493 1564 2532 timide
1591 2502 1734 2537 tamen,
1770 2501 1808 2530 et
