2201 2792
558 183 631 253 358
976 202 1077 241 IN
1148 203 1528 243 VERREM

554 301 772 346 decumani,
809 302 852 354 (fi
869 303 1028 354 quidem
1049 303 1233 348 doeumae,
1263 317 1305 342 ac
1326 317 1402 342 non
1424 304 1524 343 bona
1543 303 1723 342 venibant
1743 302 1952 353 aratorum)

555 378 598 405 ut
619 369 794 420 pluribus
825 369 1021 422 aliquanto
1051 370 1260 408 medimnis
1281 370 1460 408 decumas
1486 379 1642 415 emeret,
1675 383 1792 423 quam
1820 370 1956 422 jugera

553 444 660 472 erant
679 435 752 472 sata
769 435 782 471 ?

597 502 788 539 XLVIII.
813 502 858 539 In
874 502 1068 540 Leontino
1083 502 1268 555 jugerum
1289 501 1529 556 subscriptio,
1555 516 1597 541 ac
1613 501 1789 556 profeffio
1810 515 1888 540 non
1901 499 1955 538 est

552 567 640 619 plus
661 582 748 605 xxx
764 568 951 606 millium.
974 569 1161 607 Decumae
1176 583 1301 607 xxxvl
1326 569 1534 607 medimnis
1550 569 1762 607 venierunt.
1786 567 1951 611 Erravit,

553 646 599 671 an
619 635 746 686 potius
767 634 958 679 insanivit,
990 635 1215 687 Apronius?
1246 636 1372 673 immo
1402 644 1489 673 tum
1508 634 1709 680 insaniffet,
1742 634 1768 672 fi
1794 632 1952 672 aratori-

552 699 638 744 bus,
660 700 764 752 quod
785 701 976 745 deberent,
998 700 1155 739 licitum
1175 700 1291 746 effet3
1323 711 1361 739 et
1391 715 1482 746 non,
1512 702 1616 754 quod
1647 701 1842 754 Apronius
1873 699 1953 737 im-

550 767 721 818 peraffet,
744 766 887 805 neceffe
906 766 1033 805 fuiffet
1053 767 1153 805 dare.
1191 768 1230 806 Si
1258 767 1427 813 ostendo,
1448 768 1578 806 minus
1599 768 1720 806 tribus
1742 765 1950 805 medimnis

549 832 591 870 in
605 834 788 885 jugerum
809 834 1008 872 neminem
1028 834 1166 872 dediffe
1185 834 1356 873 decumae
1372 853 1383 879 ;
1401 835 1601 880 concedes,
1623 835 1774 887 opinor,
1794 842 1837 871 ut
1857 845 1952 871 cum

550 899 702 937 decimo
732 899 878 937 fructus
910 900 1088 939 arationis
1119 911 1321 954 perceptus
1355 901 1413 945 fit,
1449 902 1648 939 neminem
1675 901 1804 938 minus
1826 900 1949 937 tribus

547 965 722 1003 decumis
756 965 907 1004 dediffe.
967 967 1093 1018 Atqui
1113 965 1189 1005 hoc
1220 968 1261 1004 in
1294 966 1469 1004 beneficii
1502 967 1587 1004 loco
1618 967 1787 1018 petitum
1818 965 1870 1002 est
1900 965 1948 1003 ab

547 1033 737 1084 Apronio,
769 1041 812 1069 ut
832 1032 1021 1084 injugera
1041 1032 1186 1085 singula
1206 1033 1321 1070 ternis
1357 1033 1566 1070 medimnis
1597 1032 1770 1070 decidere
1801 1031 1945 1069 liceret.

547 1098 652 1136 Nam
675 1112 767 1136 cum
787 1112 807 1135 a
826 1098 961 1135 multis
983 1108 1176 1150 quaterna,
1207 1099 1321 1136 etiam
1343 1099 1475 1150 quina,
1505 1099 1760 1151 exigerentur,
1795 1098 1948 1150 (multis

547 1174 674 1202 autem
697 1178 773 1202 non
795 1164 911 1202 modo
930 1178 1094 1216 granum
1115 1165 1284 1209 nullum,
1307 1165 1368 1202 sed
1388 1178 1435 1202 ne
1454 1165 1568 1216 paleae
1589 1165 1748 1216 quidem
1769 1177 1816 1202 ex
1837 1164 1947 1202 omni

545 1229 687 1274 fructu,
709 1240 822 1282 atque
842 1243 890 1267 ex
909 1244 1037 1267 annuo
1058 1230 1186 1268 labore
1205 1230 1527 1281 relinquerentur)
1552 1239 1636 1267 tum
1657 1239 1817 1267 aratores
1839 1231 1945 1268 Cen-

546 1296 720 1348 turipini,
743 1297 811 1348 qui
831 1309 1014 1333 numerus
1035 1296 1074 1333 in
1109 1309 1199 1348 agro
1220 1296 1413 1334 Leontino
1444 1297 1639 1334 maximus
1662 1296 1727 1340 est,
1760 1310 1882 1334 unum
1903 1297 1945 1334 in

544 1362 676 1400 locum
703 1372 997 1406 convenerunt,
1028 1361 1231 1400 hominem
1263 1362 1335 1400 suae
1356 1362 1535 1407 civitatis,
1566 1363 1606 1400 in
1635 1363 1770 1415 primis
1802 1362 1942 1401 hones·

544 1437 629 1466 tum
650 1441 691 1466 ac
714 1428 900 1472 nobilem,
932 1428 1161 1466 Andronem
1194 1428 1509 1480 Centuripinum,
1546 1428 1721 1480 legarunt
1746 1429 1791 1466 ad
1812 1430 1943 1481 Apro-

542 1494 668 1539 nium,
707 1493 905 1545 (eundem,
951 1506 1070 1545 quem
1099 1491 1175 1530 hoc
1210 1502 1381 1545 tempore
1409 1493 1455 1531 ad
1486 1492 1562 1532 hoc
1591 1494 1802 1545 judicium,
1838 1494 1942 1547 lega-

540 1570 652 1605 tum,
694 1570 731 1598 et
762 1560 895 1598 testem
927 1560 1183 1612 Centuripina
1222 1560 1353 1597 civitas
1396 1560 1528 1612 misit)
1571 1570 1614 1598 ut
1646 1561 1677 1599 is
1711 1561 1812 1613 apud
1849 1575 1941 1600 eum

540 1626 689 1664 causam
720 1635 910 1664 aratorum
941 1634 1092 1677 ageret,
1134 1625 1181 1663 ab
1216 1638 1337 1678 eoque
1371 1635 1539 1679 peteret,
1571 1635 1614 1663 ut
1648 1626 1694 1664 ab
1731 1627 1941 1666 aratoribus

541 1693 806 1746 Centuripinis
828 1705 874 1730 ne
895 1692 1060 1745 amplius
1082 1692 1121 1730 in
1136 1692 1447 1747 jugerabfingula,
1465 1706 1583 1745 quam
1604 1702 1709 1731 terna
1729 1694 1940 1740 medimna,

538 1758 720 1810 exigeret.

593 1825 685 1862 Hoc
707 1824 770 1862 vix
790 1824 837 1862 ab
859 1823 1034 1876 Apronio
1054 1823 1094 1861 in
1115 1823 1268 1862 summo
1298 1824 1500 1869 beneficio,
1535 1838 1605 1877 pro
1637 1825 1698 1869 iis,
1733 1825 1802 1877 qui
1821 1825 1938 1864 etiam

539 1898 624 1927 tum
645 1890 859 1927 incolumes
890 1898 1010 1932 erant,
1045 1888 1296 1940 impetratum
1317 1889 1382 1927 est,
1443 1890 1488 1927 Id
1521 1902 1613 1926 cum
1647 1890 1937 1942 impetrabatur,

537 1952 612 1991 hoc
634 1954 812 1991 videlicet
845 1953 1135 2005 impetrabatur,
1167 1963 1209 1990 ut
1240 1967 1310 2005 pro
1339 1954 1497 2006 lingulis
1518 1954 1690 1992 decumis
1726 1964 1848 1992 ternas
1869 1956 1936 1993 de-

537 2031 668 2056 cumas
703 2018 789 2056 dare
818 2017 961 2056 liceret.
994 2017 1111 2067 Qod
1141 2018 1167 2055 fi
1197 2028 1260 2056 tua
1294 2032 1350 2056 res
1372 2032 1448 2056 non
1469 2029 1655 2072 ageretur,
1687 2033 1708 2057 a
1741 2029 1778 2057 te
1808 2021 1936 2073 potius

537 2085 783 2137 postularent,
828 2097 875 2122 ne
908 2084 1089 2137 amplius,
1125 2098 1243 2136 quam
1276 2085 1460 2138 singulas,
1505 2100 1623 2138 quam
1654 2087 1701 2124 ab
1735 2088 1934 2139 Apronio,

537 2159 579 2188 ut
599 2164 647 2188 ne
666 2150 768 2203 plus,
800 2163 916 2202 quarn
939 2159 1060 2188 ternas
1095 2150 1274 2188 decumas
1305 2151 1451 2189 darent.
1510 2152 1647 2198 Nunc,
1676 2162 1718 2190 ut
1738 2151 1813 2190 hoc
1835 2163 1934 2192 tem-

536 2230 626 2269 pore
658 2230 719 2261 ea,
751 2230 834 2269 quae
869 2216 994 2268 regie,
1025 2216 1087 2253 seu
1121 2217 1248 2268 potius
1284 2218 1503 2269 tyrannice,
1538 2218 1668 2256 statuit
1703 2219 1743 2256 in
1774 2228 1935 2257 aratores

535 2283 745 2336 Apronius,
776 2283 1094 2335 praetermittam3
1127 2295 1251 2334 neque
1285 2297 1347 2322 eos
1381 2284 1586 2336 appellem,
1618 2297 1637 2320 a
1657 2284 1799 2336 quibus
1819 2298 1935 2323 omne

534 2348 778 2387 frumentum
808 2347 962 2401 eripuit,
993 2357 1030 2385 et
1061 2349 1201 2400 quibus
1234 2348 1331 2386 nihil
1364 2363 1442 2387 non
1468 2349 1587 2387 modo
1619 2350 1666 2387 de
1696 2349 1838 2395 fructu,
1872 2351 1932 2389 sed

534 2428 582 2452 ne
602 2415 648 2452 de
675 2415 785 2453 bonis
806 2414 966 2467 quidem
985 2414 1059 2452 suis
1091 2415 1229 2466 reliqui
1259 2413 1374 2459 fecit;
1406 2429 1452 2453 ex
1485 2415 1546 2453 his
1578 2416 1693 2454 ternis
1724 2417 1933 2455 medimnis

537 2481 660 2532 (quod
682 2480 872 2528 beneficii,
902 2480 1108 2535 gratiaeque
1139 2479 1245 2520 causa
1272 2481 1469 2535 conceffit)
1492 2481 1586 2535 quid
1606 2482 1703 2522 lucri
1722 2481 1801 2530 fiat,
1837 2496 1931 2536 cog-

534 2546 687 2587 noscite.
