2201 2792
536 236 617 279 228
965 237 1055 276 IN
1130 235 1508 274 VERREM

538 341 664 370 tenere
684 333 781 371 vult.
805 333 894 371 Hoc
911 333 1077 386 populus
1099 334 1299 372 Romanus
1316 333 1473 378 recusat,
1488 332 1562 371 hoc
1579 331 1675 371 ferre
1690 344 1767 370 non
1784 331 1906 384 potest
1918 348 1932 376 ς

538 399 693 443 clamat,
726 399 993 451 permittitque
1014 399 1136 444 vobis,
1158 408 1214 443 ut,
1246 400 1271 436 fi
1304 399 1380 437 istis
1414 398 1641 437 hominibus
1673 397 1932 441 deled‘oemini,

537 464 563 500 fi
595 478 642 502 ex
660 464 735 502 hoc
769 477 906 516 genere
927 464 1164 516 splendorem
1199 464 1338 508 ordini,
1371 474 1484 517 atque
1514 473 1785 503 ornamentum
1818 462 1933 500 curiae

537 530 763 568 constituere
778 531 916 575 velitis,
934 529 1102 568 habeatis
1119 530 1202 567 sane
1221 530 1421 568 vobiscum
1438 531 1551 568 istum
1564 530 1769 567 senatorem
1785 548 1796 574 ³
1816 529 1933 566 istum

537 597 652 633 etiam
675 597 720 634 de
741 596 848 634 vobis
875 596 1063 647 judicem,
1099 597 1124 633 fi
1156 596 1287 640 vultis,
1318 595 1515 633 habeatis:
1548 596 1594 633 de
1614 595 1649 632 se
1682 594 1874 638 homines,
1905 592 1932 630 fi

538 662 606 712 qui
627 671 731 699 extra
758 662 873 699 istum
893 662 1066 699 ordinem
1088 662 1187 706 sunt,
1218 662 1358 714 quibus
1380 675 1426 699 ne
1452 661 1647 713 rejiciendi
1668 660 1826 712 quidem
1846 672 1932 696 am-

536 727 653 779 plius,
671 741 789 780 quam
809 728 927 765 trium
943 729 1139 780 judicum,
1157 728 1343 780 praeclarae
1362 728 1462 779 leges
1485 727 1672 765 Corneliae
1692 725 1840 764 faciunt
1858 737 1932 777 po-

536 793 722 839 testatem,
741 793 846 832 hunc
865 793 1068 832 homiuem
1085 804 1162 833 tam
1180 794 1388 840 crudelem,
1407 803 1486 832 tam
1502 793 1740 838 sceleratum,
1762 800 1841 830 tam
1861 804 1931 829 ne-

536 857 692 903 farium,
716 860 853 898 nolunt
867 861 1052 911 judicare.

591 925 764 962 XXXII.
797 926 955 963 Etenim
977 926 1001 963 fi
1022 926 1119 964 illud
1145 926 1197 963 est
1230 926 1459 978 flagitiosum
1484 926 1607 978 (quod
1628 924 1727 963 mihi
1752 923 1933 961 omnium

536 1003 663 1027 rerum
693 990 968 1043 turpiffimum,
990 992 1233 1043 maximeque
1254 991 1445 1028 nefarium
1466 991 1632 1042 videtur)
1655 990 1705 1028 ob
1726 1003 1805 1027 rem
1820 988 1930 1041 judi-

536 1055 696 1093 candam
717 1057 921 1108 pecuniam
941 1058 1125 1109 accipere,
1142 1057 1266 1108 pretio
1285 1056 1424 1094 habere
1443 1057 1633 1094 addietam
1650 1056 1767 1094 fidem
1783 1064 1821 1093 et
1840 1054 1932 1093 reli-

535 1122 720 1173 gionem;
752 1131 896 1174 quanto
916 1122 1013 1160 illud
1034 1122 1268 1174 flagitiofius,
1290 1123 1519 1175 improbius,
1552 1123 1763 1175 indignius,
1784 1135 1890 1166 eum,
1911 1133 1932 1158 a

535 1201 615 1238 quo
635 1189 838 1240 pecuniam
854 1188 904 1225 ob
924 1187 1197 1226 absolvendum
1214 1189 1417 1240 acceperis,
1431 1189 1698 1232 condemnare,
1715 1197 1757 1225 ut
1774 1201 1820 1225 ne
1832 1200 1931 1240 prae-

536 1253 683 1291 donum
704 1254 862 1306 quidem
885 1255 1025 1292 Praetor
1056 1255 1094 1291 in
1117 1254 1190 1291 fide
1210 1254 1405 1292 retinenda
1434 1254 1750 1292 consuetudinem
1780 1253 1931 1291 conser-

534 1328 636 1357 varet
655 1319 666 1354 ?
699 1319 827 1357 Scelus
849 1319 900 1356 est
920 1320 1089 1372 accipere
1108 1320 1154 1357 ab
1176 1333 1238 1358 reo
1256 1335 1264 1358 :
1297 1329 1441 1372 quanto
1472 1321 1594 1372 magis
1623 1320 1669 1357 ab
1690 1319 1928 1357 accusatore?

535 1394 679 1436 quanto
712 1386 827 1422 etiam
848 1384 1061 1423 sceleratius
1088 1385 1134 1423 ab
1165 1386 1359 1437 utroque?
1391 1386 1528 1423 Fidem
1560 1400 1651 1423 cum
1683 1384 1930 1438 proposuisses

534 1451 706 1489 venalem
729 1451 767 1488 in
788 1451 995 1503 provincia,
1013 1451 1132 1488 valuit
1151 1452 1251 1503 apud
1272 1461 1308 1489 te
1327 1451 1413 1504 plus
1433 1452 1479 1496 is,
1495 1452 1561 1504 qui
1582 1452 1785 1504 pecuniam
1806 1451 1930 1502 majo-

535 1530 615 1554 rem
637 1516 756 1553 dedit.
790 1516 986 1554 Concedo.
1024 1516 1194 1554 Forsitan
1220 1517 1358 1568 aliquis
1380 1517 1584 1568 aliquando
1604 1516 1790 1568 ejusmodi
1811 1516 1929 1568 quip-

534 1583 637 1633 piam
672 1580 817 1619 fecerit.
851 1582 955 1619 Cum
984 1595 1071 1619 vero
1102 1581 1220 1619 fidem
1254 1595 1295 1619 ac
1327 1582 1554 1634 religionem
1575 1591 1680 1619 tuam
1709 1582 1791 1633 jam
1821 1581 1930 1619 alteri

534 1647 722 1685 addictam
743 1647 905 1699 pecunia
925 1647 1078 1699 accepta
1103 1646 1295 1693 habueris,
1325 1648 1408 1700 post
1437 1648 1597 1685 eandem
1626 1647 1832 1685 adversario
1853 1655 1929 1684 tra-

534 1713 674 1751 dideris
703 1713 845 1764 majore
877 1712 1063 1764 pecunia3
1096 1712 1304 1764 utrumque
1336 1711 1476 1750 falles?
1507 1721 1545 1750 et
1567 1713 1687 1751 trades
1708 1712 1772 1750 cui
1792 1712 1894 1751 voles
1915 1712 1928 1750 ?

533 1788 571 1817 et
590 1780 638 1833 ei,
661 1792 779 1831 quern
800 1777 996 1822 fefelleris,
1018 1790 1065 1815 ne
1085 1778 1290 1829 pecuniam
1310 1778 1469 1830 quidem
1490 1778 1649 1816 reddes?

589 1846 721 1895 Qem
755 1842 855 1881 mihi
896 1851 937 1880 tu
969 1842 1141 1879 Bulbum
1157 1871 1169 1887 ‚
1206 1856 1323 1894 quem
1358 1843 1553 1881 Stalenum
1569 1871 1581 1887 ,
1619 1843 1723 1894 quod
1756 1856 1929 1894 unquam

533 1909 755 1961 hujusmodi
790 1907 1018 1952 monstrum,
1055 1916 1118 1944 aut
1148 1907 1371 1959 prodigium
1390 1908 1622 1952 audivimus,
1652 1916 1717 1945 aut
1744 1908 1927 1953 vidimus,

534 1975 604 2026 qui
635 1988 726 2012 cum
747 1987 809 2011 reo
840 1972 1029 2023 transigat,
1061 1972 1144 2023 post
1177 1985 1268 2010 cum
1299 1972 1511 2010 accusatore
1542 1973 1721 2011 decidat?
1752 1972 1928 2011 honestos

535 2040 725 2084 homines,
748 2039 815 2090 qui
836 2038 985 2076 causam
1006 2038 1149 2082 norint,
1171 2038 1333 2090 ableget,
1363 2039 1598 2090 consilioque
1617 2040 1787 2077 dimittat
1805 2040 1818 2076 ?
1850 2040 1930 2092 ipse

535 2107 635 2145 solus
657 2120 765 2144 reum
797 2105 1028 2149 absolutum,
1059 2118 1079 2141 a
1111 2118 1189 2156 quo
1216 2106 1419 2156 pecuniam
1450 2106 1650 2158 acceperit,
1683 2106 1928 2151 condemnet,

536 2173 817 2225 pecuniamque
838 2185 915 2208 non
937 2171 1064 2208 reddat
1083 2171 1095 2207 ?
1128 2171 1248 2209 Hunc
1270 2171 1471 2209 hominem
1492 2172 1531 2209 in
1560 2172 1742 2223 judicum
1766 2185 1929 2210 numero

534 2238 764 2276 habebimus
783 2237 795 2273 ?
826 2235 892 2273 hic
921 2236 1077 2273 alteram
1114 2236 1306 2274 decuriam
1328 2237 1548 2275 senatoriam
1565 2237 1684 2289 judex
1703 2237 1927 2274 obtinebit?

535 2303 601 2342 hic
621 2304 667 2342 de
687 2303 810 2355 capite
832 2302 952 2339 libero
967 2301 1156 2353 judicabit
1175 2302 1186 2337 ?
1218 2301 1311 2339 huic
1329 2303 1523 2354 judicialis
1545 2302 1681 2339 tabella
1700 2303 1927 2339 committe-

536 2381 598 2408 tur
616 2371 628 2406 ?
661 2382 777 2421 quam
798 2368 863 2405 iste
884 2381 960 2405 non
990 2366 1107 2404 modo
1127 2380 1223 2411 cera,
1256 2380 1387 2405 verum
1408 2368 1523 2405 etiam
1541 2367 1735 2419 sanguine,
1757 2367 1783 2405 fi
1804 2367 1927 2407 visum

535 2436 620 2479 erit,
644 2434 804 2472 notabit.

591 2500 785 2537 XXXIII.
818 2499 925 2550 Qid
945 2499 1049 2536 enim
1069 2497 1210 2536 horum
1245 2497 1278 2535 se
1312 2507 1423 2550 negat
1449 2497 1605 2536 fecisse?
1636 2498 1734 2536 illud
1753 2499 1929 2537 videlicet

537 2578 674 2610 unum,
696 2564 799 2617 quod
825 2563 967 2602 necesse
987 2563 1051 2609 est,
1078 2564 1280 2616 pecuniam
1301 2563 1494 2616 accepisse.
1528 2563 1678 2615 Qidni
1697 2564 1764 2602 iste
1783 2573 1895 2617 neget
1914 2565 1926 2601 ?
