2201 2792
312 171 1695 253 ARGUMENTA

416 333 1645 394 ORATloNuM.

328 503 611 557 Argumentum.
838 501 918 540 Pro
946 499 997 539 P.
1027 500 1189 551 Qintt'o.
1630 513 1668 554 p.
1686 510 1706 538 2
1712 509 1748 553 ς.

370 588 466 624 UM
489 587 573 623 olim
598 598 702 622 annos
726 585 857 634 aliquot
884 586 973 621 inter
995 587 1074 622 Sex.
1100 585 1258 620 Navium
1284 596 1484 632 praeconem
1511 594 1546 620 et
1573 585 1615 620 C.
1634 584 1750 634 Qin-

391 637 480 672 tiurn
496 637 539 672 de
557 636 657 683 plebe
676 637 834 670 Romana
852 635 1030 670 hominem
1057 634 1196 670 societas
1214 645 1342 676 rerum,
1369 646 1451 680 quae
1469 634 1503 669 in
1522 633 1635 669 Gallia
1651 645 1749 668 com-

274 684 496 731 parabantur,
521 683 647 725 fuisset,
677 684 822 718 moritur
845 684 886 719 C.
906 683 1089 730 Qintius,
1115 682 1328 730 fratremque
1355 683 1521 718 Publium
1547 682 1751 718 testamento

275 733 439 768 heredem
462 732 554 768 facit.
598 733 768 768 Dissoluta
790 732 856 767 hoc
878 734 982 767 modo
1007 732 1177 774 societate,
1193 731 1318 777 judicio
1334 732 1488 778 primum
1506 732 1550 766 de
1568 730 1750 766 communi

276 780 484 824 dividundo,
514 782 547 817 h.
566 793 595 816 e.
623 781 646 816 fi
679 792 760 828 quae
790 781 833 816 de
863 781 1059 815 communis
1085 781 1207 828 praedii
1232 780 1396 815 divisione
1421 780 1496 815 lites
1527 781 1614 815 inter
1642 779 1750 814 socios

276 838 364 865 ortae
385 831 515 872 essent;
542 830 634 871 dein,
656 829 681 864 s1
707 829 792 876 quid
818 830 862 864 ab
887 830 1050 864 alterutro
1072 830 1268 870 deberetur,
1290 838 1352 874 pro
1367 829 1452 872 socio
1466 828 1589 875 judicio
1613 829 1668 863 vel
1694 839 1751 862 ar-

276 876 386 922 bitrio,
413 878 446 913 h.
464 890 495 914 e.
516 877 652 926 judicio
674 877 852 919 societatis,
878 878 903 913 si
926 877 1003 925 quis
1027 877 1093 913 scil.
1115 878 1244 913 socium
1271 876 1464 919 fraudasset,
1489 877 1751 924 disceptandum

275 935 361 962 erat.
418 927 502 962 Hoc
531 939 612 962 culn
641 926 784 973 sumptis
813 927 901 961 intra
929 926 1074 973 parietes
1104 926 1308 961 domesticos
1342 926 1476 961 arbitris
1510 925 1648 972 transigi
1680 935 1752 960 non

276 975 450 1022 potuisset,
477 976 594 1022 resque
615 975 811 1022 aliquandiu
835 976 866 1009 in
886 975 1124 1010 vadimonium
1149 975 1274 1015 fuisset,
1300 975 1394 1021 quod
1417 974 1642 1020 permittente
1662 985 1751 1020 prae-

279 1031 355 1059 tore
380 1023 465 1059 alter
494 1024 640 1058 alterum
667 1024 810 1059 vadatus
841 1033 925 1063 erat,
952 1023 985 1058 h.
1003 1035 1032 1058 e.
1062 1022 1266 1069 fidejussores
1289 1022 1309 1058 s.
1333 1024 1439 1057 vades
1464 1022 1662 1069 postularat,
1688 1021 1750 1068 qui

277 1071 427 1106 alterum
443 1072 683 1106 vadimonium
701 1073 880 1107 obiturum
898 1071 957 1106 suo
973 1072 1128 1119 periculo
1145 1071 1353 1116 praestarent,
1381 1071 1486 1119 idque
1509 1070 1751 1106 vadimonium

276 1117 513 1167 saepenumero
530 1120 676 1155 dilatum
696 1120 800 1161 esset;
828 1120 967 1154 tandem
992 1120 1071 1155 Sex.
1089 1120 1246 1160 Naevius,
1273 1120 1317 1155 L.
1338 1119 1498 1167 Scipione
1520 1120 1561 1154 C.
1579 1119 1751 1154 Norbano

276 1166 369 1203 Coss.
387 1179 469 1203 curn
488 1169 528 1203 P.
548 1168 718 1214 Quintius
736 1168 771 1203 in
793 1168 943 1202 Galliam
961 1168 1136 1215 profectus
1153 1168 1244 1209 esset,
1265 1168 1362 1203 testes
1380 1168 1576 1216 complures
1594 1168 1751 1215 sumpsit,

275 1215 311 1251 se
333 1217 572 1252 vadimonium
598 1217 722 1258 stitisse,
748 1217 788 1252 P.
809 1216 999 1262 Qintium
1023 1216 1211 1253 deseruisse.
1261 1216 1349 1252 Eam
1374 1217 1587 1252 testationem
1607 1228 1689 1251 cum
1707 1217 1752 1252 ad

276 1264 319 1299 P.
352 1265 558 1300 Burrienum
593 1266 779 1300 Praetorem
810 1265 977 1308 edidisset,
1010 1265 1195 1313 postulavit
1224 1276 1261 1299 ex
1289 1265 1383 1300 edim
1409 1265 1582 1307 Praetoris,
1616 1275 1657 1299 ut
1686 1264 1749 1301 fibi

278 1312 418 1359 Qintii
438 1313 540 1354 bona,
579 1313 671 1359 quasi
693 1313 854 1348 latitantis
881 1314 1058 1356 debitoris,
1085 1314 1251 1362 possidere
1269 1314 1396 1349 liceret.
1440 1314 1584 1355 Praetor,
1610 1314 1671 1360 qui
1688 1314 1750 1350 de·

277 1359 355 1396 serti
374 1362 560 1396 vadimonii
576 1362 709 1396 tabulas
725 1362 1028 1409 testimoniumque
1046 1364 1191 1404 audirer,
1219 1362 1392 1397 neminem
1411 1374 1526 1409 porro,
1552 1362 1612 1408 qui
1631 1362 1749 1397 absen-

278 1416 351 1444 tem
381 1410 570 1456 Qintium
606 1409 820 1452 defenderet,
851 1411 958 1445 adesse
988 1411 1133 1453 videret,
1159 1412 1188 1446 ei
1218 1412 1448 1458 possessionem
1479 1411 1646 1446 decernit.
1700 1411 1751 1446 lta

278 1457 426 1492 Naevius
449 1459 520 1493 dies
543 1458 682 1504 triginta
700 1459 865 1505 possedit:
895 1460 1022 1505 quibus
1041 1461 1180 1502 εκεὲὶῑε,
1207 1459 1326 1494 eadem
1347 1459 1436 1494 bona
1453 1459 1642 1506 proscribit,
1671 1471 1751 1494 auc-

279 1505 484 1553 tionemque
498 1507 530 1541 in
546 1507 638 1541 diem
655 1518 784 1541 certam
803 1507 987 1543 constituit.
1026 1509 1118 1543 Cum
1133 1520 1210 1544 ecce
1226 1507 1288 1542 tibi
1302 1509 1396 1543 Sext.
1411 1508 1596 1555 Alphenus
1611 1508 1750 1554 Quintil

278 1552 311 1589 se
336 1566 592 1602 procuratorem
620 1556 684 1589 esse
709 1556 904 1598 denuntiat,
931 1556 1113 1603 statimque
1139 1557 1174 1592 δε
1205 1557 1338 1591 libellos
1369 1555 1497 1602 dejicit,
1524 1567 1559 1591 et
1586 1568 1751 1603 puerum,

279 1613 387 1647 quem
417 1604 567 1638 Naevius
598 1603 804 1645 abducebat,
834 1605 960 1651 eripit·,
994 1605 1096 1652 seque
1125 1616 1284 1652 paratum
1313 1606 1377 1640 esse
1403 1604 1533 1650 judicio
1560 1605 1750 1652 Qintium

279 1650 477 1693 defendere,
503 1652 694 1698 profitetur.
739 1653 848 1688 Hunc
868 1654 1012 1688 Naevius
1031 1655 1064 1688 in
1077 1653 1135 1700 jus
1155 1655 1197 1688 ad
1215 1654 1255 1688 P.
1274 1653 1479 1688 Burrienum
1498 1663 1620 1688 vocat:
1650 1654 1750 1700 petit,

278 1707 319 1734 ut
337 1699 360 1734 fi
378 1700 459 1734 velit
476 1700 543 1735 Pro
555 1701 637 1745 socio
650 1700 774 1746 judicio
792 1702 829 1736 P.
849 1702 1038 1749 Qintium
1057 1702 1256 1744 defendere,
1264 1701 1444 1748 judicatum
1452 1702 1539 1746 solvi
1547 1702 1694 1747 satisdet,
1714 1702 1749 1738 h.

280 1759 313 1783 e.
329 1748 500 1794 sponsores
517 1749 577 1784 det
595 1750 795 1795 locupletes,
813 1752 874 1797 qui
894 1750 1102 1797 praestarent,
1125 1761 1260 1786 tantum
1281 1751 1428 1786 solutum
1448 1751 1487 1785 iri
1506 1752 1563 1785 suo
1581 1751 1750 1797 periculo,

281 1805 451 1842 quantum
471 1795 603 1842 judicio
626 1797 715 1833 fafto
740 1799 819 1833 solvi
841 1809 1027 1845 oporteret,
1055 1800 1079 1834 fi
1097 1800 1266 1844 Quintius
1284 1800 1515 1834 damnaretur.
1567 1798 1752 1846 Alphenus

281 1843 437 1879 satisdare
463 1857 529 1879 non
555 1846 694 1887 recusat,
722 1847 804 1881 dum
833 1848 922 1882 idem
950 1849 1088 1882 viciffim
1113 1848 1262 1882 Naevius
1285 1845 1397 1882 faciat.
1451 1847 1548 1882 Solos
1572 1850 1664 1882 enim
1692 1859 1751 1883 eos

281 1901 419 1927 tantum
437 1892 605 1935 satisdare,
633 1906 782 1939 quorum
811 1896 900 1930 bona
926 1908 967 1930 ex
989 1897 1100 1931 edic'to
1126 1897 1263 1943 possessa
1285 1897 1413 1930 essent:
1444 1896 1515 1930 haec
1538 1906 1654 1930 autem
1681 1908 1750 1931 non

280 1941 380 1976 fuisse
406 1953 450 1975 ex
472 1942 584 1977 edisto
605 1943 752 1989 possessa,
778 1955 934 1990 paratum
961 1947 989 1978 se
1014 1944 1210 1979 defendere.
1263 1944 1405 1986 Praetor,
1431 1946 1491 1990 qui
1519 1945 1752 1990 possessionem

280 1989 488 2030 decreverat,
515 2000 549 2024 et
573 1992 706 2037 possessa
726 1991 820 2025 fuisse
841 1994 928 2026 bona
957 1994 1181 2039 intelligebat,
1209 1993 1374 2034 decernit,
1398 2003 1437 2027 ut
1461 1993 1547 2026 solus
1566 1993 1752 2039 Alphenus

282 2037 442 2072 saxisdet:
471 2037 530 2084 qui
557 2049 644 2079 tum,
671 2041 761 2086 quasi
788 2039 947 2085 injustum
974 2042 1132 2076 Praetoris
1154 2042 1331 2076 decretum
1354 2042 1444 2082 esset,
1472 2042 1628 2075 tribunos
1657 2042 1750 2088 pleb.

284 2086 444 2132 appellat.
487 2087 531 2120 L.
553 2089 676 2122 Brutus
695 2100 712 2122 e
730 2089 847 2123 decem
867 2101 955 2124 unus
974 2090 1119 2125 ostendit
1137 2089 1167 2124 se
1187 2090 1455 2129 intercessurum,
1484 2089 1542 2123 nifi
1561 2090 1644 2135 quid
1665 2091 1754 2124 inter

282 2145 342 2169 eos
365 2135 571 2170 conveniret.
624 2136 795 2171 Convenit
824 2138 929 2183 igitur
954 2149 991 2172 ut
1018 2139 1130 2173 idibus
1157 2139 1332 2184 Septemb.
1353 2138 1384 2172 id
1408 2138 1468 2179 est,
1495 2138 1548 2172 sex
1575 2137 1751 2186 septemve

283 2182 358 2228 post
377 2183 547 2218 mensibus
569 2185 603 2218 Ρ.
625 2185 793 2236 Qintius
817 2185 943 2227 judicio
968 2186 996 2220 se
1025 2187 1157 2221 sisteret.
1211 2187 1312 2220 Venit
1337 2187 1517 2233 Qintius,
1546 2187 1647 2221 rebus
1667 2186 1752 2232 saepe

283 2230 410 2271 dilatis,
439 2231 590 2272 tandem,
620 2233 650 2265 in
667 2245 721 2277 jus·
741 2234 780 2267 ad
803 2235 839 2268 P.
863 2235 1078 2269 Dolabellam
1100 2238 1285 2269 l’raezorem
1314 2236 1420 2276 urbis,
1448 2235 1502 2270 M.
1521 2235 1657 2276 Tullio,
1685 2236 1751 2271 Cn.

282 2278 464 2313 Dolabella
487 2280 575 2314 Coss.
609 2280 683 2314 itur.
738 2282 789 2315 lbi
809 2283 967 2323 Naevius,
989 2282 1159 2328 judicium
1180 2284 1358 2317 communi
1381 2283 1573 2317 dividundo
1592 2283 1751 2330 postulat,

283 2338 365 2362 cum
390 2339 443 2369 eo,
472 2338 509 2361 ut
536 2329 702 2375 (Quintius
730 2331 877 2371 satisdet,
905 2332 1034 2377 quippe
1060 2331 1157 2377 cujus
1185 2332 1274 2365 bona
1299 2343 1342 2366 ex
1372 2332 1484 2366 edicto
1515 2332 1652 2377 possessa
1676 2332 1751 2368 sint.

282 2376 450 2422 Qintius
473 2374 630 2410 satisdare
654 2378 794 2419 recusat,
821 2379 914 2424 quasi
938 2379 992 2413 sua
1012 2381 1100 2414 bona
1117 2392 1158 2414 ex
1175 2380 1288 2414 edicto
1305 2380 1439 2426 possessa
1458 2391 1525 2414 non
1550 2379 1625 2415 sint.
1677 2381 1751 2415 Do-

279 2423 402 2460 labella
419 2425 583 2467 decernit,
612 2435 649 2459 ut
668 2436 724 2460 aut
744 2427 889 2470 satisdet,
908 2436 966 2462 aut
975 2427 1160 2474 sponfionem
1178 2428 1301 2474 faciat,
1329 2429 1349 2463 i.
1369 2441 1399 2465 e.
1419 2438 1547 2464 certam
1566 2429 1749 2476 pecuniam
