2201 2792
482 160 557 199 268
912 161 1001 200 IN
1073 162 1455 209 VERREM

479 259 666 312 poenitere
697 259 854 306 diceret,
890 275 1007 313 quam
1042 262 1147 314 quod
1178 264 1224 301 C.
1250 263 1470 301 Carbonem
1501 275 1674 315 unquam
1704 262 1745 301 in
1774 261 1884 315 judi-

479 326 586 364 cium
608 326 829 365 vocaviss‘et:
863 328 992 365 minus
1013 329 1118 365 enim
1142 329 1276 366 liberas
1304 329 1484 366 omnium
1517 342 1645 367 rerum
1666 328 1882 366 voluntates

480 390 672 437 habebat;
705 402 743 430 et
772 393 1243 445 vitamsuam3pluribus,>
1261 407 1377 446 quam
1408 394 1539 440 vellet,
1569 394 1756 438 observari
1786 407 1881 432 ocu-

481 458 527 495 lis
558 458 822 497 arbitrabatur.
865 460 996 510 Atque
1030 459 1110 503 ille,
1142 458 1202 497 his
1237 460 1416 512 praefidiis
1450 461 1612 513 ingenii,
1644 460 1885 512 fortunaeque

481 525 670 570 munitus,
693 534 820 562 tamen
841 524 912 562 hac
933 539 1023 563 cura
1040 525 1321 570 continebatur,
1344 540 1462 578 quam
1483 526 1566 571 fibi,
1588 526 1763 564 nondum
1786 539 1883 563 con-

481 589 635 629 firmato
654 591 826 636 consilio,
849 591 909 629 sed
931 591 1088 629 ineunte
1108 601 1228 636 aetate,
1252 592 1470 644 susceperam
1504 592 1596 642 Qo
1616 592 1746 629 minus
1767 592 1886 629 etiam-

480 656 706 709 perspicitur
725 670 860 694 eorum
891 657 1025 702 virtus,
1055 666 1091 695 et
1111 658 1322 710 integritas,
1358 659 1425 710 qui
1446 659 1490 696 ad
1501 657 1610 696 -hanc
1636 671 1717 695 rem
1737 656 1883 695 adoles-

480 723 641 768 centuli,
671 736 788 775 quam
820 723 886 775 qui
916 724 1000 775 jam
1035 723 1185 761 firmata
1216 734 1335 769 aetate,
1372 724 1617 762 descendunt.
1663 723 1727 761 Illi
1761 723 1883 768 enim,

479 798 685 842 antequam
705 798 913 842 potuerunt
944 789 1167 836 existimare
1192 800 1337 843 quanto
1368 791 1524 833 liberior
1554 791 1632 831 vita
1659 789 1704 828 fit
1733 803 1883 835 eorum,

480 856 549 907 qui
580 857 777 894 neminem
812 856 1034 901 accusarint,
1065 857 1196 909 gloriae
1227 857 1349 903 causa,
1385 867 1499 910 atque
1529 856 1791 895 ostentationis
1817 870 1882 894 ac-

479 921 641 959 cusant:
674 935 758 966 nos,
796 922 863 974 qui
887 923 986 974 jam,
1017 932 1055 960 et
1085 923 1179 974 quid
1210 922 1346 968 facere,
1381 932 1418 960 et
1448 923 1682 975 quantulum
1711 922 1889 974 judicare

479 987 683 1040 poffemus,
711 987 961 1032 ostendimus,
992 988 1059 1025 nisi
1080 987 1193 1025 facile
1225 988 1454 1040 cupiditates
1475 988 1615 1026 nostras
1651 996 1883 1032 teneremus,

479 1066 680 1104 nunquam
712 1052 863 1105 ipsimet
883 1052 994 1090 nobis
1025 1053 1318 1106 praecideremus
1343 1053 1452 1091 istam
1479 1053 1697 1099 licentiam„
1724 1052 1884 1091 liberta-

479 1128 637 1171 temque
657 1119 824 1157 vivendi.

535 1186 587 1223 II.
611 1186 743 1237 Atque
763 1184 837 1223 hoc
858 1199 928 1238 ego
949 1185 1034 1238 plus
1056 1185 1180 1223 oneris
1201 1183 1336 1230 habeo,
1366 1199 1483 1237 quam
1505 1185 1572 1237 qui
1593 1194 1746 1223 caeteros
1767 1198 1884 1223 accu-

480 1251 619 1296 sarunt,
654 1251 697 1302 (fi
718 1264 814 1288 onus
835 1251 887 1288 est
907 1251 1259 1303 idappellandum,
1292 1241 1515 1303 quod-'cum
1547 1251 1678 1288 laetitia
1698 1250 1808 1295 feras,
1840 1263 1884 1288 ac

478 1317 692 1370 voluptate)
715 1326 965 1355 veruntamen
991 1316 1066 1355 hoc
1095 1331 1166 1369 ego
1197 1318 1362 1370 amplius
1389 1317 1547 1370 suscepi,
1581 1330 1698 1368 quam
1727 1317 1850 1354 caeteri
1868 1335 1881 1361 5

479 1383 584 1435 quod
615 1383 667 1420 ita
697 1382 908 1435 postulatur
938 1383 984 1421 ab
1018 1384 1213 1428 omnibus,
1245 1383 1363 1427 ut-ab
1386 1383 1432 1421 iis
1444 1383 1725 1427 ,seffabstineant
1755 1382 1902 1424 maxi-.

479 1464 542 1490 me
573 1449 692 1496 vitiis,
723 1449 762 1487 in
795 1450 949 1501 quibus¹
971 1450 1133 1495 alteru-m
1169 1449 1884 1503 reprehenderint„Furemssaliquem,

479 1526 738 1569 autrapacem
763 1516 975 1561 accusaris?
1008 1517 1166 1562 vitanda.
1188 1517 1259 1555 tibi
1292 1517 1438 1570 semper
1469 1517 1540 1560 erit
1571 1517 1881 1560 omnisavaritiae

478 1577 654 1636 suspicio.
699 1582 927 1628 Maleficum
958 1584 1189 1636 quempiam·
1212 1583 1427 1629 adduxeris,
1457 1593 1523 1622 aut
1557 1582 1785 1626 crudelem?
1817 1592 1897 1626 car‘

478 1649 646 1687 vendum
666 1648 737 1686 erit
758 1648 919 1701 semper,
935 1662 987 1695 'ne
1007 1662 1082 1701 qua
1102 1649 1144 1687 in
1158 1662 1201 1692 re
1221 1649 1397 1702 asperior,
1418 1658 1483 1693 aut
1503 1647 1905 1692 inhumanior-fuisse,—

477 1715 637 1754 videare.
671 1715 962 1768 Corruptorem,
994 1710 1241 1758 adulterum?
1271 1714 1801 1769 providendumdiligenter,
1834 1728 1883 1758 ne

478 1782 583 1833 quod
602 1781 643 1832 in
666 1781 742 1819 vita
762 1781 964 1834 vestigium
985 1781 1371 1835 libidinisappareats
1404 1782 1775 1834 Omnia-postremo,
1798 1795 1885 1833 quae

478 1848 682 1894 vindicaris
703 1847 750 1885 inv
764 1847 896 1893 altero,
919 1848 992 1886 tibi
1006 1847 1081 1900 -ipfi
1101 1847 1348 1893 vehementer
1370 1847 1554 1900 fugienda
1574 1847 1674 1886 sunt.
1722 1847 1883 1887 Etenim

480 1926 560 1951 non>
587 1911 930 1959 modoaccusator,
963 1911 1023 1956 sed
1055 1925 1102 1950 ne
1121 1912 1343 1964 objurgator
1363 1912 1525 1964 quidem
1543 1911 1722 1950 ferendus
1749 1911 1803 1950 est
1833 1912 1881 1957 is,

481 1978 563 2030 qui,
585 1978 690 2029 quod
711 1978 749 2015 in
771 1978 890 2022 altero
909 1977 1048 2016 vitium
1069 1977 1328 2030 reprehendit,
1347 1978 1452 2016 ineo
1471 1977 1882 2031 ipsevdeprehenditur,

481 2045 567 2096 Ego
588 2044 628 2082 in
649 2057 727 2082 uno
746 2042 906 2081 homine
927 2044 1058 2089 onmia
1078 2045 1184 2089 vitia,
1203 2058 1288 2097 quae
1309 2044 1460 2097 poffunt
1480 2045 1519 2084 in
1540 2043 1700 2087 homine
1717 2045 1882 2097 perdito,

480 2109 701 2162 nefarioque
735 2109 818 2155 effe,
850 2109 1112 2162 reprehendo:
1156 2111 1315 2155 nullum¹
1343 2110 1415 2149 effe
1446 2111 1535 2149 dico
1565 2111 1882 2153 indiciumlibi-

479 2176 594 2221 dinis,
627 2175 788 2219 sceleris,
819 2175 998 2220 audaciae,
1032 2176 1136 2228 quod
1170 2189 1247 2214 non
1284 2177 1324 2215 in
1356 2176 1462 2215 istius
1493 2176 1606 2215 unius
1638 2177 1716 2215 vita
1734 2176 1881 2229 perspi-

480 2256 563 2281 cere
595 2241 754 2294 poffitIS.
787 2241 873 2293 Ego
903 2241 942 2279 in
977 2241 1046 2279 isto
1080 2256 1144 2280 reo
1173 2242 1300 2294 legem
1330 2242 1446 2288 hanc,
1467 2243 1638 2294 Judices‚
1674 2241 1775 2283 mihi
1808 2241 1882 2279 sta-

481 2319 576 2354 tuo,
607 2307 816 2346 vivendum
847 2308 899 2345 ita
919 2307 1002 2352 esse,
1033 2316 1075 2344 ut
1104 2308 1163 2345 isti
1192 2322 1268 2346 non
1290 2309 1408 2346 modo
1429 2307 1552 2352 facitis,
1586 2307 1770 2359 dictisque
1790 2321 1880 2349 orn-

480 2376 609 2419 nibus,
631 2374 693 2412 sed
713 2374 828 2412 etiam
850 2374 939 2418 oris,
967 2373 1248 2426 oculorumque
1268 2374 1334 2411 illa
1353 2374 1609 2418 contumacia,
1631 2387 1672 2410 ac
1694 2373 1879 2426 superbia,

481 2455 598 2494 quam
620 2441 769 2486 videtis,
801 2440 1077 2479 diffimillimus
1098 2439 1182 2486 effe,
1212 2453 1253 2478 ac
1275 2440 1422 2493 semper
1441 2439 1550 2478 fuisse
1569 2440 1709 2478 videar.
1752 2441 1881 2479 Patior

482 2521 559 2547 non
591 2507 760 2554 moleste,
783 2507 954 2558 Judices,
987 2520 1071 2546 cam
1101 2507 1235 2553 vitam,
1268 2520 1352 2560 quae
1384 2505 1484 2546 mihi
1518 2506 1580 2545 sua
1612 2505 1883 2560 spontevantea
