2201 2792
455 222 532 263 524
949 207 1352 247 ORATIO

451 318 631 363 rag-atum.
665 307 774 360 Qid
794 307 861 353 est,
893 307 998 359 quod
1014 308 1077 359 jus
1099 321 1175 345 non
1197 307 1240 345 fit
1260 307 1272 344 ?
1304 306 1409 359 quod
1429 305 1596 359 populus
1612 305 1749 358 jubere
1779 314 1845 343 aut

453 385 578 414 vetare
598 389 675 413 non
695 374 806 427 pofiit
824 374 836 410 ?
868 375 924 411 Ut
947 387 993 410 ne
1019 373 1173 425 longius
1195 373 1343 416 abeam,
1373 373 1535 410 declarat
1556 372 1622 410 ista
1641 371 1845 424 adscriptio

452 440 522 479 effe
543 440 714 493 aliquid:
737 453 841 483 nam,
864 439 931 476 nisi
952 438 1054 482 effer,
1072 437 1148 475 hoc
1169 439 1208 476 in
1228 438 1411 476 omnibus
1432 438 1583 490 legibus
1604 450 1682 475 non
1702 435 1843 474 adscri-

454 507 618 544 beretur.
643 505 714 544 Sed
734 517 862 557 quaero
882 504 947 542 abs
969 513 1019 548 te,
1042 504 1213 557 putesne,
1236 504 1261 542 fi
1282 504 1447 557 populus
1463 503 1612 556 jusserit
1632 516 1696 541 me
1716 511 1844 546 tuum,

448 582 514 611 aut
533 573 628 611 item
649 581 686 610 te
706 584 854 615 meum,
876 570 1024 608 servum
1041 570 1112 608 esse
1128 588 1139 615 ;
1163 570 1201 607 id
1216 570 1376 623 juffum,
1398 579 1538 615 ratum,
1556 578 1671 622 atque
1688 568 1847 606 firmum

455 638 666 678 futurum?
698 636 885 690 Perspicis
917 636 992 675 hoc
1013 635 1113 675 nihil
1133 635 1217 681 effe,
1250 645 1294 675 ut
1325 637 1365 674 in
1385 637 1544 681 caeteris,
1579 650 1664 688 quae
1685 634 1845 687 rogavit.

456 706 636 744 Primum
655 703 753 742 illud
774 703 968 747 concedis,
990 716 1082 747 non,
1110 702 1302 754 quidquid
1328 702 1495 755 populus
1521 701 1685 754 jusserit,
1720 709 1846 739 ratum

453 770 524 809 effe
543 780 741 823 oportere:
764 768 901 806 deinde
922 767 1021 806 nihil
1042 769 1197 806 rationis
1217 767 1340 812 affers,
1361 768 1630 820 quamobrem,
1653 767 1679 805 fi
1694 767 1846 805 libertas

454 836 575 875 adimi
593 834 705 874 nullo
725 833 842 873 modo
863 834 988 887 poffit,
1009 834 1142 872 civitas
1165 833 1291 886 poffit.
1324 833 1430 871 Nam
1450 842 1489 871 et
1508 833 1644 871 eodem
1665 833 1783 870 modo
1802 833 1848 870 de

456 911 618 954 utraque
637 913 676 939 re
702 899 888 939 traditum
909 899 1021 938 nobis
1042 899 1123 945 est;
1154 909 1206 944 et,
1236 899 1262 937 fi
1282 898 1398 937 semel
1419 899 1551 937 civitas
1571 898 1691 937 adimi
1710 897 1846 951 potest,

455 967 609 1007 retineri
627 967 782 1006 libertas
803 979 881 1004 non
901 965 1037 1019 potest.
1057 965 1138 1016 Qi
1154 966 1258 1004 enim
1275 965 1396 1019 potest
1410 966 1498 1018 jure
1515 964 1734 1017 Qiritium
1752 963 1849 1002 liber

454 1033 526 1073 effe
544 1034 591 1079 is,
612 1033 682 1086 qui
700 1032 743 1070 in
761 1044 924 1070 numero
944 1032 1164 1083 Qiritium
1184 1045 1260 1070 non
1281 1031 1360 1070 est?

511 1102 645 1154 Atque
673 1112 759 1153 ego,
789 1097 890 1137 hanc
910 1098 1213 1138 adolescentulus
1245 1098 1396 1137 causam
1429 1112 1522 1137 cum
1544 1111 1696 1151 agerem
1716 1106 1849 1136 contra

454 1166 659 1206 hominem
678 1165 967 1205 disertiffimum
987 1164 1121 1204 nostrae
1146 1165 1313 1204 civitatis
1335 1166 1507 1210 Cottam,
1539 1164 1710 1218 probavi.
1742 1165 1848 1203 Cum

455 1235 645 1273 Arretinae
675 1233 849 1272 mulieris
883 1232 1101 1271 libertatem
1133 1231 1392 1278 defenderem,
1427 1241 1466 1271 et
1487 1233 1604 1271 Cotta
1624 1231 1849 1270 decemviris

456 1301 683 1354 religionem
710 1297 910 1350 injecisset,
942 1311 1020 1336 non
1051 1297 1153 1351 poffe
1183 1297 1465 1337 sacramentum
1496 1298 1669 1336 nostrum
1696 1296 1848 1350 justum

450 1368 631 1421 judicari,
657 1366 761 1420 quod
783 1365 973 1404 Arretinis
993 1365 1172 1419 adempta
1190 1366 1323 1404 civitas
1343 1366 1446 1411 effer,
1473 1375 1510 1404 et
1538 1379 1610 1419 ego
1635 1363 1848 1403 vehemen-

457 1434 534 1473 tius
560 1431 860 1477 contendiffem,
903 1431 1101 1470 civitatem
1139 1432 1258 1470 adimi
1293 1446 1371 1470 non
1403 1431 1565 1485 potuisse
1581 1450 1593 1477 5
1638 1431 1849 1469 decemviri

457 1501 581 1554 prima
600 1500 746 1538 afflone
767 1512 844 1537 non
859 1498 1131 1552 judicaverunt
1148 1513 1157 1537 :
1189 1498 1329 1552 postea,
1362 1512 1401 1536 re
1421 1497 1573 1551 quaefita
1592 1505 1629 1536 et
1659 1498 1847 1536 delibera-

457 1577 521 1612 ta,
566 1567 847 1605 sacramentum
876 1564 1049 1603 nostrum
1077 1564 1226 1617 justum
1247 1565 1533 1618 judicaverunt.
1593 1566 1726 1616 Atque
1756 1563 1848 1608 hoc,

456 1642 495 1672 et
515 1642 647 1672 contra
675 1633 827 1670 dicente
849 1632 978 1677 Cotta,
1009 1640 1048 1669 et
1068 1631 1170 1683 Sylla
1188 1631 1290 1677 vivo,
1311 1631 1533 1684 judicatum
1553 1629 1619 1669 est.
1651 1631 1740 1682 Jam
1761 1644 1851 1669 vero

456 1700 497 1738 in
519 1699 677 1744 caeteris,
713 1707 756 1737 ut
776 1711 927 1743 omneS,
957 1697 1027 1750 qui
1045 1697 1086 1735 in
1107 1698 1239 1736 eadem
1272 1697 1380 1736 causa
1411 1697 1512 1743 sunt,
1543 1706 1581 1735 et
1607 1697 1690 1750 lege
1720 1706 1847 1749 agant,

457 1776 495 1805 et
515 1766 627 1805 suum
653 1767 718 1818 jus
748 1765 1035 1819 persequantur,
1066 1773 1104 1802 et
1123 1778 1258 1803 omnes
1279 1765 1367 1817 jure
1387 1764 1494 1802 civili
1528 1765 1602 1802 fine
1622 1763 1848 1816 cujusquam

457 1843 521 1872 aut
553 1832 807 1885 magistratus,
838 1839 903 1869 aut
927 1830 1085 1883 judicis,
1115 1839 1181 1869 aut
1210 1831 1322 1884 periti
1348 1829 1536 1876 hominis,
1567 1839 1632 1868 aut
1662 1830 1848 1882 imperiti,

453 1898 692 1937 dubitatione
714 1906 884 1941 utantur,
919 1896 1015 1948 quid
1035 1909 1106 1948 ego
1127 1909 1434 1934 commemorem
1454 1896 1466 1932 ?
1499 1895 1680 1933 Dubium
1702 1895 1850 1933 nemini

456 1965 624 2002 vestrum
657 1963 722 2001 est.
755 1963 869 2000 Certe
899 1961 1017 2013 quaeri
1047 1959 1123 1999 hoc
1154 1961 1270 1999 solere
1301 1974 1364 1999 me
1398 1974 1476 1998 non
1511 1961 1676 2013 praeterit
1708 1961 1769 2012 (ut
1802 1974 1849 1999 ex

458 2043 521 2068 me
542 2042 596 2073 ea,
630 2041 714 2080 quae
736 2027 808 2065 tibi
837 2027 877 2065 in
912 2035 1083 2064 mentem
1106 2040 1183 2064 non
1203 2027 1379 2071 veniunt,
1411 2026 1556 2078 audias)
1591 2026 1850 2078 quemadmo-

458 2095 568 2139 dum,
590 2094 616 2132 fi
636 2094 770 2131 civitas
791 2093 909 2130 adimi
930 2105 1007 2130 non
1029 2092 1155 2145 poffit,
1183 2092 1223 2130 in
1253 2092 1422 2131 colonias
1444 2092 1599 2131 Latinas
1621 2092 1714 2144 saepe
1735 2092 1850 2130 nostri

458 2162 558 2199 cives
579 2159 741 2214 profecti
773 2159 858 2198 fint.
891 2160 973 2197 Aut
994 2158 1057 2197 sua
1077 2159 1287 2203 voluntate,
1319 2167 1383 2197 aut
1404 2158 1498 2210 legis
1520 2159 1656 2203 multa,
1689 2157 1849 2210 profecti

458 2229 543 2267 sunt
562 2242 570 2265 :
594 2240 711 2280 quarn
729 2226 894 2264 multam
911 2225 936 2263 fi
954 2224 1108 2263 sufferre
1125 2225 1341 2271 voluissent,
1360 2234 1444 2263 tum
1464 2238 1615 2263 manere
1637 2225 1675 2262 in
1697 2224 1849 2262 civitate

460 2293 679 2348 potuissent.

504 2361 696 2400 XXXIV.
730 2359 838 2410 Qid
861 2358 873 2395 ?
905 2371 1024 2411 quem
1044 2367 1149 2411 pater
1170 2368 1338 2411 patratus
1358 2358 1518 2402 dedidit,
1541 2368 1606 2394 aut
1627 2356 1711 2395 suus
1731 2365 1848 2409 pater,

459 2426 682 2481 populusve,
704 2426 890 2470 vendidit,
913 2438 991 2477 quo
1011 2424 1043 2462 is
1057 2425 1145 2477 jure
1164 2425 1309 2463 amittit
1329 2424 1524 2462 civitatem
1544 2424 1555 2460 ?
1588 2425 1645 2461 Ut
1666 2424 1850 2476 religione

460 2493 590 2531 civitas
614 2492 789 2538 solvatur,
810 2491 904 2531 civis
927 2491 1127 2530 Romanus
1149 2490 1309 2530 traditur
1327 2505 1336 2529 2
1368 2489 1450 2542 qui,
1471 2503 1563 2528 cum
1584 2489 1635 2527 est
1656 2498 1848 2539 acceptu-5,
