2201 2792
576 168 1018 213 ACTIONIS'II.
1078 174 1288 213 LIBER
1321 177 1392 216 IV.
1602 194 1678 234 357

277 275 363 320 effe,
393 287 472 313 non
504 274 760 327 emptionem,
796 287 888 312 cum
909 274 1100 312 venditori
1119 273 1187 312 suo
1206 275 1390 313 arbitratu
1411 276 1570 314 vendere
1601 293 1678 316 non

276 341 421 380 liceret.
453 342 499 379 In
519 340 743 393 provinciis,
765 340 1049 393 intelligebant,
1080 341 1107 379 fi
1127 341 1174 385 is,
1207 341 1275 393 qui
1296 341 1384 379 effet
1402 354 1493 379 cum
1515 343 1680 396 imperio

275 420 318 446 ac
339 406 536 460 potestate,
572 407 679 459 quod
708 407 810 459 apud
830 420 1028 460 quemque
1059 406 1164 451 esset,
1194 420 1323 445 emere
1342 407 1471 453 vellet,
1505 409 1622 461 idque
1644 412 1678 448 ei

275 473 408 512 liceret
423 491 436 518 3
466 473 562 518 fore,
584 473 656 518 uti,
677 473 784 526 quod
804 473 965 526 quisque
983 474 1111 519 vellet,
1132 474 1205 511 five
1225 474 1314 512 effet
1334 475 1478 519 venale,
1502 475 1574 513 five
1601 490 1679 515 non

274 539 377 585 esset,
399 540 535 593 quanti
554 540 683 585 vellet,
705 539 882 578 auferret.
920 540 1032 578 Dicit
1051 540 1204 592 aliquiS,
1224 540 1322 578 Noli
1341 541 1412 578 isto
1432 542 1550 580 modo
1570 556 1679 595 agere

208 626 215 630 -
274 619 367 645 cum
384 607 525 644 Verre:
547 606 628 644 noli
648 607 728 658 ejus
748 605 849 644 faeta
864 606 911 644 ad
930 607 1098 659 antiquae
1118 606 1314 659 religionis
1331 608 1520 645 rationem
1537 611 1677 661 exqui-

273 686 354 710 rere
365 687 380 710 ⁴:
414 673 594 716 concede,
617 682 660 710 ut
678 673 841 725 impune
860 673 1012 717 emerit,
1033 672 1152 711 modo
1173 682 1216 710 ut
1235 673 1336 711 bona
1362 674 1507 711 ratione
1527 676 1676 721 emerit,

273 737 374 776 nihil
393 751 463 790 pro
483 737 678 790 potestate,
700 737 800 776 nihil
819 739 866 776 ab
886 739 1023 783 invito,
1046 738 1149 777 nihil
1168 752 1234 790 per
1249 739 1446 791 injuriam.
1468 740 1529 778 Sic
1550 754 1674 792 agam.

273 803 312 842 Si
332 805 428 856 quid
447 804 582 843 venale
597 803 735 843 habuit
754 805 896 850 Heius,
927 805 955 843 fi
975 805 1030 851 id,
1064 806 1199 858 quanti
1220 806 1441 851 aestimabat‚
1465 808 1562 844 tanti
1583 821 1675 845 ven-

273 870 372 908 didit
383 889 396 916 ;
428 871 556 909 defino
574 885 755 923 quaerere,
775 885 845 909 cur
864 872 1016 910 emeris.

329 937 400 976 VI.
434 938 545 988 Qid
564 939 685 990 igitur
703 939 816 976 nobis
835 937 1057 977 faciendum
1077 938 1158 977 est?
1186 953 1282 977 num
1305 940 1539 992 argumentis
1560 950 1674 978 uten-

273 1002 370 1041 dum
391 1003 430 1040 in
452 1017 491 1041 re
511 1004 726 1055 ejusmodi?
758 1005 1009 1056 quaerendum
1028 1005 1094 1049 est,
1127 1005 1254 1049 credo,
1277 1005 1402 1043 Heius
1425 1005 1492 1043 iste
1512 1020 1606 1044 num
1626 1021 1674 1044 aes

272 1067 442 1106 alienum
463 1067 655 1114 habuerit,
689 1083 786 1107 num
815 1071 1036 1108 auffionem
1065 1069 1223 1108 fecerit:
1256 1070 1281 1108 fi
1312 1069 1420 1115 fecit,
1453 1085 1549 1109 num
1571 1081 1675 1110 tanta

272 1135 478 1174 difficultas
498 1149 590 1174 eum
619 1137 671 1174 rei
692 1138 920 1175 nummariae
951 1138 1131 1181 tenuerit,
1164 1146 1270 1175 tanta
1297 1137 1450 1190 egestas,
1487 1147 1590 1176 tanta
1618 1141 1674 1177 vis

272 1201 507 1254 opprefferit,
539 1213 584 1239 ut
602 1202 805 1240 sacrarium
827 1203 938 1241 suum
959 1203 1148 1255 spoliaret,
1173 1212 1215 1240 ut
1238 1205 1341 1241 Deos
1370 1205 1509 1256 patrios
1531 1206 1672 1242 vende-

271 1276 342 1305 ret.
373 1270 429 1306 At
448 1267 652 1305 hominem
687 1268 797 1306 video
831 1269 1049 1307 auctionem
1081 1268 1208 1306 feciffe
1242 1270 1414 1314 nullam3
1452 1271 1672 1316 vendidiffe,

271 1344 408 1386 praeter
425 1333 575 1372 fruetus
605 1334 706 1380 suos,
742 1333 845 1373 nihil
877 1348 1075 1387 unquam,
1109 1349 1186 1373 non
1221 1335 1339 1373 modo
1373 1337 1412 1373 in
1449 1350 1517 1374 aere
1549 1338 1672 1375 alieno

272 1400 395 1446 nullo,
426 1401 487 1439 sed
508 1402 547 1438 in
569 1400 643 1439 suis
665 1402 838 1439 nummis
871 1402 1005 1439 multis
1026 1402 1111 1447 effe,
1144 1415 1186 1440 ac
1208 1401 1356 1455 semper
1376 1402 1498 1441 fuiss'e.
1532 1404 1569 1441 Si
1590 1403 1671 1441 haee

271 1476 416 1512 contra,
438 1481 480 1505 ac
499 1467 603 1512 dico,
623 1467 740 1505 effent
759 1468 890 1506 omnia
907 1486 918 1512 ;
951 1476 1080 1506 tamen
1100 1468 1218 1506 illum
1236 1468 1333 1513 haec,
1355 1483 1439 1521 quae
1469 1480 1525 1507 tot
1552 1483 1671 1508 annos

271 1534 314 1571 in
332 1533 494 1579 familia,
515 1534 749 1586 sacrarioque
769 1535 962 1586 majorum
983 1533 1151 1578 fument,
1174 1536 1422 1573 venditurum
1444 1550 1520 1574 non
1545 1536 1668 1575 fuifl'c.

270 1600 381 1649 Qud
398 1601 422 1638 fi
456 1600 724 1652 magnitudine
746 1600 917 1652 pecunia:
945 1600 1162 1652 persuasum
1183 1601 1237 1638 est
1263 1602 1327 1638 ei?
1359 1603 1561 1640 verisimile
1593 1617 1670 1641 non

272 1666 341 1711 est,
361 1676 404 1704 ut
423 1667 489 1704 ille
508 1665 629 1704 homo
650 1675 729 1703 tam
748 1666 934 1718 locupleS,
958 1676 1036 1704 tam
1057 1666 1250 1712 honestus,
1276 1668 1454 1719 religioni
1474 1669 1558 1713 suae,
1581 1683 1669 1706 mo-

272 1733 541 1784 numentisque
562 1733 751 1784 majorum
772 1733 974 1785 pecuniam
995 1743 1253 1786 anteponeret.

337 1801 434 1837 Sunt
465 1799 558 1838 ista:
605 1809 852 1837 veruntamen
887 1800 1132 1838 abducuntur
1175 1800 1352 1838 homines
1391 1815 1669 1853 nonnunquam

269 1866 383 1904 etiam
405 1866 451 1904 ab
472 1865 654 1903 institutis
676 1865 750 1904 suis
782 1866 1050 1918 magnitudine
1065 1867 1250 1918 pecuniae.
1281 1867 1506 1912 Videamus,
1529 1878 1671 1919 quanta

270 1931 336 1969 ista
355 1931 518 1984 pecunia
537 1930 626 1975 fuit,
649 1944 734 1983 quae
765 1940 931 1985 potuerit
955 1932 1119 1976 Heium,
1143 1931 1346 1970 hominem
1368 1933 1538 1970 maxime
1557 1934 1668 1971 locu-

271 1997 431 2050 pletem,
453 1998 618 2035 minime
648 2011 817 2043 avarum,
849 1998 896 2036 ab
916 1997 1169 2043 humanitate,
1192 2012 1212 2036 a
1232 2000 1384 2052 pietate,
1407 2001 1454 2036 ab
1486 2000 1668 2052 religione

270 2062 468 2100 deducere.
500 2063 558 2100 Ita
573 2062 722 2114 jussisti,
744 2064 894 2116 opinor,
916 2063 1042 2116 ipsum
1063 2065 1103 2101 in
1126 2064 1272 2102 tabulas
1293 2063 1430 2102 referre
1449 2080 1456 2102 ι
1481 2067 1575 2103 Ηιεε
1594 2081 1667 2103 om-

270 2129 331 2168 nia
349 2130 461 2180 signa
488 2129 701 2172 Praxitelis,
735 2130 914 2181 Ildyronis,
948 2130 1130 2181 Polycleti,
1166 2132 1261 2168 H-S
1280 2144 1322 2168 vl
1346 2131 1430 2168 mill.
1454 2140 1488 2168 et
1511 2144 1536 2168 Ι)
1562 2130 1672 2169 Verri

269 2194 529 2247 venditastmt.
563 2195 701 2232 Recita
718 2208 764 2232 ex
786 2195 937 2233 tabulis.
971 2197 1181 2234 TAssULAE
1205 2197 1332 2234 Hau.
1356 2198 1470 2247 Juvat
1489 2210 1563 2241 me,
1584 2196 1665 2233 hare

270 2260 444 2312 praeclara
479 2261 637 2298 nomina
670 2261 877 2306 artificum,
914 2275 999 2313 quae
1034 2262 1092 2300 isti
1124 2263 1170 2300 ad
1191 2262 1327 2300 caelum
1364 2261 1505 2305 ferunt,
1535 2262 1663 2298 Verrif²

269 2326 516 2364 aestimatione
546 2326 594 2364 fic
623 2327 841 2365 concidiffe.
888 2328 1123 2380 Cupidinem
1158 2329 1357 2366 Praxitelis
1391 2329 1480 2364 IL&
1516 2340 1563 2363 M.
1590 2339 1659 2364 Dc.

271 2391 445 2429 Profeeto
465 2392 556 2430 hinc
575 2403 711 2431 natum
729 2393 794 2439 est,
817 2395 920 2432 Malo
939 2409 1062 2439 emet-1⁷,
1085 2409 1189 2447 quam
1207 2409 1347 2445 rogare.

304 2457 396 2494 Vll.
417 2458 534 2495 Dicet
550 2459 702 2510 aliquis,
722 2460 830 2510 Qid
850 2460 862 2496 ?
886 2468 927 2498 tu
948 2460 1014 2497 ista
1033 2473 1242 2512 permagno
1259 2459 1441 2496 aestimaa?
1475 2460 1558 2509 Ego
1575 2472 1662 2496 vero

270 2522 313 2559 ad
335 2535 461 2560 meam
481 2524 681 2569 rationem,
715 2525 902 2576 usumque
924 2539 1000 2563 non
1024 2525 1191 2562 aestimo:
1229 2533 1475 2561 veruntamen
1504 2537 1521 2560 a
1553 2525 1660 2560 vobis
