2201 2792
590 167 934 209 ACTIONIS
975 167 1030 206 II.
1091 168 1302 206 LIBER
1334 168 1405 208 IV.
1606 167 1682 220 383

292 271 515 324 Segestanis,
546 279 680 324 praeter
699 279 867 314 caeterOS,
889 269 1116 322 imponebat
1135 268 1333 321 aliquanto
1352 268 1534 321 amplius,
1565 282 1685 320 quam

292 336 390 375 ferre
409 337 569 390 poffent.
602 337 786 375 Praeterea
815 336 1055 388 magistratus
1087 349 1221 373 eorum
1247 336 1453 373 evocabat:
1486 336 1685 387 optimum

292 416 502 455 quemque,
529 411 568 440 et
587 402 870 440 nobilifiimum
890 403 936 440 ad
956 402 991 439 se
1010 401 1210 439 arceffebat
1227 416 1236 439 ε
1269 402 1417 439 circum
1438 401 1570 438 omnia
1593 415 1684 453 pro-

291 469 426 508 vinciae
443 469 525 507 fora
544 470 734 522 rapiebat:
758 469 979 522 singillatim
1002 469 1213 520 unicuique
1234 468 1442 506 calamitati
1463 467 1544 505 fore
1565 469 1599 506 se
1617 468 1684 505 de-

291 536 496 574 nuntiabat
513 551 522 574 :
546 535 758 573 universam
780 535 815 573 se
834 535 1011 573 funditus
1032 535 1138 573 illam
1159 535 1377 572 eversurum
1397 533 1468 571 effe
1489 535 1687 572 civitatem.

232 622 244 628 =
292 601 524 639 minabatur.
575 602 709 653 Itaque
742 600 960 653 aliquando,
992 600 1127 638 multis
1162 600 1289 645 malis,
1324 614 1544 652 magnoque
1580 610 1689 638 metu

291 668 383 706 vic‘ti
417 668 630 720 Segestani,
667 667 842 705 Praetoris
876 667 1040 719 imperio
1072 666 1285 719 parendum
1318 667 1388 704 esse
1423 667 1687 706 decreverunt.

290 733 441 786 Magno
461 747 553 772 curn
573 733 695 778 luctu,
716 742 754 771 et
773 733 924 786 gemitu
946 733 1064 771 totius
1085 733 1267 777 civitatis,
1294 733 1429 771 multis
1450 747 1541 771 cum
1562 734 1688 785 lacry-

290 801 380 846 mis,
411 809 450 838 et
480 800 755 838 lamentatione
786 801 972 845 virorum,
995 800 1282 852 mulierumque
1302 801 1496 845 omnium,
1530 801 1687 838 simula-

291 879 402 905 crum
424 867 560 904 Dianae
579 866 796 904 tollendum
817 867 979 904 locatur.

346 933 520 970 XXXV.
550 932 691 970 Videte
711 941 852 983 quanta
871 932 1056 984 religione
1086 930 1217 970 fuerit.
1250 931 1367 984 Apud
1389 931 1606 983 Segestanos
1628 946 1690 970 re—

290 1008 446 1050 pertum
467 997 552 1042 effe,
573 998 745 1048 Judices,
776 998 910 1036 scitote
942 998 1156 1042 neminem,
1189 1012 1315 1050 neque
1346 998 1528 1043 liberum,
1564 1012 1690 1051 neque

291 1063 456 1108 servum,
488 1077 614 1115 neque
633 1064 773 1108 civem,
804 1077 928 1116 neque
947 1064 1206 1116 peregrinum,
1239 1064 1306 1116 qui
1326 1064 1425 1102 illud
1444 1064 1602 1116 signum-
1617 1078 1688 1102 au-

292 1131 396 1168 deret
415 1130 614 1182 attingere.
639 1130 820 1168 Barbaros
842 1130 1026 1182 quosdam
1048 1130 1222 1181 Lilybaeo
1243 1130 1376 1167 scitote
1396 1130 1596 1168 advocatos
1618 1130 1688 1169 esse

292 1197 496 1249 operarios.
528 1197 586 1234 Hi
605 1196 771 1248 denique
791 1196 903 1240 illud,
935 1197 1058 1248 ignari
1078 1197 1195 1234 totius
1216 1197 1375 1248 negotii,
1407 1210 1448 1234 ac
1475 1197 1688 1250 religionis,

292 1263 467 1300 mercede
487 1271 653 1315 accepta,
685 1262 928 1300 sustulerunt.
973 1262 1093 1313 Qod
1112 1275 1204 1299 cum
1224 1276 1270 1300 ex
1299 1263 1443 1315 oppido
1469 1274 1688 1315 exportare-

293 1338 369 1374 tur,
391 1342 510 1381 quem
531 1337 768 1366 conventum
790 1328 1000 1366 mulierum
1021 1327 1166 1366 sactum
1188 1328 1259 1366 effe
1279 1329 1547 1367 arbitramini?
1569 1343 1688 1381 quem

292 1395 429 1434 fletum
449 1396 641 1448 majorum
662 1404 755 1432 natu
773 1395 786 1432 ?
818 1408 984 1446 quorum
1006 1394 1187 1432 nonnulli
1207 1395 1322 1432 etiam
1346 1395 1460 1432 iilum
1478 1395 1580 1433 diem
1603 1410 1688 1433 me—

291 1463 416 1500 moria
435 1462 628 1506 tenebant,
646 1474 738 1499 cum
759 1461 826 1498 illa
845 1461 976 1498 eadem
999 1462 1125 1498 Diana
1145 1461 1349 1513 Segestam,
1374 1461 1606 1514 Carthagine
1627 1476 1688 1500 re-

293 1531 412 1574 vesta,
445 1530 643 1568 viftoriam
677 1528 815 1581 populi
840 1529 1011 1566 Romani
1046 1528 1171 1565 reditu
1191 1528 1256 1566 suo
1277 1529 1494 1567 nuntiasset.
1556 1530 1690 1581 Qam

292 1595 482 1633 diffimilis
501 1594 566 1632 hic
583 1595 661 1631 dies
681 1593 741 1631 illi
762 1594 928 1646 tempori
948 1593 1175 1631 videbatur?
1198 1595 1306 1631 Tum
1329 1595 1537 1646 imperator
1551 1596 1688 1648 populi

294 1662 479 1705 Romani,
511 1661 567 1698 vir
588 1660 827 1704 clariffimus,
859 1660 965 1698 Deos
992 1661 1133 1712 patrios
1155 1661 1371 1712 reportabat
1391 1661 1612 1713 Segestanis,
1642 1675 1689 1699 ex

294 1728 388 1765 urbe
406 1726 576 1765 hostium
597 1735 835 1779 recuperatos
853 1741 862 1764 :
895 1739 1000 1764 nunc
1021 1739 1068 1764 ex
1089 1726 1182 1763 urbe
1203 1726 1394 1764 sociorum
1417 1727 1558 1764 Praetor
1589 1728 1688 1779 ejus-

294 1794 383 1832 dem
404 1793 539 1846 populi
562 1792 812 1845 turpiffimus‚
843 1802 958 1844 atque
978 1793 1272 1845 impuriffimuS,
1303 1793 1453 1831 eosdem
1475 1794 1561 1830 illos
1585 1795 1690 1832 Deos

292 1858 439 1897 nefario
459 1858 595 1896 scelere
615 1857 822 1896 auferebat.
856 1858 965 1910 Qid
985 1857 1060 1895 hoc
1081 1867 1161 1896 tota
1181 1858 1310 1896 Sicilia
1330 1858 1382 1895 est
1401 1858 1552 1903 clarius,
1571 1873 1691 1911 quam

293 1939 427 1964 omnes
449 1925 664 1978 Segestanas
699 1933 906 1970 matronas,
936 1933 974 1962 et
1005 1924 1171 1977 virgines
1192 1923 1420 1969 convenisse,
1452 1939 1545 1962 cum
1566 1926 1693 1963 Diana

294 2001 556 2044 exportaretur
575 2005 622 2029 ex
642 1991 812 2044 oppido:
846 1990 991 2029 unxiffe
1018 1992 1227 2043 unguentis
1244 2010 1257 2036 3
1288 1990 1495 2044 complesse
1525 1993 1693 2038 coronis,

294 2066 332 2095 et
352 2057 509 2095 floribus
526 2075 537 2102 ;
562 2056 688 2102 thure,
704 2057 967 2109 odoribusque
988 2057 1163 2103 incenfis,
1182 2057 1300 2110 usque
1319 2057 1364 2094 ad
1386 2057 1466 2110 agri
1485 2057 1577 2096 fines
1599 2073 1691 2111 pro-

294 2123 437 2161 secutas
458 2123 528 2160 esse
546 2122 559 2158 Ρ

348 2191 466 2228 Hanc
488 2200 529 2227 tu
552 2198 698 2227 tantam
719 2189 960 2241 religionem,
992 2189 1017 2226 fi
1051 2199 1136 2227 tum
1170 2190 1211 2228 in
1241 2190 1408 2243 imperio
1428 2200 1585 2243 propter
1619 2204 1689 2228 cu-

294 2256 509 2308 piditatem,
542 2266 657 2308 atque
678 2255 873 2293 audaciam
895 2269 972 2293 non
993 2256 1300 2308 pertimescebas,
1335 2271 1381 2294 ne
1408 2270 1510 2294 nunc
1532 2256 1690 2307 quidem

294 2322 333 2359 in
357 2331 461 2360 tanto
483 2331 564 2366 tuo,
582 2321 871 2373 liberorumque
885 2331 1048 2367 *tuorum
1065 2323 1239 2374 periculo
1258 2322 1506 2374 perhorrescis
1523 2321 1535 2356 ?
1559 2322 1690 2372 Qem

295 2387 366 2424 tibi
389 2398 452 2425 aut
473 2386 692 2432 hominem,
725 2387 854 2426 invitis
888 2388 975 2426 Diis
1009 2389 1310 2431 immortalibus,
1342 2397 1406 2424 aut
1433 2400 1521 2423 vero
1542 2388 1688 2432 Deum,

293 2452 408 2489 tantis
430 2466 563 2490 eorum
585 2452 837 2505 religionibus
858 2453 1023 2497 violatis,
1055 2454 1199 2490 auxilio
1220 2452 1398 2489 futurum
1420 2462 1528 2504 putas
1550 2452 1561 2488 ἓ
1594 2453 1690 2490 Tibi

294 2517 359 2555 illa
379 2518 504 2555 Diana
537 2518 577 2555 in
611 2531 717 2570 pace,
749 2528 863 2571 atque
897 2519 938 2557 in
971 2519 1050 2557 otio
1082 2518 1309 2570 religionem
1345 2518 1491 2556 nullam
1527 2518 1657 2556 attulit
1678 2519 1689 2555 ?
