2201 2792
588 168 887 209 VARIAE
963 164 1531 207 LECTIONES.

326 276 386 345 Ι,ἶβις
413 309 447 336 18
469 307 555 336 debet
568 307 599 336 H
615 308 632 336 S
647 307 741 336 debetis
1087 273 1146 341 {83
1170 312 1207 339 27
1230 309 1262 331 ut
1276 301 1366 330 velint
1381 301 1411 329 H
1427 301 1443 329 S
1459 299 1545 329 volunt

411 358 447 376 22
469 348 605 385 quoniam
620 348 738 386 quidem
754 346 785 374 H
801 347 818 374 S
834 348 940 384 quidam
1170 353 1207 382 29
1227 343 1336 381 populo
1350 342 1482 370 Romano
1505 341 1537 369 H
1556 340 1676 378 populum
1698 340 1796 369 Romus

410 397 445 425 23
469 388 649 416 dubitatione
664 388 694 416 H
707 390 876 416 dominatione
1271 395 1287 410 n
1306 395 1330 410 m

410 429 447 456 26
469 428 659 456 aestimandam
676 429 693 456 S
709 428 904 467 existimandam
1172 433 1210 461 34
1230 423 1285 451 hoc
1300 422 1331 450 H
1344 423 1372 450 d-

410 477 447 505 27
469 467 566 496 videte
583 468 611 496 H
629 469 646 496 S
661 469 689 496 d.
1089 465 1149 503 489
1193 474 1209 492 2
1231 462 1337 501 Ecqui÷
1354 462 1384 490 H
1399 462 1416 490 S
1431 463 1499 500 Qis

409 523 450 529 —
471 507 523 536 fint
539 507 627 545 Ssun!
1174 513 1205 532 ιι
1232 511 1317 542 negat
1332 503 1362 531 H
1377 507 1481 541 ignorat

330 547 391 585 484
415 557 451 585 14
471 547 603 576 dicantur
619 549 802 586 Sjudicantur
1174 554 1207 582 ¹5
1231 543 1494 581 temperantissimus
1509 542 1540 570 H
1554 539 1772 576 temperatIffi‘mus

412 598 448 616 22
471 587 599 626 Ecquem
615 589 644 616 H
660 599 730 626 quem
745 589 762 616 S
778 589 832 616 Nec
844 597 914 623 quem
1172 586 1208 613 28
1231 584 1278 612 sed
1293 583 1379 611 etiam
1396 582 1488 621 qualis
1505 582 1570 610 esset
1584 581 1613 608 H
1628 581 1656 609 d.

410 643 452 650 —
473 637 591 664 ecquem
606 628 636 655 H
650 639 721 666 quem
737 628 753 656 S
767 638 812 656 nec
825 638 896 666 quem
1089 633 1150 662 490
1194 634 1210 652 2
1232 633 1288 651 non
1306 624 1334 651 H
1349 633 1416 651 nunc

413 678 451 706 ²9
471 668 559 705 priset
574 669 605 696 H
620 669 721 705 Spfft
1194 674 1209 701 3
1233 664 1325 691 fuisset
1340 664 1485 702 Hfug‘ffint

414 717 449 746 33
471 708 550 740 Fuit,
571 707 628 736 fuit
641 707 671 735 H
688 708 705 736 S
721 708 785 736 Fuit
1174 714 1212 740 ¹4
1232 713 1294 742 quae
1310 703 1339 731 H
1354 715 1415 741 quae
1429 701 1728 740 (punliisfizbnorantur
1739 701 1800 735 uae)

414 758 452 785 34
472 757 520 775 reo
536 748 565 776 H
583 748 600 775 S
617 749 793 786 reojudicium
1177 754 1212 782 ¹9
1234 744 1264 771 in
1279 744 1412 772 omnibus
1428 743 1458 770 H
1475 743 1492 770 S
1508 741 1620 770 omnibus

333 788 391 828 485
436 797 451 826 ς
475 796 505 815 ut
520 787 649 825 quidque
665 788 695 816 H
709 791 844 825 quicquam
859 786 876 814 S
891 786 1014 825 quicquid
1177 795 1214 813 20
1236 783 1357 811 maximi
1373 784 1404 811 H
1419 786 1530 811 maxime

418 838 452 865 13
476 828 635 866 Volgarum
651 827 681 855 H
697 828 714 854 S
730 827 870 866 Belgarum
1093 834 1147 864 49¹
1196 835 1214 863 9
1237 823 1289 852 fint
1306 823 1335 851 H
1351 825 1377 851 d.

413 883 453 890 —
475 877 531 895 non
547 867 660 895 credere
674 868 704 896 H
720 869 748 895 d.
1178 874 1214 901 14
1235 864 1335 902 populi
1350 863 1475 891 Romani
1489 862 1520 890 H
1537 863 1553 891 S
1572 865 1638 900 reip.

418 917 455 943 ¹4
475 907 621 936 inimicior
636 907 667 935 H
683 908 700 934 S
714 910 865 936 inimicitior
1179 905 1216 933 16
1237 905 1277 932 At
1292 905 1321 932 H
1339 905 1355 932 S
1372 905 1415 932 Aa

418 949 454 976 16
476 948 587 984 optima
601 948 631 976 H
648 948 665 975 S
679 951 769 986 optimi
1180 948 1214 974 18
1238 954 1316 976 vero,
1334 944 1451 982 judices
1462 942 1493 971 H
1510 943 1526 971 S
1542 943 1569 971 d.

336 988 396 1026 486
438 988 456 1016 6
478 988 709 1016 Indutiomarum
727 989 743 1016 S
758 990 786 1016 d.
1180 995 1216 1024 ¹9
1237 985 1415 1013 refistemus?
1439 984 1456 1012 S
1472 984 1618 1023 resistemus.

436 1038 453 1066 7
476 1029 610 1066 cogitasse
627 1028 654 1056 H
673 1030 690 1056 S
706 1029 857 1068 cogitaviffl
1179 1035 1211 1054 21
1239 1024 1298 1053 suas
1315 1025 1397 1053 urbes
1413 1025 1514 1060 Hficos

418 1068 456 1098 26
477 1068 575 1097 iisdem
592 1069 624 1096 H
638 1070 694 1103 istis
1179 1075 1214 1102 23
1238 1065 1316 1093 dicat
1332 1066 1361 1093 H
1376 1066 1465 1093 dicant

378 1120 384 1130 ⁵
418 1118 456 1146 29
478 1109 562 1137 fidem
577 1109 594 1136 S
610 1111 638 1137 d.
1179 1115 1218 1142 24
1238 1105 1293 1133 fnit
1307 1105 1337 1133 H
1352 1106 1368 1133 S
1385 1107 1411 1135 d.

335 1150 394 1188 487
437 1159 456 1187 4
477 1150 592 1177 vestram
609 1150 639 1178 H
653 1150 762 1187 nostram
1180 1156 1216 1184 25
1239 1145 1359 1183 depellit
1375 1146 1402 1173 H
1419 1144 1527 1184 depellat

440 1199 455 1228 ς
479 1189 515 1217 ab
531 1190 575 1217 his
590 1190 621 1218 H
637 1190 654 1217 S
669 1196 717 1218 aut
1181 1195 1219 1223 34
1238 1185 1295 1214 illae
1312 1187 1341 1214 H
1358 1187 1376 1214 S
1391 1187 1450 1223 tstae
1584 1198 1588 1199 ⁷

440 1231 456 1258 8
478 1230 563 1258 nostri
578 1231 607 1259 H
624 1232 706 1267 vestri
1182 1236 1216 1264 35
1241 1225 1354 1264 Pugnat
1371 1226 1399 1254 H
1415 1225 1433 1253 S
1449 1227 1603 1263 Propugnat

422 1279 456 1308 ¹3
479 1270 548 1307 quid
565 1278 595 1298 ut
610 1269 697 1298 secuti
713 1269 744 1298 H
758 1269 949 1308 quidve-ficum
1099 1276 1157 1306 492
1205 1276 1214 1294 1
1241 1276 1332 1303 nuper
1345 1267 1376 1294 H
1394 1266 1410 1294 S
1427 1266 1454 1295 d.

422 1320 433 1339 1
442 1320 456 1349 ς
479 1309 650 1348 dignitatem
664 1310 695 1338 H
709 1311 736 1338 d.
1179 1322 1220 1329 --
1240 1306 1385 1334 obsidione
1402 1306 1419 1334 S
1435 1305 1470 1334 ab
1482 1304 1602 1344 obsidione

419 1360 455 1389 25
477 1350 597 1378 immani
612 1350 642 1378 H
656 1353 732 1379 inani
1184 1347 1218 1375 16
1241 1345 1431 1383 reliquan
1447 1346 1464 1373 S
1477 1347 1515 1376 d:

421 1399 456 1428 33
479 1389 566 1418 obitis
583 1391 600 1418 S
615 1391 687 1419 datis
714 1423 716 1425 ¹
1181 1397 1219 1416 20
1241 1386 1342 1414 Nolite
1356 1387 1387 1415 H
1404 1385 1467 1414 Noli

419 1445 461 1453 —
480 1430 586 1458 invisus
600 1430 631 1458 H
647 1431 664 1459 S
679 1431 774 1458 invitis·
1182 1436 1215 1455 21
1242 1426 1419 1454 commoveri
1432 1427 1455 1453 S
1470 1427 1617 1453 eomfflorieri
1672 1424 1677 1427 ’
1711 1425 1713 1427 ’

340 1472 399 1510 488
441 1473 458 1499 8
479 1469 652 1499 dubitabitis
668 1470 697 1497 H
711 1469 839 1498 dubitatis
1182 1476 1221 1502 24
1242 1466 1353 1493 Tendit
1368 1466 1397 1493 H
1413 1464 1505 1493 Tondet
1587 1470 1590 1471 ⁷

424 1520 457 1549 ις
482 1509 608 1537 senatum
624 1509 655 1537 H
670 1510 805 1545 Sfinatus
1183 1516 1220 1544 29
1242 1505 1390 1533 Videtisne
1405 1505 1435 1533 H
1451 1505 1540 1532 Videte
1553 1514 1584 1532 ne

414 1559 461 1579 -20
483 1549 684 1588 QMaximus
701 1549 731 1578 H
747 1549 763 1577 S
779 1548 917 1577 Maximus
947 1562 950 1563 ⁷
1102 1555 1159 1586 493
1205 1547 1224 1574 6
1246 1545 1370 1573 vietoriae
1385 1554 1412 1583 ξε
1427 1545 1458 1573 H
1474 1547 1593 1573 vidoria

421 1599 458 1619 22
480 1597 527 1617 aut
542 1589 573 1617 H
587 1591 615 1617 d.
1205 1587 1220 1614 8
1243 1586 1334 1614 civem
1350 1586 1380 1613 H
1395 1585 1413 1612 S
1429 1589 1521 1613 virum
1620 1616 1623 1617 ⁷

423 1644 464 1653 -
483 1629 597 1667 quidem
613 1630 644 1658 H
660 1630 677 1659 S
692 1631 762 1669 quod
971 1634 976 1636 '
1187 1635 1223 1664 14
1243 1625 1345 1664 populi
1359 1625 1483 1655 Romani
1498 1624 1531 1654 H
1543 1627 1610 1662 reip.

425 1679 462 1708 27
485 1669 521 1699 est
535 1669 566 1698 H
582 1669 599 1698 S
614 1671 641 1700 d.
657 1682 660 1684 “
754 1679 759 1683 ’
1115 1676 1122 1680 ·
1359 1666 1362 1669 ’
1416 1668 1419 1669 ’

1356 2412 1539 2444 eece&
