2201 2792
595 204 943 247 ACTIONIS
973 205 1029 246 ΙΙ.
1085 205 1298 246 LIBER
1334 208 1388 246 II.
1620 223 1698 265 207

294 309 488 353 Primum,
517 306 546 345 fi
578 307 633 345 ita
661 306 764 352 effet,
794 316 927 346 tamen
956 319 1025 346 vos
1056 306 1099 344 in
1129 305 1202 344 hac
1233 306 1440 359 quaestione
1461 307 1507 345 de
1524 310 1699 360 pecuniis

293 373 529 428 repetundis,
559 386 644 425 quae
675 372 869 411 sociorum
893 371 1004 411 causa
1035 372 1244 411 constituta
1272 372 1338 417 est,
1371 373 1454 424 lege
1474 373 1701 426 judicioque

292 439 436 485 sociali,
469 438 663 478 sociorum
697 439 958 491 querimonias
989 438 1119 477 audire
1138 447 1344 491 oporteret.
1388 439 1460 477 Sed
1485 439 1702 492 intelligere

290 505 468 559 potuistis
487 505 614 558 priore
632 505 782 543 afflone
801 505 902 544 cives
931 505 1134 543 Romanos
1163 518 1211 542 ex
1231 504 1361 542 Sicilia
1389 505 1595 557 plurimos,
1626 504 1700 543 ho-

290 571 542 617 nestiflimos,
580 571 763 610 maximis
794 570 842 609 de
870 571 1009 615 rebus,
1040 579 1078 609 et
1107 583 1200 623 quas
1235 570 1303 623 ipfi
1334 570 1562 623 accepiffent
1593 572 1699 624 inju-

291 638 379 682 rias,
400 646 439 676 et
459 651 553 691 quas
571 637 712 675 scirent
730 637 815 675 aliis
845 636 917 675 effe
935 635 1067 681 factas,
1099 650 1169 689 pro
1195 636 1417 675 testimonio
1442 637 1581 676 dicere.
1613 638 1701 690 Ego

289 701 382 748 hoc,
404 702 513 755 quod
529 702 723 754 intellig0,
747 701 920 754 Judices,
951 701 1002 740 fic
1028 701 1219 741 confirmo
1231 720 1243 747 ς
1275 702 1406 741 videor
1425 701 1526 740 mihi
1546 712 1701 755 gratum

289 767 419 807 feciffe
444 769 599 814 Siculis,
621 768 727 820 quod
746 781 882 807 eorum
900 768 1060 820 injurias
1088 781 1179 807 meo
1198 768 1341 813 labore,
1372 769 1598 808 inimicitias
1628 783 1699 822 pe-

289 834 429 881 riculo,
449 835 521 873 fim
540 834 775 888 persecutus.
805 835 904 874 Non
933 835 1065 874 minus
1084 833 1161 873 hoc
1181 844 1336 888 gratum
1356 849 1420 874 me
1445 835 1579 874 nostris
1600 836 1699 875 civi-

289 899 363 939 bus
383 901 562 954 intelligo
581 900 708 940 feciffe
722 919 736 946 3
760 900 830 954 qui
848 900 926 939 hoc
945 900 1180 946 existimant,
1195 901 1309 953 juris,
1331 901 1532 945 libertatis,
1554 914 1698 947 rerum,

291 965 612 1019 fortunarumque
631 966 786 1005 suarum
806 967 968 1005 salutem
988 968 1030 1005 in
1051 967 1157 1005 istius
1177 967 1423 1005 damnatione
1443 966 1653 1006 COnfistere.

348 1033 594 1086 Qapropter
637 1032 684 1070 de
717 1032 824 1071 istius
861 1042 1025 1086 praetura
1060 1034 1246 1071 Siciliensi
1282 1047 1359 1072 non
1399 1033 1529 1072 recuso
1549 1063 1560 1079 ,
1601 1033 1699 1086 quin

291 1097 345 1136 ita
374 1112 439 1136 me
468 1098 645 1143 audiatis,
675 1107 739 1143 ut,
772 1098 798 1136 fi
825 1099 1008 1151 cuiquam
1036 1099 1165 1151 generi
1199 1097 1410 1137 hominum
1441 1098 1514 1137 five
1544 1099 1697 1138 Siculo-

290 1177 394 1210 rum,
424 1164 499 1203 five
519 1164 735 1202 nostrorum
754 1164 926 1208 civium3
957 1165 985 1202 fi
1005 1165 1188 1217 cuiquam
1210 1165 1350 1210 ordini,
1383 1165 1457 1203 five
1487 1174 1697 1210 aratorum,

289 1229 365 1268 five
393 1230 678 1283 pecuariorum,
709 1229 784 1267 five
812 1239 1072 1268 mercatorum
1093 1230 1274 1283 probatus
1296 1231 1353 1275 fit,
1385 1231 1410 1268 fi
1444 1244 1521 1269 non
1555 1231 1699 1269 horum

288 1297 470 1335 omnium
489 1296 714 1335 communis
732 1294 866 1340 hostis,
888 1297 1093 1349 praedoque
1112 1295 1229 1334 fuerit
1241 1314 1253 1341 3
1285 1296 1311 1334 fi
1327 1297 1511 1348 cuiquam
1533 1297 1700 1349 denique

252 1411 255 1414 ἱ
291 1361 370 1400 ulla
399 1363 442 1400 in
471 1376 512 1401 re
531 1375 705 1414 unquam
738 1362 1007 1415 temperaverit
1022 1381 1034 1408 3
1067 1371 1111 1401 ut
1130 1375 1196 1400 vos
1218 1376 1374 1414 quoque
1394 1362 1429 1400 ei
1461 1364 1696 1414 temperetis,

290 1428 373 1480 Qi
392 1428 508 1467 fimul
527 1437 642 1481 atque
662 1428 697 1466 ei
716 1428 815 1466 sorte
834 1429 1033 1481 provincia
1053 1428 1182 1467 Sicilia
1201 1429 1373 1473 obvenit,
1396 1428 1522 1467 statim
1545 1429 1698 1474 Romae,

289 1504 329 1532 et
358 1495 404 1533 ad
435 1495 602 1540 urbem,
632 1503 842 1547 antequam
875 1494 1206 1548 proficisceretur,
1242 1508 1408 1548 quaerere
1441 1494 1519 1548 ipse
1551 1494 1696 1540 secum,

289 1569 327 1598 et
346 1562 487 1614 agitare
502 1563 596 1599 eum
611 1561 686 1600 suis
703 1562 837 1614 coepit,
851 1561 1082 1614 quibusnam
1100 1562 1213 1600 rebus
1233 1562 1274 1599 in
1291 1575 1333 1600 ea
1352 1562 1550 1614 provincia
1570 1562 1698 1600 maxi-

289 1639 397 1665 mam
417 1640 496 1665 uno
514 1641 615 1665 anno
633 1628 840 1679 pecuniam
869 1626 993 1665 facere
1023 1627 1157 1679 posset.
1190 1628 1359 1665 Nolebat
1379 1628 1420 1666 in
1452 1628 1600 1679 agendo
1619 1627 1698 1665 dis-

290 1704 388 1736 cere,
423 1692 586 1743 (tametfi
609 1704 689 1729 non
706 1692 912 1744 provinciae
946 1692 1051 1729 rudis
1072 1701 1164 1736 erat,
1197 1701 1234 1730 et
1256 1693 1347 1743 tiro)
1380 1692 1442 1730 sed
1463 1693 1503 1729 in
1525 1692 1697 1731 Siciliam

289 1767 441 1811 paratus
462 1758 509 1795 ad
527 1758 709 1810 praedam,
731 1756 1012 1809 meditatusque
1030 1757 1160 1795 venire
1178 1757 1372 1810 cupiebat.

348 1824 385 1860 O
419 1823 598 1876 praeclare
627 1824 849 1875 conjectum
883 1837 903 1860 a
933 1823 1051 1875 vulgo
1085 1823 1127 1861 in
1161 1822 1271 1861 illam
1304 1822 1544 1875 provinciam
1578 1836 1695 1862 omen

290 1889 512 1929 communis
533 1888 658 1934 famae,
681 1900 795 1941 atque
816 1889 1017 1927 sermonis!
1041 1903 1133 1927 cum
1153 1902 1199 1928 ex
1219 1890 1379 1927 nomine
1395 1890 1516 1934 istius,
1539 1890 1634 1942 quid
1654 1891 1696 1928 in

291 1955 488 2008 provincia
508 1954 676 1993 faelurus
707 1955 808 1999 effer,
840 1955 1069 2007 perridicule
1090 1955 1269 1994 homines
1290 1956 1586 2008 augurabantur.
1620 1956 1694 1993 Et·-

290 2021 397 2059 enim
418 2022 504 2073 quis
525 2020 700 2059 dubitare
721 2020 854 2072 posset,
887 2034 979 2058 cum
1000 2020 1107 2059 istius
1127 2022 1166 2058 in
1187 2021 1375 2073 quaestura
1396 2020 1533 2073 fugam
1553 2031 1590 2059 et
1610 2020 1695 2059 fur-

290 2095 379 2125 tum
413 2086 712 2138 recognosceret,
747 2100 840 2124 cum
870 2087 911 2123 in
942 2086 1132 2138 legatione
1152 2087 1400 2138 oppidorum,
1437 2086 1697 2139 fanorumque

291 2151 535 2205 spoliationes
569 2151 768 2203 cogitaret,
802 2165 896 2189 cum
917 2152 1059 2189 videret
1093 2152 1133 2190 in
1164 2152 1248 2190 foro
1281 2153 1478 2192 latrocinia
1507 2163 1691 2205 praetura‘‚

290 2216 415 2269 qualis
437 2216 503 2254 iste
523 2217 563 2253 in
583 2225 722 2268 quarto
741 2218 827 2254 actu
847 2217 1107 2268 improbitatis
1124 2216 1277 2255 futurus
1296 2217 1385 2256 effet
1404 2218 1416 2255 ?

343 2282 438 2320 VII.
462 2283 594 2334 Atque
614 2290 657 2319 ut
676 2281 914 2334 intelligatis,
937 2296 1025 2319 eum
1047 2283 1184 2321 Romae
1204 2283 1367 2336 quaeliffe
1387 2297 1463 2322 non
1486 2283 1602 2320 modo
1623 2295 1691 2333 ge-

292 2361 381 2385 nera
399 2347 565 2393 furandi,
587 2348 648 2386 sed
667 2348 784 2386 etiarn
806 2348 987 2393 nomina,
1021 2349 1275 2387 certiffimum
1295 2350 1457 2399 accipite
1483 2361 1691 2397 argumen-

290 2421 391 2456 tum,
405 2427 482 2464 quo
497 2412 648 2451 facilius
667 2414 713 2451 dc
733 2413 911 2465 singulari
931 2415 962 2466 ej
971 2428 1012 2452 us
1032 2415 1274 2466 impudentia
1294 2412 1506 2450 existimare
1528 2411 1687 2463 poffitis.

294 2476 385 2528 Qo
405 2478 466 2515 die
497 2479 667 2516 Siciliam
706 2479 833 2531 tetigit
869 2479 1027 2530 (videte,
1057 2479 1186 2517 satisne
1207 2486 1358 2529 paratus
1389 2489 1436 2514 ex
1471 2476 1539 2515 illo
1559 2477 1691 2515 omine
