2201 2792
667 123 1010 165 ACTIONIS
1053 126 1105 164 II.
1166 127 1375 167 LIBER
1407 130 1457 168 V.
1682 146 1757 184 441

369 222 440 261 effe
459 223 606 261 crimen
637 221 712 261 hoc
733 223 958 276 integrum:
990 223 1042 261 est
1072 233 1198 263 certus
1230 224 1353 270 locus,
1384 235 1486 264 certa
1505 227 1580 272 lex,
1612 237 1762 267 certum

370 290 554 334 tribunal,
577 302 654 341 quo
674 288 750 327 hoc
771 289 990 328 reservetur.

423 357 576 394 XXXI.
610 356 696 393 Hac
718 364 821 394 tanta
839 356 964 410 praeda
983 358 1129 402 anetus,
1152 357 1372 411 mancipiis,
1394 368 1564 412 argento,
1585 360 1682 397 veste
1703 360 1763 398 lo-

368 422 597 474 cupletatus,
622 421 747 460 nihilo
768 422 991 475 diligentior
1011 423 1057 461 ad
1077 423 1227 462 claffem
1244 425 1468 470 ornandam,
1486 425 1630 463 milites
1653 439 1763 463 revo-

369 488 508 526 candos
529 489 772 540 alendosque,
795 489 865 526 effe
884 490 1029 542 coepit3
1061 504 1154 528 cum
1173 504 1216 528 ea
1235 504 1292 529 res
1313 505 1391 529 non
1412 491 1536 531 solum
1558 492 1765 544 provinciae

369 553 494 599 saluti,
519 569 653 593 verum
674 556 791 593 etiam
812 556 881 608 ipfi
902 556 1048 607 praedae,
1070 556 1142 594 effe
1163 556 1294 609 poffet.
1326 557 1433 595 Nam
1455 558 1577 596 aestate
1597 557 1762 603 summa,

370 633 449 672 quo
471 630 644 672 tempore
678 620 802 658 caeteri
824 621 1005 659 Praetores
1037 621 1144 659 obire
1174 622 1427 675 provinciam,
1460 633 1498 661 et
1527 625 1762 668 concursare,

358 687 661 731 .consueverunt,
692 695 757 724 aut
787 687 903 725 etiam
937 687 978 725 in
1011 696 1117 726 tanto
1151 688 1375 741 praedonum
1397 698 1506 728 metu
1535 700 1573 728 et
1593 690 1764 743 periculo

368 751 438 804 ipfi
459 752 661 804 navigare;
694 765 739 789 eo
760 761 933 805 tempore
953 753 999 791 ad
1020 753 1214 792 luxuriam
1241 755 1497 808 libidinesque
1518 756 1614 800 suas,
1645 757 1764 794 domo

370 817 434 855 sua
453 819 568 870 regia,
590 831 675 870 quae
697 818 794 870 regis
816 819 1000 856 Hieronis
1021 818 1112 864 fuit,
1135 834 1210 872 qua
1230 821 1411 859 Praetores
1433 822 1490 859 uti
1511 821 1643 866 solent,
1666 835 1762 859 con-

370 892 498 921 tentus
520 897 598 921 non
617 882 708 921 fuit.
739 884 1018 930 Tabernaeula,
1042 886 1375 938 quemadmodum
1393 886 1639 925 consueverat
1659 897 1760 926 tem-

370 949 528 1002 poribus
562 949 711 994 aestivis,
745 951 849 1002 quod
870 960 979 989 antea
1006 953 1087 1004 jam
1114 953 1384 998 demonstravi,
1416 953 1595 991 carbaseis
1616 954 1764 992 intenta

371 1016 478 1060 velis,
500 1015 679 1053 collocari
704 1015 812 1067 juffit
832 1017 872 1054 in
893 1017 1005 1055 litore
1023 1032 1032 1055 :
1065 1018 1170 1069 quod
1188 1018 1241 1055 est
1260 1018 1352 1056 litus
1372 1019 1413 1056 in
1434 1019 1555 1056 insula
1576 1020 1761 1070 Syracufis

372 1082 455 1134 post
476 1080 675 1120 Arethusae
695 1081 859 1128 fontem,
893 1093 1047 1136 propter
1080 1084 1206 1136 ipsum
1239 1085 1445 1123 introitum
1476 1094 1591 1137 atque
1619 1085 1761 1124 ostium

369 1158 517 1201 portus,
539 1162 695 1187 amoeno
716 1148 799 1186 sane
819 1159 858 1187 et
877 1149 924 1187 ab
945 1150 1096 1187 arbitris
1118 1159 1265 1188 remoto
1286 1150 1385 1189 loco.

427 1215 509 1252 Hic
529 1214 609 1252 dies
631 1214 773 1252 aestivos
795 1214 986 1267 sexaginta
1008 1216 1151 1253 Praetor
1169 1217 1306 1268 populi
1328 1217 1511 1261 Romani,
1540 1217 1664 1255 custos
1693 1217 1762 1255 de-

370 1278 571 1332 fensorque
591 1280 811 1333 provinciae,
847 1280 897 1318 fic
925 1280 1036 1325 vixit,
1073 1290 1115 1318 ut
1149 1281 1353 1319 muliebria
1383 1282 1557 1334 quotidie
1589 1283 1763 1321 convivia

369 1346 512 1391 effent;
545 1346 602 1384 vir
636 1346 881 1385 accumberet
915 1360 1045 1391 nemo,
1088 1355 1222 1400 praeter
1256 1348 1397 1400 ipsum,
1428 1358 1465 1386 et
1494 1357 1762 1400 praetextatum

370 1412 521 1450 filium:
555 1413 702 1450 tametfi
723 1415 821 1451 re&e
843 1413 918 1450 fine
938 1413 1163 1465 exceptione
1181 1414 1368 1459 dixeram,
1404 1415 1546 1459 virum,
1581 1427 1673 1452 cum
1703 1415 1762 1452 isti

371 1478 498 1524 effent,
523 1479 719 1517 neminem
741 1478 864 1516 fuisse.
898 1479 1195 1531 Nonnunquam
1216 1480 1332 1518 etiam
1353 1480 1513 1518 libertus
1535 1479 1762 1519 Timarchi-

372 1545 436 1584 des
457 1545 736 1584 adhibebatur:
769 1545 948 1583 mulieres
980 1555 1109 1583 autem
1130 1556 1260 1598 nuptae
1286 1547 1450 1592 nobiles,
1480 1556 1616 1600 praeter
1645 1561 1763 1585 unam

372 1613 486 1650 mimi
518 1611 649 1650 Ifidori
683 1611 820 1656 filiam,
856 1625 974 1663 quam
1009 1611 1090 1657 iste,
1121 1622 1278 1665 propter
1308 1627 1495 1657 amorem,
1530 1614 1577 1651 ab
1604 1612 1763 1651 Rhodio

372 1678 532 1716 tibicine
546 1678 777 1722 abduxerat3
802 1678 923 1730 Pippa
943 1678 1133 1730 quaedam,
1155 1693 1252 1717 uxor
1268 1679 1504 1716 AEschrionis
1528 1679 1760 1730 Syracusani,

372 1744 417 1781 de
438 1757 513 1796 qua
534 1743 695 1781 muliere
713 1743 873 1796 plurimi
900 1743 1039 1788 versus,
1076 1744 1145 1796 qui
1177 1745 1217 1781 in
1247 1743 1352 1781 istius
1387 1745 1638 1796 cupiditatem
1673 1744 1762 1782 fadi

373 1810 474 1854 sunt,
498 1820 575 1847 tota
597 1809 726 1847 Sicilia
744 1809 1064 1862 percelebrantur.
1098 1811 1190 1847 Erat
1210 1820 1248 1847 et
1268 1810 1384 1853 Nice,
1421 1809 1516 1846 facie
1543 1810 1696 1854 eximin,
1721 1821 1763 1848 ut

373 1876 611 1929 praedicatur,
645 1889 742 1913 uxor
776 1876 996 1913 Cleomenis
1029 1875 1261 1927 Syracusani.
1295 1877 1408 1914 Hanc
1442 1876 1669 1914 Cleomenes
1708 1878 1764 1913 vir

374 1943 547 1980 amabat:
580 1951 830 1980 veruntamen
865 1941 979 1994 hujus
1000 1943 1155 1980 libidini
1181 1942 1362 1980 adversari
1398 1956 1466 1979 nec
1500 1952 1659 1994 poterat,
1694 1957 1762 1980 nec

375 2009 550 2053 audebat,
573 2017 611 2046 et
632 2009 745 2046 fimul
767 2009 813 2046 ab
834 2009 903 2046 isto
924 2009 1034 2046 donis
1066 2008 1336 2061 beneficiisque
1356 2009 1534 2060 plurimis
1570 2009 1763 2046 devincie-

376 2076 500 2112 batur.
525 2075 598 2112 Illo
618 2084 747 2112 autem
767 2083 937 2127 tempore
959 2075 1037 2119 iste,
1061 2075 1207 2113 tametsi
1229 2089 1269 2112 ea
1290 2075 1341 2112 est
1362 2074 1533 2113 hominis
1556 2076 1761 2127 impuden-

375 2142 439 2186 tia,
473 2154 589 2192 quam
612 2140 741 2184 nostis,
774 2140 851 2192 ipse
881 2149 1024 2184 tamen,
1056 2154 1147 2178 cum
1179 2141 1236 2178 vir
1259 2141 1346 2178 esset
1368 2142 1568 2192 Syracusis,
1605 2155 1761 2178 uxorem

375 2208 454 2258 ejus
476 2220 611 2258 parum
631 2216 792 2258 poterat,
819 2206 949 2243 animo
971 2206 1092 2244 soluto
1113 2220 1155 2243 ac
1188 2207 1323 2251 libero,
1357 2216 1413 2244 tot
1441 2208 1479 2244 in
1501 2209 1579 2244 aeta
1599 2206 1675 2242 dies
1707 2207 1761 2242 se-

375 2287 465 2311 cum
479 2272 631 2310 habere.
652 2273 783 2325 Itaque
796 2273 988 2325 excogitat
1005 2286 1084 2310 rem
1103 2272 1345 2324 singularem.
1367 2274 1506 2315 ‹Nave—s,
1524 2273 1664 2323 quibua
1684 2273 1760 2308 Le-

375 2348 486 2390 gatus
506 2337 719 2390 praefuerat‚
739 2338 941 2376 Cleomeni
961 2338 1074 2376 tradit
1093 2353 1100 2376 :
1125 2339 1223 2376 clasii
1242 2338 1376 2390 populi
1394 2338 1562 2374 Romani
1581 2336 1761 2373 Cleome—

376 2418 464 2441 nem
482 2404 753 2454 Syraeusanum
774 2404 1058 2458 praeeffejubet,
1081 2415 1194 2456 atquc
1211 2405 1408 2456 imperare.
1433 2403 1523 2440 Hoc
1539 2417 1582 2440 eo
1596 2401 1702 2447 facit,
1724 2413 1764 2439 ut

459 2470 524 2507 To
537 2482 587 2507 M.
611 2469 682 2508 IV.
1330 2469 1366 2506 1<
1387 2467 1411 2504 k
1432 2468 1459 2506 k
