2201 2792
562 133 638 174 370
992 121 1082 161 IN
1152 122 1535 161 VERREM

559 220 815 259 confirmasses
850 221 1111 267 redditurum,
1158 223 1401 276 posteaquam
1437 224 1603 263 Cordius
1639 238 1708 278 pro
1742 223 1962 262 testimonio

559 288 670 333 dixit,
695 298 730 326 te
751 288 820 326 fibi
841 288 1052 334 reddidisse,
1074 289 1192 327 finem
1214 290 1397 328 reddendi
1417 289 1539 329 fecisti
1554 309 1566 336 3
1598 290 1705 343 quod
1725 289 1961 334 intellexisti,

559 362 611 398 te,
642 353 766 406 praeda
786 354 832 391 de
854 354 1032 391 manibus
1063 354 1205 399 amissa,
1238 355 1504 393 testimonium
1535 364 1665 394 tamen
1685 355 1852 408 effugere
1884 369 1962 393 non

557 419 672 472 poffe.
706 422 781 458 Cn.
807 420 974 465 Calidio,
1006 421 1130 472 equiti
1161 421 1355 465 Romano,
1387 435 1452 474 per
1479 436 1613 461 omnes
1635 424 1817 461 Praetores
1849 421 1962 459 licuit

558 495 761 538 argentum
792 485 930 523 habere
960 486 1057 524 bene
1090 485 1263 525 factum:
1300 487 1413 525 licuit
1443 488 1543 540 poffe
1574 489 1791 527 domesticis
1822 488 1960 540 copiis,

558 566 651 590 cum
673 551 953 605 magistratum,
985 563 1049 591 aut
1069 553 1240 605 aliquem
1261 554 1493 606 superiorem
1514 554 1715 600 invitafl‘et,
1745 568 1891 599 ornare,
1922 563 1961 592 et

556 633 732 672 apparare
752 619 991 658 convivium.
1035 619 1160 658 Multi
1180 620 1290 658 domi
1311 622 1386 659 Cn.
1417 621 1573 666 Calidii,
1604 635 1697 660 curn
1725 621 1890 674 imperio
1918 634 1962 659 ac

555 686 740 739 potestate
760 684 945 724 fuerunt:
979 699 1095 724 nemo
1126 686 1303 725 inventus
1334 686 1386 724 est
1407 696 1487 725 tam
1507 701 1652 732 amens,
1680 688 1750 740 qui
1779 687 1880 725 illud
1899 700 1961 724 ar-

556 762 721 805 gentum
742 761 821 790 tam
842 753 1083 804 praeclarum,
1115 765 1157 790 ac
1178 762 1257 791 tam
1278 753 1409 792 nobile
1428 755 1591 807 eriperet
1603 773 1615 800 3
1648 767 1764 792 nemo
1790 763 1870 791 tam
1891 766 1961 791 au-

556 819 644 864 dax,
687 820 756 871 qui
790 819 988 871 posceret,
1034 833 1151 857 nemo
1185 829 1265 858 tam
1299 820 1520 873 impudens,
1563 821 1632 873 qui
1666 820 1887 874 postularet,
1918 828 1962 857 ut

557 885 748 924 venderet.

612 952 829 1004 Superbum
866 952 918 990 est
952 952 1073 997 enim,
1095 952 1267 1003 JudiceS‚
1298 961 1335 990 et
1356 966 1434 990 non
1455 951 1674 997 ferendum,
1709 953 1836 990 dicere
1857 953 1960 990 Prae-

555 1029 677 1057 torem
702 1020 740 1056 in
762 1019 959 1071 provincia
988 1018 1143 1056 homini
1175 1017 1349 1064 honesto,
1381 1019 1583 1073 locupleti,
1619 1019 1832 1072 splendidO,
1865 1021 1961 1057 Ven-

555 1086 596 1124 de
614 1086 808 1138 aeaezzlhz‘vcyiz
828 1087 971 1124 ccelczta.
1019 1086 1111 1123 Hoc
1142 1085 1194 1123 est
1214 1086 1320 1123 enim
1352 1086 1501 1131 dicere;
1534 1086 1629 1124 Non
1661 1099 1698 1123 es
1731 1085 1871 1138 dignus
1903 1094 1960 1129 tu,

556 1153 625 1204 qui
646 1151 798 1196 habeas,
830 1165 914 1204 quae
949 1161 1028 1189 tam
1059 1152 1155 1189 bene
1175 1150 1272 1189 facta
1292 1151 1363 1189 sint
1383 1166 1392 1190 z
1425 1166 1520 1190 mete
1541 1152 1740 1205 dignitatis
1772 1151 1839 1189 ista
1858 1151 1960 1189 sunt.

555 1220 622 1256 Tu
658 1218 825 1270 dignior,
854 1218 1005 1261 Verres,
1051 1230 1168 1268 quam
1205 1217 1411 1254 Calidius?
1444 1218 1511 1270 qui
1544 1218 1616 1269 (ut
1651 1231 1728 1255 non
1764 1215 1960 1254 conferam

555 1285 690 1329 vitam,
721 1293 836 1335 atque
857 1283 1179 1320 existimationem
1214 1293 1320 1320 tuam
1351 1296 1441 1321 cum
1464 1283 1594 1327 illius,
1627 1296 1752 1335 neque
1781 1283 1886 1320 enim
1908 1282 1962 1320 est

555 1349 812 1393 conferenda,
851 1347 926 1386 hoc
946 1348 1072 1400 ipsum
1093 1348 1303 1393 conferam,
1336 1363 1413 1401 quo
1442 1358 1483 1387 tu
1511 1359 1548 1387 te
1570 1350 1802 1402 superiorem
1823 1348 1957 1401 fingis)

555 1416 661 1469 quod
682 1417 773 1454 H-S
798 1428 916 1452 Lxxx
940 1415 1062 1452 millia
1081 1414 1323 1460 divisoribus,
1352 1425 1395 1453 ut
1416 1416 1558 1453 Praetor
1588 1415 1858 1460 renuntiarere,
1890 1415 1959 1452 de-

555 1482 668 1527 disti,
697 1491 867 1519 trecenta
887 1480 1108 1526 accusatori,
1140 1494 1187 1518 ne
1215 1481 1288 1519 tibi
1308 1481 1460 1520 odiosus
1492 1481 1610 1527 effet3
1643 1495 1685 1519 ea
1715 1495 1754 1519 re
1780 1490 1959 1519 contem-

555 1550 614 1588 nis
635 1548 848 1602 equestrem
873 1547 1064 1592 ordinem,
1096 1561 1138 1585 ac
1159 1548 1318 1601 despicis
1339 1548 1351 1585 ?
1383 1562 1424 1586 ea
1444 1562 1483 1586 re
1503 1548 1712 1601 indignum
1733 1548 1806 1587 tibi
1835 1548 1960 1586 visum

554 1616 621 1662 est,
658 1615 886 1668 quidquam,
928 1614 1032 1667 quod
1069 1614 1139 1652 tibi
1173 1615 1355 1668 placeret,
1397 1615 1595 1654 Calidium
1633 1616 1762 1668 potius
1796 1613 1959 1659 habere,

555 1696 672 1735 quam
696 1690 731 1720 te
752 1682 764 1718 ?
1196 1720 1198 1722 ,

609 1749 723 1786 ΧΧΙ.
757 1748 878 1799 Jachit
913 1746 947 1784 se
974 1747 1208 1799 jamdudum
1241 1747 1287 1785 de
1323 1747 1503 1786 Calidio:
1539 1756 1662 1785 narrat
1696 1747 1893 1792 omnibus,
1925 1744 1961 1783 se

555 1816 697 1854 emiffe.
730 1815 843 1853 Num
864 1815 980 1852 etiam
1002 1815 1048 1852 de
1069 1816 1117 1853 L.
1134 1815 1301 1867 Papirio,
1323 1815 1405 1853 viro
1425 1815 1622 1867 primario,
1655 1814 1861 1866 locuplete,
1884 1812 1959 1851 ho·—

555 1882 738 1934 nestoque
758 1880 888 1932 equite
904 1881 1084 1918 Romano
1106 1879 1352 1919 thuribulum
1373 1881 1522 1919 emisti?
1545 1881 1627 1931 Qi
1650 1894 1718 1933 pro
1739 1879 1960 1917 testimonio

555 1949 668 1993 dixit,
701 1957 752 1991 te,
776 1960 869 1984 cum
899 1946 1181 1999 inspiciendum
1204 1946 1447 1999 poposciffes,
1478 1947 1606 1985 avulso
1636 1946 1869 1985 emblemate
1897 1959 1957 1983 re-

556 2014 692 2052 mififfe
711 2028 719 2051 :
754 2021 795 2050 ut
823 2012 1062 2064 intelligatis,
1096 2013 1134 2050 in
1155 2012 1314 2051 homine
1335 2013 1633 2065 intelligentiam
1655 2012 1739 2057 effe,
1772 2026 1849 2050 non
1869 2025 1955 2050 ava-

557 2081 709 2124 ritiam5
741 2077 893 2116 artificii
915 2079 1119 2131 cupidum,
1142 2092 1218 2117 non
1239 2081 1385 2132 argenti
1406 2078 1528 2118 fuiffe.
1561 2080 1647 2118 Nec
1668 2079 1793 2117 solum
1819 2078 1860 2116 in
1883 2079 1955 2116 Pa-

555 2147 654 2200 pirio
674 2145 749 2183 fuit
779 2144 852 2183 hac
884 2145 1137 2183 abstinentia:
1172 2146 1297 2184 tenuit
1331 2144 1406 2184 hoc
1426 2145 1646 2184 institutum
1680 2146 1720 2183 in
1747 2144 1955 2183 thuribulis

555 2212 754 2256 omnibus,
785 2224 1027 2263 quaecunque
1057 2212 1097 2249 in
1130 2212 1258 2249 Sicilia
1288 2211 1459 2250 fuerunt.
1498 2211 1730 2250 Incredibile
1755 2211 1808 2248 est
1827 2219 1956 2248 autem

557 2292 674 2332 quam
696 2277 833 2322 multa,
864 2286 902 2314 et
933 2291 1050 2328 quam
1082 2278 1258 2331 praeclara
1288 2277 1447 2316 fuerint.
1491 2278 1617 2315 Credo
1649 2287 1749 2321 tum,
1780 2290 1872 2313 cum
1895 2276 1956 2313 Si-

557 2345 646 2383 cilia
667 2344 824 2382 florebat
843 2343 982 2396 opibus
1002 2353 1039 2382 et
1060 2344 1195 2396 copiis,
1218 2358 1357 2397 magna
1375 2343 1535 2382 artificia
1554 2343 1663 2381 fuiffe
1683 2343 1723 2380 in
1744 2356 1786 2380 ea
1805 2342 1927 2380 insula
1944 2357 1954 2380 :

558 2425 649 2450 nam
668 2411 807 2451 domus
840 2419 916 2449 erat
937 2420 1023 2449 ante
1051 2410 1167 2449 istum
1199 2412 1405 2449 Praetorem
1431 2410 1537 2449 nulla
1566 2410 1681 2464 paulo
1712 2408 1956 2462 locupletior,
