2201 2792
486 157 560 200 352
913 144 1002 183 IN
1075 144 1455 184 VERREM

481 257 564 281 eam
587 257 650 282 vos
684 244 789 282 istius
824 244 1067 282 damnatione
1088 246 1330 297 recuperatis.
1363 245 1472 296 Qid
1505 244 1557 282 est
1591 245 1697 283 enim
1733 244 1875 288 Sicilia,

482 311 507 348 si
530 311 564 348 ei
584 312 664 362 agri
683 310 897 348 cultionem
918 310 1121 354 sustuleris,
1137 320 1175 348 et
1195 311 1221 348 fi
1242 320 1432 349 aratorum
1453 324 1661 348 numerum
1677 324 1719 348 ac
1738 323 1878 348 nomen

482 377 736 415 exstinxeris?
769 377 875 427 Qid
897 377 1000 413 enim
1021 376 1143 428 potest
1162 376 1233 414 esse
1266 378 1305 414 in
1340 377 1555 415 calamitate
1589 377 1737 422 refidui‚
1774 376 1879 428 quod

482 457 558 481 non
580 444 625 481 ad
646 443 799 481 miseros
821 452 996 486 aratores,
1020 442 1090 480 isto
1110 443 1288 487 Praetore,
1311 456 1377 495 per
1397 443 1588 481 summam
1609 443 1789 495 injuriam
1816 443 1877 494 ig-

482 511 776 560 nominiamque
796 509 1007 561 pervenerit
1026 509 1038 545 ?
1070 509 1226 560 quibus,
1249 522 1340 547 cum
1361 509 1540 547 decumas
1561 510 1647 547 dare
1681 510 1876 553 deberent,

482 576 547 613 vix
577 576 663 628 ipsis
695 576 867 612 decuxnae
899 575 1036 612 relictae
1057 575 1166 613 sunt:
1199 589 1290 613 cum
1326 576 1489 628 pecunia
1514 576 1727 620 deberetur,
1760 575 1880 613 soluta

481 656 560 680 non
594 643 671 680 est:
705 656 795 680 cum
830 642 977 694 optima
1011 642 1257 680 aestimatione
1289 642 1434 680 senatus
1466 641 1709 680 frumentum
1743 654 1806 678 eos
1838 641 1879 678 in

481 709 618 747 cellam
639 709 724 746 dare
745 707 931 753 voluiffet,
961 709 1078 746 etiam
1099 709 1349 746 instrumenta
1368 723 1547 761 agrorum
1578 709 1737 746 vendere
1757 707 1878 745 coasti

481 775 581 814 sunt.

541 841 734 879 XCVIII.
768 841 861 878 Dixi
877 841 958 892 jam
980 850 1101 886 antea,
1118 841 1288 892 Judices,
1321 850 1363 878 ut
1383 840 1448 879 has
1467 854 1600 878 omnes
1621 840 1777 892 injurias
1799 839 1874 876 tol-

481 908 580 952 latis,
600 917 727 945 tamen
749 907 867 959 ipsam
889 908 1075 945 rationem
1091 908 1219 945 arandi
1235 908 1297 960 spe
1319 909 1454 959 magiS,
1474 907 1766 959 etjucunditate
1781 919 1876 958 qua-

481 974 584 1017 dam,
608 987 725 1025 quam
747 972 888 1017 fructu,
910 983 1023 1024 atque
1055 973 1320 1010 emolumento
1342 973 1461 1009 teneri
1480 987 1488 1010 ι
1521 972 1666 1009 etenim
1687 971 1732 1008 ad
1752 972 1876 1009 incer-

481 1049 566 1078 tum
587 1040 730 1084 casum,
752 1049 789 1076 et
809 1048 1006 1083 eventum,
1028 1049 1152 1076 certus
1174 1039 1378 1091 quotannis
1399 1039 1519 1083 labor,
1542 1047 1580 1076 et
1600 1047 1723 1076 certus
1744 1038 1876 1091 sump-

479 1116 542 1144 tus
578 1106 829 1158 impenditur.
889 1107 1056 1143 Annona
1096 1119 1209 1158 porro
1244 1106 1413 1157 pretium
1429 1134 1440 1150 ‚
1477 1105 1545 1143 nifi
1582 1105 1623 1142 in
1662 1104 1878 1142 calamitate

479 1171 693 1217 fruetuum,
716 1185 793 1209 non
814 1170 942 1209 habet.
967 1172 1005 1209 Si
1025 1182 1154 1208 autem
1177 1171 1327 1209 ubertas
1349 1172 1389 1208 in
1410 1170 1666 1223 percipiendis
1686 1169 1875 1209 frustibus

479 1239 570 1283 fuit,
601 1239 847 1290 consequitur
867 1238 990 1275 vilitas
1012 1239 1051 1275 in
1072 1238 1278 1275 vendendis
1298 1252 1306 1275 :
1340 1246 1382 1274 ut
1414 1247 1479 1275 aut
1500 1238 1599 1275 male
1630 1237 1876 1275 vendendum

479 1305 686 1357 intelligas,
709 1305 734 1342 fi
753 1303 927 1357 proceffit
944 1322 955 1348 3
987 1312 1051 1342 aut
1086 1304 1185 1341 male
1205 1312 1402 1356 perceptos
1423 1303 1584 1348 fructus,
1621 1303 1647 1342 fi
1667 1305 1765 1341 recte
1785 1304 1876 1341 licet

479 1372 654 1411 vendere.
686 1372 798 1409 Totae
818 1380 947 1408 autem
981 1384 1038 1408 res
1072 1370 1219 1408 rusticae
1238 1370 1426 1422 ejusmodi
1447 1371 1545 1416 sunt,
1574 1379 1617 1408 ut
1637 1383 1695 1408 eas
1716 1384 1795 1408 non
1815 1384 1876 1408 ra-

479 1439 548 1483 tio,
581 1451 705 1491 neque
739 1437 860 1481 labor,
897 1437 958 1474 sed
990 1450 1046 1475 res
1077 1436 1346 1481 incertiffimae,
1383 1438 1500 1481 venti,
1547 1436 1874 1489 tempestatesque,

480 1506 739 1544 moderentur.
786 1504 895 1542 Hinc
925 1517 1017 1541 cum
1053 1517 1136 1541 unae
1156 1503 1327 1541 decumae
1353 1503 1450 1555 lege,
1488 1512 1525 1540 et
1544 1504 1767 1541 conditione
1797 1513 1875 1541 tra-

478 1570 648 1616 hantur3
680 1571 804 1609 alterae
825 1571 932 1608 novis
954 1570 1136 1608 institutis
1168 1579 1323 1622 propter
1342 1583 1501 1608 annona:
1533 1570 1718 1607 rationem
1746 1570 1874 1623 impe-

479 1647 639 1682 rentur;
671 1646 820 1676 ematur
840 1646 1018 1689 praeterea
1037 1635 1281 1674 frumentum
1303 1636 1508 1687 quotannis
1537 1636 1708 1688 publice,
1729 1636 1875 1689 postre-

479 1719 546 1743 mo
567 1705 684 1742 etiam
715 1704 755 1741 in
786 1703 924 1740 cellam
946 1702 1241 1754 magistratibUS,
1273 1710 1310 1739 et
1331 1702 1463 1756 legatis
1495 1702 1733 1756 imperetur3
1765 1703 1875 1755 quid,

479 1781 543 1810 aut
564 1781 753 1825 quantum
788 1780 963 1823 praeterea
997 1769 1061 1813 est,
1095 1769 1199 1821 quod
1221 1777 1285 1806 aut
1316 1769 1481 1807 liberum
1502 1769 1612 1821 poffit
1642 1768 1780 1808 habere
1810 1770 1876 1808 ille

479 1839 613 1883 arator,
649 1851 691 1876 ac
712 1837 892 1875 dominus
923 1837 962 1874 in
990 1836 1170 1888 potestate
1191 1835 1345 1873 suorum
1366 1834 1580 1880 fruetuum,
1616 1845 1679 1873 aut
1713 1836 1753 1873 in
1787 1836 1874 1889 ipsis

478 1903 669 1942 fructibus
691 1904 860 1941 solutum
880 1903 893 1939 ?

536 1970 654 2021 Qod
675 1970 700 2007 fi
721 1968 803 2006 haec
824 1967 1000 2005 feruntur
1020 1967 1178 2011 omnia3
1211 1968 1235 2005 fi
1259 1968 1365 2005 vobis
1386 1968 1528 2020 potiuS,
1551 1981 1592 2005 ac
1615 1968 1760 2020 populo
1790 1968 1874 2007 Ro-

480 2050 620 2081 mano,
659 2048 776 2088 quam
807 2034 899 2079 fibi,
931 2043 968 2072 et
998 2034 1071 2072 suis
1102 2034 1341 2078 commodis,
1372 2048 1508 2087 opera,
1539 2034 1716 2087 sumptu,
1747 2035 1877 2073 labore

480 2103 721 2145 deserviunt3
753 2102 919 2139 etiamne
950 2099 1030 2138 haec
1062 2114 1157 2138 nova
1188 2101 1328 2138 debent
1349 2101 1482 2146 edicta,
1514 2112 1552 2138 et
1581 2102 1743 2154 imperia
1772 2103 1874 2140 Prae-

480 2179 609 2206 torum
629 2197 638 2212 ,
679 2177 715 2204 et
751 2167 914 2219 Apronii
945 2166 1279 2211 dominationem,
1321 2176 1359 2204 et
1397 2166 1652 2206 Veneriorum
1680 2167 1872 2205 servorum

481 2234 596 2279 furta,
614 2233 833 2286 rapinasque
852 2231 1015 2284 perferre
1033 2232 1045 2268 ?
1076 2234 1243 2271 etiamne
1259 2232 1500 2271 frumentum
1522 2247 1590 2286 pro
1610 2242 1743 2285 empto
1759 2233 1876 2285 gratis

482 2301 599 2339 dare?
631 2301 796 2338 etiamne
816 2299 855 2336 in
873 2298 1008 2336 cellam
1039 2312 1131 2337 cum
1166 2300 1323 2351 cupiant
1352 2299 1466 2351 gratis
1501 2299 1586 2336 dare
1608 2299 1721 2342 ultro,
1754 2312 1872 2350 pecu-

482 2367 586 2406 niam
607 2366 789 2420 grandem
810 2365 895 2403 dare
913 2365 925 2402 ?
956 2365 1123 2402 etiamne
1142 2364 1222 2403 haec
1254 2373 1312 2402 tot
1331 2365 1572 2408 detrimenta,
1605 2373 1718 2416 atque
1737 2365 1875 2402 damna

482 2433 663 2471 maximis
695 2432 858 2484 injuriiS,
889 2431 1212 2483 contumeliisque
1242 2429 1437 2483 perferre?
1471 2432 1604 2482 ltaque
1631 2429 1726 2475 haec,
1759 2431 1873 2481 Judi-

481 2511 560 2545 ces,
582 2512 666 2552 quae
685 2498 764 2552 pati
786 2497 893 2537 nullo
913 2498 1030 2537 modo
1049 2506 1270 2552 potuerunt,
1293 2510 1368 2537 non
1390 2496 1643 2549 pertulerunt.
1676 2497 1875 2536 Arationes
