2201 2792
649 128 996 170 ACTIONIS
1038 134 1092 173 ΙΙ.
1152 137 1362 179 LIBER
1397 144 1469 182 III.
1677 167 1726 205 30

345 369 404 394 To
430 371 743 401 CONFERENDO.
767 365 1118 408 TESTIMONIUM
1142 373 1569 420 IMACHARENSIUM.
1589 384 1752 424 Ennen-

339 423 408 469 ses,
431 440 524 465 cum
545 429 720 469 decumae
741 433 926 473 venissent
961 438 1040 489 agri
1074 440 1263 480 Ennenfis
1294 445 1542 487 medimnum
1566 464 1638 491 cm
1671 466 1749 494 cm

340 501 419 530 clo
446 480 514 538 cc,
544 496 722 547 Apronio
743 501 864 537 coacti
886 501 972 540 sunt
993 504 1080 542 dare
1115 507 1234 546 tritici
1251 511 1430 551 modium
1450 528 1555 554 xvm
1571 530 1584 555 1
1611 519 1749 565 millia,

336 564 374 593 et
408 557 500 596 H-S
529 574 597 599 111
633 563 770 602 millia.
819 566 972 617 Qaeso,
1004 572 1203 618 attendite,
1241 587 1408 628 quantus
1444 594 1629 622 numerus
1663 584 1748 624 fru-

337 625 460 662 menti
481 636 641 678 cogatur
671 642 718 667 ex
739 633 848 669 omni
878 647 968 686 agro
999 636 1228 679 decumano.
1261 643 1368 682 Nam
1400 660 1468 698 per
1497 661 1629 688 omnes
1651 653 1749 691 civi-

335 697 444 735 tates,
476 706 561 744 quae
592 695 774 735 decumas
810 699 967 746 debent,
997 707 1187 756 percurrit
1220 711 1342 748 oratio
1376 726 1490 759 mea,-
1529 725 1567 754 et
1596 717 1637 755 in
1671 718 1747 758 hoc

331 768 471 806 genere
505 773 624 805 nunc,
659 762 830 812 Judices,
862 768 1001 814 versor,
1029 770 1069 808 in
1105 786 1183 825 quo
1217 789 1295 814 non
1327 777 1551 831 fingillatim
1583 794 1745 824 aratores

332 823 446 861 everfi
474 824 585 864 bonis
621 830 805 869 omnibus
841 831 942 879 sunt,
974 835 1036 874 sed
1070 840 1230 890 publice
1264 843 1486 884 decumanis
1521 848 1625 887 lucra
1660 851 1744 890 data

330 887 431 933 sunt,
464 900 506 928 ut
526 892 734 944 aliquando
754 910 801 934 ex
822 912 955 938 eorum
992 904 1090 954 agris
1112 915 1227 957 atque
1258 909 1432 956 urbibus,
1464 914 1607 966 expleti
1628 926 1742 970 atque

331 952 458 1000 saturi,
491 971 582 996 cum
603 958 678 998 hoc
699 965 860 1002 cumulo
881 968 1042 1018 quaestfis
1064 971 1305 1014 decederent.

384 1021 536 1061 XLIII.
567 1025 773 1065 Calactinis
795 1033 1049 1081 quamobrem
1069 1037 1263 1090 imperasti
1284 1055 1385 1081 anno
1406 1046 1532 1091 tertio,
1555 1057 1598 1085 ut
1619 1049 1739 1088 decu-

327 1099 408 1124 mas
429 1090 508 1140 agri
529 1090 599 1135 sui,
623 1106 715 1144 quas
738 1096 899 1135 Calaftae
921 1099 1008 1137 dare
1028 1103 1315 1152 consueverant,
1334 1111 1540 1150 Amestrati
1561 1115 1624 1152 M.
1649 1117 1737 1155 Cae-

324 1152 378 1192 fio
398 1155 612 1196 decumano
628 1160 783 1206 darent,-
817 1166 922 1216 quod
942 1180 1067 1220 neque
1087 1181 1173 1209 ante
1194 1181 1229 1210 te
1246 1175 1453 1216 Praetorem
1473 1179 1532 1217 1111
1553 1180 1735 1230 fecerant,

326 1233 452 1274 neque
472 1231 514 1260 tu
535 1225 613 1277 ipse
633 1225 709 1264 hoc
730 1229 782 1266 ita
808 1230 984 1271 statueras
1005 1245 1114 1274 antea
1131 1252 1198 1290 per
1219 1239 1423 1281 biennium
1443 1245 1456 1282 ?
1488 1245 1734 1289 Theomnas-

321 1294 384 1324 tus
405 1290 655 1340 Syracusanus
676 1294 717 1331 in
745 1309 879 1348 agrum
902 1299 1176 1352 Mutycensem
1197 1319 1266 1344 cur
1286 1308 1351 1346 abs
1374 1319 1410 1348 te
1435 1311 1626 1353 immifl‘us
1648 1317 1732 1356 est?

300 1354 390 1404 ‚qui
425 1365 586 1395 aratores
620 1359 673 1397 ita
695 1364 857 1408 vexavit,
890 1375 933 1403 ut
963 1367 1023 1405 illi
1054 1369 1093 1406 in
1125 1371 1258 1411 alteras
1279 1373 1475 1424 decumas,
1506 1379 1552 1417 id·
1567 1382 1670 1433 quod
1690 1384 1733 1422 in

318 1419 402 1458 aliis
437 1435 594 1475 quoque
628 1425 849 1466 civitatibus
881 1431 1098 1481 ostendam,
1135 1438 1313 1479 triticum
1349 1455 1477 1482 emere
1511 1448 1729 1496 neceffario,

317 1495 474 1539 propter
492 1488 678 1542 inopiam,
701 1505 940 1546 cogerentur.

372 1553 461 1603 Jam
482 1569 570 1594 vero
590 1571 637 1595 ex
657 1560 918 1610 Hyblenfium
951 1568 1194 1618 paffionibus
1226 1572 1465 1627 intelligetis,
1500 1592 1584 1630 quae
1610 1584 1727 1633 pac‘tae

315 1617 389 1656 fint
409 1633 501 1658 cum
524 1621 738 1665 decumano
760 1628 834 1666 Cn.
859 1631 1004 1683 Sergio,
1036 1634 1172 1674 sexties
1201 1647 1367 1685 tantum,
1393 1656 1512 1694 quam
1534 1657 1726 1697 quantum

315 1684 436 1724 satum
458 1687 516 1733 fit,
549 1690 721 1730 ablatum
742 1693 813 1732 effe
829 1696 876 1734 ab
897 1701 1121 1740 aratoribus.
1154 1705 1291 1743 Recita
1312 1707 1487 1754 sationes,
1519 1721 1555 1749 et
1574 1715 1722 1765 paetio·

312 1764 379 1789 nes
414 1766 462 1791 ex
506 1755 626 1794 literis
661 1760 843 1811 publicis.
894 1765 1043 1805 Recita.
1094 1770 1362 1811 Prionos-Es
1401 1776 1720 1820 HYBLENSIUM

313 1830 410 1856 CUM
432 1820 643 1861 VENERlo
667 1838 803 1865 SERvo
828 1843 883 1867 Ex
907 1844 1094 1872 LITERIS
1120 1848 1347 1878 PUBLICIS.
1373 1842 1604 1895 Cognoscite
1624 1847 1721 1886 item

308 1883 555 1936 profeffiones
590 1889 795 1939 sationum,
828 1905 865 1934 et
894 1900 1087 1949 pactiones
1123 1902 1401 1945 Meneniorum
1437 1923 1530 1947 cum
1554 1912 1721 1953 Venerio

308 1950 426 1990 servo.
470 1954 608 1994 Recita
639 1971 685 1996 ex
716 1960 835 2000 literis
867 1965 1051 2016 publicis.
1084 1969 1413 2013 PROFESSIONES
1451 1990 1717 2027 SATIONUM,

310 2029 368 2054 ET
394 2030 653 2061 PACTIONES
677 2025 1009 2070 MENENmRuM
1035 2047 1131 2072 CUM
1158 2037 1370 2078 VENERIO
1395 2055 1532 2081 SERvo
1556 2059 1610 2083 Ex
1645 2060 1716 2086 LI-

308 2095 443 2122 TER1s
470 2098 694 2128 PUBLICIS.
738 2093 961 2142 Patiemini,
993 2100 1164 2149 Judices,
1195 2118 1214 2141 a
1248 2105 1374 2152 sociis,
1421 2110 1467 2147 ab
1504 2113 1714 2152 aratoribus

303 2150 441 2202 populi
462 2153 646 2201 Romani,
678 2158 725 2195 ab
757 2160 818 2206 iis,
851 2164 918 2214 qui
940 2165 1047 2204 vobis
1083 2168 1269 2217 laborant,
1302 2175 1410 2213 vobis
1432 2177 1613 2224 serviunt,
1645 2182 1713 2231 qui

304 2216 356 2253 ita
375 2217 534 2268 plebem
565 2222 785 2263 Romanam
808 2228 854 2265 ab
876 2229 947 2267 sese
981 2232 1030 2269 ali
1051 2234 1201 2282 volunt,
1234 2248 1277 2277 ut
1308 2240 1377 2278 fibi
1409 2256 1450 2280 ac
1472 2243 1600 2281 liberis
1635 2245 1710 2283 suis

302 2291 454 2322 tantum
477 2286 646 2339 superfit,
679 2305 758 2343 quo
777 2293 845 2346 ipfi
868 2296 917 2334 ali
938 2298 1091 2350 poffint,
1123 2304 1169 2340 ab
1202 2302 1277 2350 his,
1300 2321 1367 2358 per
1386 2308 1577 2347 summam
1604 2311 1708 2362 inju-

302 2348 413 2393 riam,
434 2365 502 2403 per
523 2356 774 2397 acerbiffimas
794 2365 1064 2412 contumelias,
1095 2368 1183 2420 plus
1204 2371 1400 2423 aliquanto
1419 2374 1590 2413 ablatum
1621 2376 1706 2424 effe,

301 2427 419 2465 quam
439 2428 575 2458 natum
596 2422 641 2460 fit
659 2424 673 2460 ?

355 2480 500 2529 Sentio,
531 2487 713 2537 Judices,
747 2494 1026 2536 moderandum
1061 2498 1162 2537 mihi
1194 2500 1262 2539 effe
1287 2502 1370 2554 jam
1400 2506 1564 2546 orationi
1594 2521 1703 2555 meae,
