2201 2792
577 392 686 452 Pro
730 389 930 451 Publio
972 387 1227 472 Qintio,
1285 390 1388 449 Or.
1437 391 1482 448 Ι.

471 628 580 669 Edit.
616 626 762 668 Olivet.

300 765 402 806 ρζΙ

1095 624 1594 673 Μ85.ΟΗ8Τς·,χι

1155 763 1166 791 1

304 816 342 846 25
406 786 416 800 v
443 806 499 836 Pro
512 805 585 834 Pub.
600 804 723 843 Qintio
744 804 774 834 T
790 811 839 842 pro
853 804 1008 840 defendenda
1063 773 1103 832 {6
1146 784 1180 841 23
1204 802 1331 832 decernit
1344 801 1524 832 Cdecernitur

484 849 563 882 causa
587 845 786 874 publicanorum
810 857 827 874 s·
851 845 903 872 Pro
916 845 950 872 P.
965 845 1005 882 Q

485 889 570 914 orasio
582 887 623 913 ad
633 886 668 914 C.
682 885 818 924 Aquilium
833 887 927 922 intipit

444 926 546 955 Oratio
561 925 653 964 prima
665 926 690 954 C
705 928 744 954 ad
754 927 864 964 Judices
877 927 959 953 oratio

406 977 423 996 2
446 966 537 995 ambae
551 979 568 995 ε-
582 968 609 994 d.

408 1017 423 1045 3
447 1007 576 1039 alteram,
592 1005 659 1034 C.C
681 1005 772 1034 altera
782 1007 818 1034 G.
1061 1013 1100 1043 27

404 1058 424 1083 4
443 1045 616 1084 Eloquentia
631 1046 655 1074 C
670 1045 846 1084 Eloquentiam

385 1102 426 1110 --
446 1097 482 1115 ne
495 1087 524 1115 T
539 1097 581 1114 nee

406 1138 422 1167 5
445 1136 481 1155 ne
495 1127 519 1155 C
532 1128 557 1155 d.
581 1135 617 1155 ne
631 1126 664 1155 P.
679 1138 697 1155 ς
711 1128 816 1164 nepotis,

405 1167 426 1196 6
446 1167 478 1195 id
493 1176 559 1195 vero
572 1180 594 1203 χ
606 1168 634 1194 d.

404 1216 424 1244 7
446 1207 589 1235 videretur
602 1208 626 1235 C
640 1207 672 1235 H
688 1206 706 1234 S
721 1205 751 1235 T
765 1218 783 1235 ⁵-
795 1218 818 1243 χ
835 1206 942 1234 videtur

388 1257 426 1276 ιο
445 1247 557 1285 exiguae
570 1264 583 1270 -
598 1264 610 1270 -
626 1265 638 1271 -
653 1245 845 1286 gratiofiffimo
858 1246 887 1274 T
904 1246 920 1274 S
936 1247 964 1274 d.

388 1297 424 1316 12
447 1287 529 1315 nobis
544 1300 566 1323 χ
579 1289 606 1315 d.

388 1337 423 1365 ¹3
445 1326 557 1355 causam
572 1326 674 1365 Aquili
687 1325 713 1354 C
728 1325 758 1354 H
772 1338 794 1362 χ
807 1327 835 1353 d.

388 1377 426 1405 ¹4
444 1366 614 1396 exercitatus
631 1367 655 1396 C
669 1369 797 1395 exercitus

387 1417 398 1436 1
407 1417 423 1447 5
443 1414 561 1436 ventum
575 1407 613 1436 est
626 1410 724 1444 efer-te
736 1413 843 1435 ventum
855 1406 888 1443 est
901 1418 924 1443 χ
939 1417 1006 1435 ven-

485 1456 560 1476 turus
573 1446 720 1484 (sedscrib.
744 1449 772 1474 in
794 1456 879 1483 marg.
899 1453 1006 1475 ventum

483 1489 538 1524 est)

410 1537 420 1555 ι
446 1527 581 1555 haberem
595 1539 612 1556 ς-
626 1527 753 1554 bominum

383 1581 426 1592 ·-
446 1567 582 1604 temporis
604 1566 722 1605 quidem
736 1565 762 1595 C
784 1563 935 1603 temporibus
948 1567 1005 1604 qui·

486 1609 533 1636 bus

409 1657 425 1676 2
446 1647 534 1676 habui
550 1647 574 1676 C
589 1646 669 1676 habea

384 1703 426 1710 —
445 1697 503 1716 rem
519 1688 545 1717 C
562 1690 631 1716 ratio

407 1737 422 1765 3
444 1727 547 1765 poss‘em
563 1727 588 1756 C
601 1739 618 1756 r
631 1741 652 1764 χ
660 1727 745 1765 poffi‘m

384 1782 426 1791 —
445 1768 489 1796 Ita
502 1768 532 1797 H
547 1769 593 1796 Ita
597 1768 629 1806 st

381 1823 425 1831 —
445 1808 552 1837 caeteris
568 1808 596 1836 H
613 1808 676 1836 aliis

406 1858 423 1884 7
447 1849 482 1878 C.
497 1849 521 1876 C
535 1849 571 1877 G.
586 1847 788 1886 (elficfimper)

383 1903 425 1912 -
445 1888 497 1917 hos
512 1889 542 1917 Τ
556 1902 577 1924 χ
590 1898 634 1916 vos
650 1887 713 1925 (fid
724 1888 810 1924 zst‘I’·
826 1886 845 1914 I.
862 1886 914 1919 bos)

407 1931 424 1958 8
447 1928 548 1957 adsunt
569 1928 593 1956 C
619 1929 649 1957 H
675 1929 692 1956 S
714 1928 743 1956 T
766 1939 783 1956 ς-
800 1926 864 1963 fimt
895 1925 1006 1960 adsunt,

487 1969 599 1997 meliori
613 1983 634 2004 χ
641 1969 703 2005 sim!
717 1967 815 1996 meliori
1061 1966 1097 1994 28

386 2024 427 2034 —
447 2009 544 2037 audire
560 2009 584 2037 C
598 2010 686 2037 audite

407 2060 426 2089 9
450 2049 540 2077 virtus
563 2062 584 2084 χ
613 2052 659 2083 (in
684 2059 770 2086 marg.
796 2048 890 2076 recenti
917 2047 1004 2082 manu)

488 2098 592 2117 verna}

305 1527 346 1558 26

390 2139 401 2158 ι
411 2138 425 2157 2
447 2128 588 2167 pendetur
602 2129 749 2166 zpenderet

390 2179 425 2207 ¹3
448 2177 532 2206 atque
548 2170 572 2197 C
589 2168 618 2196 H
632 2181 649 2197 ε-
663 2179 740 2206 neque

390 2210 427 2238 16
449 2208 499 2238 ubi
513 2209 640 2237 confissat
659 2208 684 2236 C
707 2208 737 2237 H
753 2207 770 2236 S
792 2208 820 2236 T
836 2219 852 2236 ς
866 2221 887 2243 χ
911 2206 956 2235 ubi
970 2217 1007 2235 ret

488 2250 606 2287 consistat

393 2290 427 2318 18
448 2298 506 2328 quo
521 2290 592 2318 mihi
609 2289 634 2318 C
649 2290 717 2326 quod
734 2290 778 2327 qui
792 2287 855 2316 mila·
869 2287 933 2326 Tfi
945 2288 1011 2325 quod

489 2330 555 2357 mihi
567 2343 587 2365 χ
602 2331 669 2367 quod
680 2329 744 2358 mihi

389 2379 427 2398 22
449 2369 534 2397 afficit
551 2371 577 2397 Η
592 2371 688 2406 conficit

429 2410 519 2438 Tou.
541 2409 595 2437 IV.

1145 853 1184 882 ²9
1204 853 1270 871 vera
1284 843 1309 872 C
1322 856 1344 880 χ
1357 854 1421 871 vero

1140 899 1182 905 —
1202 883 1330 912 homines
1346 895 1363 912 ς
1377 883 1404 911 d.

1139 939 1181 947 --
1202 923 1359 952 fortiffirnos
1373 935 1391 951 ς-
1404 922 1431 951 α’.

1144 974 1180 1002 32
1202 963 1224 991 is
1241 976 1258 992 ς-
1271 965 1302 991 id
1315 963 1444 1000 (stdsup.
1459 961 1506 990 lin.
1521 973 1571 990 rec.
1587 973 1664 991 manu
1678 961 1715 996 is)

1167 1013 1177 1032 1
1202 1013 1267 1032 eum
1281 1017 1303 1039 χ
1317 1015 1394 1041 quam
1416 1002 1543 1040 (stdfiaep.
1560 1003 1607 1031 lin.
1623 1013 1672 1032 rec.
1688 1013 1764 1032 manu

1242 1043 1337 1081 quum)

1164 1093 1179 1113 2
1201 1083 1425 1121 facultatemque
1439 1082 1621 1122 rfacultatem

1163 1135 1177 1164 ς
1197 1123 1300 1162 jecerit
1315 1123 1339 1152 C
1355 1124 1385 1152 H
1402 1123 1420 1151 S
1434 1136 1462 1157 r,
1475 1137 1497 1160 χ
1510 1122 1600 1162 legerit
1612 1122 1675 1160 (fid
1685 1126 1712 1152 in
1726 1135 1761 1153 m„

1241 1175 1290 1192 rec.
1306 1175 1384 1192 manu
1396 1163 1622 1203 zjeteritfirib.)

1141 1218 1180 1226 —
1200 1203 1260 1233 illis
1275 1211 1370 1232 autem
1386 1203 1416 1232 H
1431 1217 1448 1233 ς-
1461 1203 1519 1233 illis
1529 1211 1583 1233 tum

1161 1243 1180 1272 6
1201 1252 1230 1272 et
1245 1244 1270 1272 C
1285 1257 1313 1278 ς,
1327 1257 1348 1280 χ
1361 1245 1390 1272 d.

1163 1293 1180 1320 7
1201 1283 1335 1321 adempta
1348 1297 1370 1320 χ
1383 1285 1538 1313 attentanda

1161 1326 1178 1352 8
1202 1324 1279 1361 quafi
1294 1323 1319 1351 C
1333 1324 1359 1351 d.

1140 1378 1182 1386 —
1201 1372 1371 1392 venenatum
1384 1376 1406 1399 χ
1418 1364 1543 1392 venenati

1139 1418 1182 1428 —
1196 1404 1319 1441 jecerint
1333 1404 1358 1433 C
1373 1404 1391 1432 S
1406 1416 1423 1433 e
1435 1404 1543 1442 legerint
1582 1421 1590 1426 0

1145 1445 1180 1473 18
1201 1451 1342 1482 quantum
1357 1444 1382 1472 C
1399 1443 1430 1472 H
1446 1445 1464 1472 S
1479 1457 1501 1480 χ
1515 1453 1592 1482 quam
1608 1444 1672 1483 (fid
1686 1447 1714 1473 in
1728 1455 1763 1474 m.

1239 1496 1263 1521 χ
1275 1494 1326 1512 rec.
1341 1494 1419 1512 manu
1422 1483 1508 1520 scrib.
1520 1483 1601 1522 quid)

1143 1531 1180 1553 20
1200 1523 1350 1552 veritatem
1363 1536 1387 1561 χ
1400 1526 1523 1552 virtutem
1538 1523 1603 1561 (sed
1620 1526 1648 1553 in
1661 1535 1694 1553 m.
1711 1534 1760 1554 rec.

1242 1574 1320 1592 manu
1332 1565 1576 1601 veritatemftrib.)

1143 1612 1175 1631 21
1200 1603 1294 1632 adhuc
1307 1617 1329 1640 z
1342 1604 1447 1634 adhaec

1141 1653 1178 1672 22
1199 1644 1316 1681 reperiri
1332 1645 1356 1672 C
1372 1646 1455 1682 reperi
1469 1644 1486 1673 S
1502 1648 1598 1683 repperi

1141 1692 1177 1720 23
1202 1683 1329 1721 potuerit
1342 1684 1373 1712 H
1387 1697 1415 1718 r,
1429 1697 1450 1720 χ
1459 1689 1556 1723 poterit

1143 1732 1181 1760 ²4
1202 1723 1304 1761 Aquili
1315 1736 1332 1752 ς
1344 1723 1477 1762 Aquilium

1142 1772 1176 1801 33
1200 1770 1384 1793 veruntamen
1409 1773 1465 1792 non
1487 1764 1529 1793 ita
1547 1777 1565 1794 ς-
1578 1774 1670 1793 verum
1683 1768 1760 1794 etiam

1240 1814 1288 1831 non
1304 1812 1358 1832 ram

1142 1850 1181 1881 34
1201 1843 1279 1882 quod
1294 1843 1320 1872 ei
1334 1843 1436 1873 deesset
1456 1857 1473 1873 ς·
1488 1855 1534 1882 quo
1547 1845 1571 1872 ei
1584 1845 1664 1881 deff!
1679 1857 1699 1880 χ
1713 1857 1759 1883 quo

1239 1885 1315 1912 eidem
1329 1887 1383 1922 effer
1400 1884 1461 1922 (fid
1473 1886 1566 1913 ernend-
1593 1884 1641 1923 leg.
1665 1894 1713 1923 quo
1737 1888 1761 1914 ci

1241 1925 1326 1961 deff!

1161 1973 1176 2002 3
1201 1964 1333 2002 quaestum
1349 1978 1370 2000 χ
1384 1967 1479 2003 qua-stu

1163 2015 1177 2043 ς
1200 2004 1280 2042 quod
1297 2005 1321 2032 C
1337 2017 1364 2037 ς,
1379 2019 1401 2041 χ
1415 2006 1513 2043 quidem
1529 2005 1559 2033 H
1574 2006 1638 2043 quid

1160 2045 1179 2074 6
1201 2044 1375 2074 condisceret
1390 2058 1407 2074 ε·
1419 2045 1555 2082 contulfflt
1568 2058 1589 2081 te:
1613 2046 1760 2073 condixerat

1242 2083 1307 2122 (scd
1317 2095 1366 2113 rec.
1388 2096 1465 2114 manu
1471 2087 1533 2123 sup.
1549 2085 1597 2113 lin.
1605 2085 1687 2121 scrib.
1702 2097 1760 2114 ccu-

1243 2125 1357 2161 disceret)

1163 2166 1178 2193 8
1200 2175 1291 2194 rerum
1307 2178 1323 2193 ς-
1337 2166 1364 2192 d.

1161 2216 1179 2243 9
1202 2205 1334 2243 pecuaria
1349 2206 1373 2234 C
1390 2206 1407 2233 S
1422 2206 1451 2233 T
1461 2206 1613 2243 pecuniam'a

1145 2254 1182 2273 10
1204 2245 1322 2274 Liciniis
1336 2245 1364 2273 T
1378 2245 1494 2273 Laciniis

1143 2301 1182 2308 —
1203 2296 1219 2314 a
1233 2294 1395 2324 praeconum
1419 2284 1542 2312 consessu
1563 2297 1586 2320 χ
1610 2285 1647 2311 ad
1664 2292 1760 2321 pra-to-

1246 2329 1313 2352 rium
1339 2324 1403 2361 (fid
1424 2335 1473 2351 rec.
1499 2336 1576 2353 manu
1588 2323 1648 2361 sup.
1671 2324 1717 2352 litt.
1743 2334 1761 2351 a

1240 2374 1385 2402 pra-conum
1408 2363 1531 2400 consensu)

1384 2404 1491 2432 Xxx
