2201 2792
521 146 600 196 416
951 145 1041 184 IN
1113 145 1495 186 VERREM

517 244 568 281 C.
591 243 814 289 Norbanus,
842 244 882 282 in
903 244 1057 283 summo
1090 245 1170 283 otio
1204 245 1294 283 fuit.
1328 244 1515 284 Perfacile
1535 245 1641 283 enim
1675 244 1749 283 sese
1783 245 1914 283 Sicilia

518 310 710 356 tuebatur,
731 324 777 348 ne
799 311 903 363 quod
927 311 967 348 in
989 311 1067 364 ipsa
1097 311 1247 349 bellum
1279 312 1398 364 poffet
1427 312 1597 350 existere.
1630 313 1789 350 Etenim
1821 326 1914 350 cum

517 375 618 414 nihil
641 386 719 415 tam
741 379 994 429 conjundtum
1015 378 1074 423 s1t,
1096 391 1214 429 quam
1235 379 1489 430 negotiatores
1510 378 1626 416 nostri
1647 393 1739 417 cum
1760 378 1913 423 Siculis,

517 442 600 487 usn,
623 457 675 488 re,
698 444 856 488 ratione,
883 443 1117 488 concordia;
1150 453 1188 481 et
1208 457 1300 481 cum
1331 444 1401 496 ipsi
1423 444 1542 482 Siculi
1563 458 1618 482 res
1639 445 1718 482 suas
1746 443 1798 482 ita
1818 458 1914 483 con-

515 508 665 546 stitutas
686 508 865 554 habeant,
899 518 942 547 ut
961 508 1021 547 his
1044 522 1180 562 pacem
1200 509 1379 562 expediat
1408 509 1509 555 effe;
1541 510 1753 562 imperium
1784 520 1915 548 autem

516 575 653 626 populi
673 575 845 614 Romani
866 575 914 612 fic
935 575 1112 628 diligant,
1146 584 1190 613 ut
1210 575 1249 612 id
1270 575 1470 620 imminui,
1497 584 1561 613 aut
1582 577 1814 614 commutari
1836 576 1915 614 mi-

517 640 623 678 nime
643 641 791 686 velint,
823 655 994 694 cumque
1015 641 1097 680 haec
1127 641 1174 679 ab
1205 642 1400 680 servorum
1421 641 1522 680 bello
1543 642 1726 694 pericula,
1754 651 1791 679 et
1813 643 1916 681 Prae-

516 716 644 746 torum
666 708 863 761 institutis,
895 717 933 745 et
953 708 1205 746 dominorum
1232 708 1432 761 disciplina
1461 708 1607 761 provisa
1627 708 1726 754 fint3
1759 708 1915 747 nullum

515 774 665 812 malum
686 774 738 812 est
758 774 1029 819 domesticum,
1051 775 1157 826 quod
1176 788 1222 813 ex
1238 774 1316 827 ipsa
1336 775 1532 827 provincia
1552 774 1653 813 nasci
1670 775 1796 827 poffit-

570 841 678 891 Qid
698 841 844 893 igitur?
882 841 1031 879 nulline
1052 850 1182 879 motus
1216 842 1256 879 in
1278 841 1406 879 Sicilia
1425 841 1633 886 servorum,
1658 841 1789 886 Verre,
1810 842 1913 879 Prae-

514 916 597 944 tore
614 908 626 944 ?
650 908 815 945 nullaene
831 907 1090 946 consensiones
1112 908 1219 946 fa&ae
1234 908 1306 946 effe
1326 908 1508 946 dicuntur
1524 909 1536 946 ?
1560 907 1677 947 Nihil
1695 908 1792 953 sane,
1810 908 1916 960 quod

513 974 560 1011 ad
577 974 763 1018 senatum,
786 974 1056 1027 populumque
1072 975 1300 1013 Romanum
1328 976 1565 1028 pervenerit:
1589 974 1703 1019 nihil,
1722 975 1828 1027 quod
1848 974 1915 1012 iste

514 1041 687 1078 Romam
716 1041 873 1093 publice
904 1041 1192 1093 conscripserit:
1229 1051 1266 1079 et
1288 1051 1415 1080 tamen
1437 1050 1612 1094 coeptum
1633 1041 1705 1079 effe
1725 1042 1766 1079 in
1786 1041 1916 1079 Sicilia

512 1107 662 1145 moveri
683 1107 832 1158 aliquot
852 1107 947 1145 locis
970 1107 1167 1145 servitium
1188 1107 1368 1161 suspicor.
1409 1108 1454 1146 Id
1474 1108 1566 1147 adeo
1585 1122 1664 1146 non
1686 1116 1766 1145 tam
1793 1102 1840 1145 ex
1860 1121 1912 1152 re,

514 1187 632 1226 quam
653 1188 700 1212 ex
721 1173 827 1211 istius
848 1172 972 1218 fastis,
987 1174 1224 1226 decretisque
1244 1175 1448 1227 cognosco.
1471 1177 1531 1213 Ac
1547 1175 1685 1220 videte,
1701 1188 1819 1227 quam
1834 1187 1913 1212 non

513 1240 677 1277 inimico
697 1240 828 1277 animo
849 1240 918 1277 fim
940 1241 1090 1278 asturus
1110 1255 1119 1278 t
1152 1254 1224 1293 ego
1244 1241 1323 1293 ipse
1343 1240 1439 1285 haec,
1463 1255 1547 1293 quae
1567 1240 1632 1279 ille
1655 1240 1805 1293 quaerit,
1828 1253 1913 1292 quae

513 1305 640 1344 adhuc
661 1320 863 1358 nunquam
885 1306 1054 1351 audistis,
1076 1308 1408 1353 commemorabo,
1441 1317 1479 1346 et
1509 1306 1715 1360 proferam.
1748 1307 1793 1345 In
1814 1306 1910 1345 Tri-

511 1373 652 1416 calino,
668 1386 785 1424 quem
801 1372 932 1410 locum
954 1371 1111 1425 fugitivi
1126 1373 1209 1424 jam
1234 1382 1320 1411 ante
1341 1382 1560 1418 tenuerunt,
1579 1372 1760 1412 Leonidae
1781 1371 1910 1425 cujus-

512 1439 602 1477 dam
623 1439 742 1477 Siculi
763 1437 911 1476 familia
939 1439 979 1476 in
1000 1439 1256 1492 suspicionem
1287 1449 1421 1478 vocata
1439 1440 1492 1478 est
1511 1439 1801 1492 conjurationis.
1833 1440 1912 1477 Res

511 1505 636 1543 delata
665 1505 711 1543 ad
732 1505 862 1543 istum.
896 1505 1033 1543 Statim
1058 1506 1119 1557 (ut
1150 1519 1218 1559 par
1248 1505 1342 1558 fuit)
1370 1506 1475 1558 juffu
1505 1507 1585 1559 ejus
1616 1505 1811 1551 homines,
1843 1506 1911 1558 qui

512 1573 703 1610 nominati
723 1580 843 1617 erant,
876 1571 1141 1625 comprehensi
1172 1572 1274 1618 sunt,
1305 1573 1536 1626 adductique
1555 1572 1777 1625 Lilybaeum
1795 1586 1805 1611 :
1823 1572 1910 1620 ⁴,do-

511 1639 622 1676 mino
643 1639 916 1676 denuntiatum
937 1639 1003 1684 est,
1036 1648 1079 1677 ut
1098 1638 1235 1678 adeffet
1253 1654 1262 1678 ε
1294 1640 1403 1678 causa
1423 1640 1524 1678 dista
1543 1639 1714 1677 damnati
1733 1639 1834 1677 sunt.

572 1706 623 1743 V.
648 1705 757 1757 Qid
778 1705 944 1743 deinde?
967 1705 1062 1758 quid
1082 1705 1240 1745 censetis
1258 1707 1270 1743 ?
1303 1705 1455 1746 furtum
1475 1705 1638 1752 fortasse,
1659 1714 1725 1744 aut
1744 1705 1913 1759 praedam

511 1773 716 1824 expectatis
737 1772 920 1824 aliquam.
953 1772 1091 1811 Nolite
1113 1772 1387 1826 usquequaque
1406 1774 1538 1812 eadem
1555 1786 1735 1827 quaerere.
1759 1773 1805 1811 In
1825 1786 1911 1811 me—

511 1847 555 1875 tu
576 1837 683 1884 belli,
716 1837 869 1876 furandi
889 1839 958 1890 qui
979 1838 1087 1876 locus
1108 1840 1231 1892 potest
1251 1840 1322 1878 effe
1341 1841 1353 1877 ἓ
1386 1841 1502 1879 etiam
1524 1840 1550 1878 fi
1578 1853 1653 1892 qua
1682 1838 1759 1877 fuit
1776 1839 1817 1876 in
1838 1837 1910 1876 hac

512 1919 550 1942 se
570 1905 730 1948 occasio,
753 1905 997 1957 praetermissa
1031 1905 1096 1943 est.
1129 1907 1238 1944 Tum
1260 1906 1390 1958 potuit
1421 1920 1441 1944 a
1461 1907 1635 1946 Leonida
1655 1918 1912 1943 nummorum

511 1969 659 2023 aliquid
694 1970 853 2014 auferre,
890 1984 981 2008 cum
1018 1970 1273 2016 denuntiavit,
1311 1982 1353 2010 ut
1379 1972 1514 2011 adeffet
1532 1987 1540 2010 :
1574 1971 1650 2010 fuit
1681 1971 1911 2010 nundinatio

511 2037 652 2089 aliqua,
688 2047 727 2074 et
747 2037 807 2074 isti
828 2051 906 2074 non
928 2050 1037 2081 nova,
1074 2051 1122 2074 ne
1143 2037 1292 2076 causam
1313 2039 1455 2077 diceret
1474 2054 1482 2077 :
1515 2039 1631 2076 ctiam
1666 2038 1758 2076 alter
1787 2038 1909 2082 locus,

511 2113 554 2140 ut
575 2102 869 2141 absolverentur.
904 2103 1107 2140 Damnatis
1129 2103 1289 2155 quidem
1310 2104 1434 2149 servis,
1466 2119 1551 2157 quae
1575 2104 1767 2157 praedandi
1788 2103 1910 2156 potest

511 2169 581 2207 effe
602 2170 696 2207 ratio
715 2170 726 2206 ?
760 2169 926 2206 Produci
946 2169 991 2206 ad
1013 2169 1249 2222 supplicium
1271 2170 1413 2208 neceffe
1433 2171 1498 2209 est.
1532 2171 1663 2209 Testes
1685 2171 1790 2208 enim
1807 2170 1907 2213 sunt,

511 2237 579 2287 qui
600 2237 639 2273 in
660 2236 818 2274 consilio
839 2235 995 2273 fuerunt
1015 2250 1023 2273 :
1058 2236 1179 2281 testes,
1214 2237 1380 2288 publicae
1402 2237 1541 2275 tabulae
1560 2253 1568 2275 :
1603 2237 1718 2281 testis,
1741 2237 1907 2289 splendi-

511 2303 658 2340 diffima
694 2303 826 2340 civitas
859 2302 1119 2353 Lilybaetana:
1153 2303 1269 2347 testis,
1306 2303 1603 2347 honestissimus,
1641 2302 1909 2353 maximusque

510 2379 723 2406 conventus
744 2369 891 2406 civium
913 2368 1196 2406 Romanorum.
1231 2369 1333 2406 Fieri
1359 2368 1457 2406 nihil
1489 2368 1636 2421 potest:
1669 2368 1908 2422 producendi

512 2436 610 2474 sunt.
644 2436 777 2489 Itaque
798 2434 1078 2489 producuntur,
1101 2444 1138 2474 ct
1158 2434 1202 2473 ad
1228 2434 1361 2488 palum
1382 2434 1601 2488 alligantur.
