2201 2792
627 211 972 253 ACTIONIS
1003 212 1057 251 11.
1117 211 1429 251 LIBERIV.
1642 228 1717 267 373

324 314 527 354 hominem
548 328 625 353 non
646 314 770 353 solum
791 315 900 353 domi
921 315 1007 360 suae,
1039 313 1101 352 sed
1124 322 1203 352 tota
1223 313 1351 351 Sicilia
1370 313 1411 351 in
1440 313 1576 365 primis
1607 314 1722 352 nobi—

324 380 416 425 lem,
431 381 558 419 vocari
572 380 706 431 juffit:
729 380 763 418 ei
785 381 985 433 negotium
1007 379 1126 424 dedit,
1149 389 1205 424 ut,
1220 379 1412 431 quidquid
1434 379 1616 416 Haluntii
1636 379 1724 418 effet

323 447 469 499 argenti
489 447 626 491 caelati,
657 455 736 491 aut,
758 446 782 484 fi
805 446 900 498 quid
920 447 1035 484 etiam
1058 444 1369 490 Corinthiorum,
1402 445 1441 482 id
1462 458 1577 482 omne
1597 445 1723 482 statim

323 514 369 551 ad
389 527 493 553 mare
513 527 560 552 ex
581 513 725 566 oppido
741 513 1015 566 deportaretur.
1048 512 1233 551 Ascendit
1253 512 1293 549 in
1314 511 1502 564 oppidum
1525 511 1723 564 Archaga-

324 579 429 625 thus,
450 579 571 617 homo
592 579 747 624 nobilis,
785 580 852 631 qui
872 593 892 616 a
912 579 985 616 suis
1006 588 1043 616 et
1063 578 1194 623 amari,
1227 587 1264 616 et
1285 578 1395 630 diligi
1413 577 1548 615 vellet:
1581 577 1727 616 ferebat.

323 647 502 698 graviter,
525 645 633 682 illam
653 645 722 684 fibi
742 645 788 682 ab
810 644 880 682 isto
900 645 1139 698 provinciam
1160 644 1312 688 datam;
1345 657 1429 688 nec,
1453 644 1549 696 quid
1569 642 1722 688 faceret,

322 710 500 749 habebat.
543 711 786 756 Pronuntiat,
818 711 913 763 quid
944 711 1013 749 fibi
1047 711 1279 763 imperatum
1311 709 1422 748 effet:
1448 710 1561 762 jubet
1591 724 1724 748 omnes

322 777 504 830 proferre,
527 791 611 829 quae
631 776 830 815 haberent.
863 778 997 816 Metus
1019 787 1096 815 erat
1126 777 1300 814 summus
1319 791 1327 814 :
1360 777 1438 829 ipse
1468 777 1572 814 enim
1595 787 1724 828 tyran-

322 858 394 883 nus
425 858 504 882 non
539 844 753 882 discedebat
786 844 940 896 longius
958 863 969 889 3
1008 842 1320 895 Archagathum,
1365 852 1403 880 et
1437 852 1652 895 argentum,
1684 844 1726 881 in

323 909 456 948 lectica
475 909 618 948 cubans
639 910 685 947 ad
707 922 809 947 mare
830 908 929 947 infra
948 910 1152 962 oppidum,
1174 909 1409 961 expectabat.

380 975 511 1026 Qem
532 973 763 1012 concursum
797 974 838 1011 in
872 974 1017 1026 oppido
1047 972 1193 1011 faftum
1225 973 1398 1026 putatis?
1430 986 1548 1024 quem
1575 973 1723 1012 clamo-

325 1053 407 1077 rem
426 1040 439 1076 ?
471 1053 589 1091 quem
610 1052 723 1092 porro
743 1038 879 1076 fletum
900 1039 1139 1076 mulierum?
1172 1039 1240 1090 qui
1260 1038 1431 1076 viderent
1452 1052 1597 1090 equum
1618 1040 1723 1076 Tro-

319 1106 458 1158 janum
489 1105 770 1150 introductum,
802 1105 939 1142 urbem
974 1114 1125 1157 captam
1160 1104 1230 1142 effe
1250 1104 1433 1143 dicerent.
1480 1104 1619 1142 Efferri
1650 1105 1725 1142 fine

326 1171 449 1210 thecis
469 1171 564 1216 vasa,
596 1171 816 1223 extorqueri
834 1171 906 1208 alia
926 1171 972 1209 de
998 1172 1176 1209 manibus
1198 1170 1422 1216 mulierum,
1444 1170 1596 1224 effringi
1617 1172 1724 1209 mul-

325 1248 454 1276 torum
475 1237 591 1282 fores,
621 1238 754 1276 revelli
774 1237 945 1276 claustra.
978 1238 1087 1288 Qid
1106 1238 1212 1275 enim
1233 1238 1374 1289 putatis
1394 1238 1406 1274 ?
1429 1237 1531 1275 scuta
1552 1238 1577 1275 fi
1598 1252 1723 1290 quan-

326 1303 376 1342 do
391 1304 675 1356 conquiruntur
694 1317 714 1340 a
734 1303 890 1355 privatis
911 1303 950 1340 in
971 1303 1086 1348 bello,
1108 1316 1151 1340 ac
1172 1302 1345 1340 tumultu
1361 1321 1373 1347 3
1397 1312 1523 1341 tamen
1544 1302 1723 1342 homines

326 1371 440 1409 inviti
460 1371 565 1415 dant,
597 1370 662 1411 etfi
683 1370 728 1408 ad
749 1369 910 1408 salutem
938 1383 1190 1408 communem
1212 1369 1290 1407 dari
1312 1370 1480 1408 sentiunt
1499 1385 1506 1408 :
1540 1384 1586 1408 ne
1606 1385 1724 1423 quem

326 1436 470 1489 putetis
491 1436 567 1474 fine
587 1436 761 1474 maximo
782 1435 912 1473 dolore
935 1444 1136 1487 argentum
1157 1435 1333 1473 caelatum
1355 1435 1486 1480 domo,
1509 1436 1612 1487 quod
1633 1437 1725 1474 alter

325 1504 499 1555 eriperet,
533 1501 740 1555 protuliffe.
774 1501 921 1538 Omnia
939 1500 1177 1539 deferuntur.
1211 1501 1403 1552 Cybiratae
1424 1500 1556 1539 fratres
1582 1516 1723 1540 vocan-

326 1579 414 1608 tur:
447 1583 566 1622 pauca
597 1569 845 1622 improbant:
878 1583 963 1620 quae
984 1569 1199 1622 probarant,
1233 1569 1277 1606 iis
1309 1569 1454 1613 crustae,
1487 1578 1551 1606 aut
1572 1570 1722 1608 emble-

328 1646 428 1673 mata
447 1635 713 1673 detrahuntur.
746 1635 806 1673 Sic
827 1635 1051 1680 Haluntini,
1079 1634 1238 1672 excuffis
1265 1634 1427 1679 deliciis,
1455 1649 1545 1673 cum
1567 1646 1726 1688 argento

328 1714 425 1753 puro
445 1701 608 1738 domum
629 1709 877 1738 reverterunt.

372 1762 523 1799 XXIV.
548 1761 665 1813 Qod
686 1774 872 1814 unquam,
890 1760 1058 1812 Judices,
1080 1760 1302 1813 hujusmodi
1321 1761 1576 1799 everriculum
1597 1762 1637 1799 in
1658 1762 1724 1799 illa

328 1828 524 1881 provincia
554 1826 661 1865 fuit?
693 1829 875 1865 Avertere
894 1827 1041 1879 aliquid
1072 1827 1118 1865 de
1148 1826 1307 1879 publico
1327 1841 1444 1879 quam
1465 1827 1723 1866 obscuriffime

326 1908 394 1947 per
413 1893 678 1946 magistratum
698 1893 895 1938 solebant,
917 1893 1033 1931 etiam
1049 1893 1196 1945 aliquid
1216 1892 1261 1930 de
1281 1893 1428 1945 privato
1444 1907 1724 1946 nonnunquam

327 1959 479 1997 occulte
498 1957 744 2003 auferebant;
777 1968 814 1996 et
833 1959 891 1996 illi
912 1967 1041 1996 tamen
1071 1957 1439 1997 condemnabantur.
1472 1959 1537 2003 Et,
1569 1959 1594 1996 fi
1615 1973 1722 2011 quae-

329 2025 426 2068 ritis,
461 2025 521 2075 (ut
546 2024 622 2076 ipse
640 2024 686 2062 de
707 2038 770 2061 me
790 2023 1004 2075 detraham)
1037 2024 1123 2061 illos
1144 2037 1214 2075 ego
1235 2024 1465 2062 accusatores
1486 2034 1580 2077 puto
1601 2023 1722 2069 fuiffe,

333 2090 402 2141 qui
435 2089 654 2141 hujusmodi
677 2088 884 2127 hominum
915 2088 1018 2126 furta
1036 2089 1165 2134 odore,
1196 2098 1260 2127 aut
1289 2090 1420 2142 aliquo
1454 2090 1585 2128 leviter
1605 2091 1725 2143 preffo

329 2155 486 2208 vestigio
507 2154 842 2207 persequebantur.
876 2155 980 2193 Nam
1003 2168 1071 2193 nos
1093 2155 1249 2207 quidem
1270 2156 1364 2207 quid
1384 2155 1545 2194 facimus
1562 2157 1601 2193 in
1624 2157 1722 2193 Ver-

329 2235 381 2265 re,
405 2235 521 2274 quem
543 2222 583 2259 in
605 2222 688 2258 luto
709 2222 926 2259 volutatum
958 2222 1075 2259 totius
1096 2222 1266 2274 corporis
1288 2222 1452 2274 vestigiis
1473 2222 1720 2259 invenimus?

329 2301 584 2340 permagnum
618 2287 670 2324 est
703 2288 743 2325 in
764 2301 853 2325 eum
874 2288 998 2325 dicere
1030 2288 1189 2340 aliquid,
1225 2289 1293 2340 qui
1327 2289 1555 2340 praeteriens‚
1590 2288 1723 2324 lectica

330 2354 517 2406 paulisper
538 2354 715 2406 depofita‚
748 2368 824 2392 non
844 2364 909 2407 per
929 2355 1146 2407 mastigias,
1169 2354 1229 2392 sed
1250 2355 1374 2405 palam
1395 2368 1462 2405 per
1480 2353 1719 2406 potestatem,

331 2432 408 2456 uno
428 2420 590 2472 imperio
609 2420 774 2458 ostiatim
796 2430 924 2458 totum
944 2421 1133 2473 oppidum
1153 2419 1372 2470 compilarit
1390 2419 1402 2454 ?

386 2487 441 2522 At
462 2495 603 2530 tamen,
641 2495 683 2523 ut
718 2486 827 2538 poffit
863 2486 898 2524 se
932 2487 1056 2524 dicere
1090 2485 1231 2529 emisse,
1263 2484 1510 2536 Archagatho
1546 2485 1719 2537 imperat,

333 2559 374 2588 ut
394 2549 539 2604 aliquid
558 2550 651 2594 illis,
682 2565 849 2603 quorum
883 2560 1084 2603 argentum
1117 2549 1253 2595 fuerat,
1283 2550 1594 2594 nummulorum,
1626 2551 1720 2588 dicis
