2201 2792
576 246 922 287 ACTIONIS
964 247 1018 285 11.
1088 245 1298 285 LIBER
1340 247 1372 283 Ι.
1600 261 1671 287 201

274 341 453 380 evertisse.
496 343 533 380 Is
553 340 655 380 mihi
676 343 793 381 etiam
813 343 1001 396 queritur,
1022 343 1127 396 quod
1148 357 1168 380 a
1193 343 1318 388 nobis,
1343 356 1388 380 ix
1411 340 1498 379 solis
1528 341 1677 385 diebus,

273 408 398 461 prima
415 408 513 445 aetio
533 408 589 446 sui
604 409 746 461 judicii
763 410 944 448 transacta
964 410 1032 454 fit,
1056 423 1148 447 cum
1162 409 1263 462 apud
1282 408 1411 462 ipsum
1433 407 1555 445 tribus
1575 406 1678 444 horis

276 474 554 526 QOpimius,
585 474 731 513 senator
749 476 887 529 populi
907 476 1092 521 Romani,
1114 475 1228 519 bona,
1251 473 1439 518 fortunas,
1458 481 1682 511 ornamenta

275 539 408 576 omnia
431 539 626 578 amiserit?
660 542 783 593 Cujus
814 550 970 594 propter
999 541 1271 594 indignitatem
1297 540 1454 593 judicii,
1486 537 1680 591 saepiffime

275 603 328 641 est
347 606 476 643 actum
495 606 536 644 in
556 605 701 651 senatu,
733 616 776 645 ut
794 620 916 660 genus
937 606 1012 645 hoc
1044 616 1173 645 totum
1194 605 1422 650 multarum,
1450 618 1492 643 ac
1507 604 1680 656 judicio—

275 683 363 708 rum
381 670 570 722 ejusmodi
590 672 801 711 tolleretur.
833 674 923 724 jam
944 686 1032 711 vero
1060 672 1102 710 in
1122 672 1235 711 bonis
1257 670 1489 724 QOpimii
1510 669 1681 708 vencien-2

275 735 347 781 dis,
366 750 458 788 quas
479 737 545 775 iste
565 739 722 790 praedas,
736 752 854 791 quam
869 748 1011 792 aperte,
1026 752 1146 791 quam
1162 738 1340 791 improbe
1355 737 1503 781 fecerit,
1518 736 1682 788 longum

275 800 329 839 est
349 801 487 841 dicere.
533 804 626 842 Hoc
647 804 748 850 dico,
784 804 854 843 nisi
879 805 988 843 vobis
1019 804 1060 842 id
1090 802 1299 842 hominum
1330 801 1684 841 honestiffimorum

277 866 416 906 tabulis
434 869 596 922 planum
617 868 758 916 fecero,
792 869 891 924 fingi
909 885 930 909 a
949 884 1013 909 me
1029 869 1106 908 hoc
1127 879 1255 910 totum
1276 870 1459 923 temporis
1480 867 1589 906 causa
1608 881 1683 920 pu-

277 942 411 973 tatote.
446 937 536 986 Jam
561 937 631 989 qui
661 950 709 976 ex
742 937 960 976 calamitate
994 937 1173 976 senatoris
1207 936 1343 990 populi
1374 934 1560 979 Romani,
1591 947 1684 971 cum

278 999 422 1038 Praetor
451 1001 602 1052 judicio
632 1002 714 1053 ejus
744 1001 965 1054 praefuiffet,
1001 1002 1119 1054 spolia
1149 1002 1314 1040 domurn
1335 1001 1441 1039 suam
1463 998 1615 1044 referre,
1647 1008 1686 1037 et

277 1065 478 1104 manubias
498 1064 694 1105 detrahere
726 1075 886 1106 conatus
920 1066 973 1105 est
989 1084 1002 1112 ς
1033 1066 1065 1105 Is
1085 1066 1207 1105 ullam
1240 1067 1289 1105 ab
1319 1066 1392 1105 sese
1425 1064 1686 1104 calamitatem

278 1131 421 1183 poterit
440 1131 632 1184 deprecari
650 1132 663 1168 ?

334 1196 446 1235 LXI.
478 1197 586 1235 Nam
617 1196 663 1233 de
683 1196 953 1235 subsortitione
982 1197 1049 1235 illa
1067 1197 1432 1248 Junianajudicum
1452 1195 1551 1234 nihil
1583 1195 1685 1235 dico.

280 1261 391 1313 Qid
409 1262 516 1300 enim
535 1262 549 1298 ?
581 1270 715 1300 contra
745 1262 909 1308 tabulas,
942 1276 1035 1315 quas
1056 1271 1100 1301 tu
1119 1262 1326 1315 protulisti,
1351 1262 1512 1300 audeam
1532 1262 1687 1299 dicere?

281 1326 440 1366 difficile
459 1328 526 1368 est.
558 1327 653 1367 Non
673 1328 780 1367 enim
800 1342 864 1367 me
884 1338 950 1367 tua
969 1328 1109 1373 solum,
1130 1337 1169 1366 et
1183 1327 1368 1381 judicum
1387 1327 1606 1372 auctoritas,
1629 1326 1690 1365 sed

258 1394 398 1437 >etiam
418 1394 582 1433 annulus
613 1407 748 1433 aureus
770 1394 900 1432 scribae
931 1394 989 1432 tui
1009 1394 1186 1433 deterret.
1223 1394 1319 1433 Non
1340 1393 1468 1432 dicam
1498 1394 1553 1438 id,
1583 1393 1689 1445 quod

280 1460 442 1513 probare
460 1460 620 1499 difficile
638 1460 717 1499 est:
748 1459 824 1498 hoc
855 1461 999 1506 dicam,
1029 1460 1135 1513 quod
1154 1459 1366 1506 ostendam,
1399 1459 1546 1499 multos
1577 1472 1625 1497 ex
1653 1467 1692 1498 te

282 1526 382 1564 viros
402 1526 605 1579 primarios
625 1525 778 1571 audiffe,
810 1540 903 1564 cum
923 1526 1082 1571 diceres,
1114 1525 1262 1578 ignosci
1282 1526 1356 1564 tibi
1375 1534 1564 1578 oportere,
1586 1524 1692 1577 quod

282 1590 423 1630 falsum
443 1592 620 1631 codicem
641 1592 862 1645 protuleris.
902 1593 1025 1637 Nam,
1053 1605 1128 1644 qua
1147 1591 1292 1630 invidia
1312 1593 1360 1630 C.
1383 1592 1524 1643 Junius
1545 1590 1691 1630 confla-

283 1668 419 1710 grarat,
441 1672 496 1702 ea,
518 1659 587 1696 nis1
607 1657 842 1710 providiffes,
863 1658 938 1695 tibi
958 1658 1027 1709 ipfi
1046 1666 1134 1695 tum
1153 1658 1395 1709 pereundum
1415 1656 1540 1695 fuisse.

340 1724 432 1762 Hoc
452 1723 571 1761 modo
590 1724 657 1761 iste
678 1723 761 1768 fibi,
796 1732 834 1760 et
854 1722 963 1761 saluti
984 1723 1056 1761 suae
1076 1723 1289 1775 prospicere
1309 1723 1459 1767 didicit,
1494 1721 1692 1760 referendo

287 1791 324 1828 in
348 1790 493 1828 tabulas
513 1799 550 1827 et
569 1790 746 1842 privatas,
782 1798 820 1827 et
840 1789 1030 1842 publicas,
1065 1788 1171 1841 quod
1191 1788 1341 1840 gestum
1370 1801 1446 1826 non
1467 1787 1581 1832 effet;
1613 1787 1692 1826 tol-

287 1857 414 1901 lendo,
432 1856 537 1909 quod
557 1855 659 1901 effet,
681 1866 718 1894 et
739 1856 886 1909 semper
905 1855 1054 1908 aliquid
1074 1854 1278 1899 demendo,
1300 1855 1502 1898 mutando,
1524 1854 1695 1891 curando

287 1936 334 1960 ne
355 1923 469 1961 litura
487 1930 675 1975 appareat,
696 1921 979 1974 interpolando.
1012 1921 1073 1959 Eo
1093 1920 1200 1958 enim
1223 1919 1342 1972 usque
1361 1919 1618 1972 progreditur,
1652 1928 1695 1957 ut

290 2002 336 2027 ne
356 1988 614 2027 defensionem
636 1987 796 2040 quidem
817 1986 1096 2026 maleficiorum
1117 1986 1274 2025 suorum
1294 1985 1369 2023 fine
1389 1986 1472 2023 aliis
1493 1984 1695 2023 maleficiis

290 2055 451 2106 reperire
478 2054 610 2107 poffet.
656 2055 702 2105 Ej
711 2053 952 2092 usdemmodi
986 2053 1226 2091 sortitionem
1260 2050 1382 2090 homo
1415 2051 1695 2089 amentiffimus

290 2121 446 2158 suorum
472 2132 628 2173 quoque
644 2119 825 2171 judicum
847 2118 928 2157 fore
944 2119 1094 2171 putavit
1113 2131 1180 2171 per
1196 2117 1362 2157 sodalem
1379 2117 1506 2163 suum,
1521 2119 1695 2169 QCur-

291 2188 406 2231 tium,
437 2186 613 2239 judicem
645 2185 889 2237 quaestioni53
922 2185 986 2223 cui
1006 2185 1074 2222 nisi
1092 2198 1164 2238 ego
1184 2185 1221 2223 vi
1241 2184 1390 2238 populi,
1422 2193 1460 2222 et
1486 2182 1697 2222 hominum

291 2255 457 2292 clamore
477 2262 591 2305 atque
611 2252 788 2290 convicio
809 2251 1034 2297 restitissem,
1067 2265 1114 2290 ex
1145 2250 1216 2289 hac
1242 2251 1397 2289 decuria
1417 2250 1553 2294 nostra,
1585 2251 1695 2300 cujus

292 2319 392 2358 mihi
410 2320 560 2372 copiam
575 2331 692 2371 quam
711 2318 915 2370 largiffime
935 2316 1075 2356 factam
1091 2318 1304 2371 oportebat,
1320 2326 1447 2369 erepta
1467 2315 1553 2352 ess‘et
1570 2313 1695 2350 facul-

293 2395 348 2422 tas
373 2398 522 2430 eorum,
545 2397 640 2436 quos
661 2383 727 2421 iste
747 2391 942 2428 annuerat,
965 2384 1005 2421 in
1026 2382 1137 2422 suum
1158 2382 1362 2421 consilium
1382 2381 1457 2419 sine
1477 2377 1585 2417 causa
1605 2377 1695 2415 sub-

295 2450 529 2489 sortiebatur.
562 2452 586 2476 ³*
607 2452 631 2476 *
653 2451 676 2475 *
698 2450 827 2488 Multa
846 2448 981 2503 dejfimt.

385 2645 514 2683 ToM.
537 2646 607 2683 IV.
956 2691 959 2694 y
1324 2643 1397 2681 Cc
