2201 2792
468 144 538 184 118
856 143 931 182 IN
988 143 1056 195 Q
1103 143 1474 183 CAECILIUM

459 245 640 289 adtorem,
676 254 794 295 quem
813 241 997 284 idoneum
1018 240 1090 280 effe
1117 241 1296 280 arbitrata
1314 241 1380 286 est,
1410 240 1488 294 ipsa
1507 241 1662 294 delegit.
1703 241 1750 280 In
1780 240 1858 280 hu-

455 309 628 361 jusmodi
659 322 697 346 re
718 307 922 360 quisquam
953 316 1032 345 tam
1052 307 1257 360 impudens
1288 307 1507 359 reperietur,
1532 308 1601 360 qui
1620 307 1667 346 ad
1693 307 1857 346 alienam

461 374 625 419 causam,
646 374 776 412 invitis
797 373 858 418 iis,
889 386 1056 425 quorum
1076 373 1279 425 negotium
1305 372 1371 416 est,
1402 373 1592 417 accedere,
1619 381 1684 411 aut
1703 372 1859 426 aspirare

461 442 595 480 audeat
610 441 623 477 ?

506 508 579 545 VI.
613 507 650 544 Si
671 505 756 551 tibi,
780 504 1005 557 QCaecili,
1027 503 1102 542 hoc
1124 503 1244 542 Siculi
1264 503 1434 541 dicerent
1450 521 1461 548 ;
1484 505 1546 542 Te
1565 517 1645 542 non
1664 504 1858 549 novimum

462 572 652 611 nescimus
672 571 742 623 qui
761 571 805 609 fis
822 589 834 615 5
866 583 1068 622 nunquam
1089 578 1125 607 te
1145 578 1253 608 antea
1273 568 1465 613 vidimu53
1498 568 1574 606 fine
1594 582 1662 607 nos
1683 583 1751 622 per
1769 582 1861 607 eum

462 637 604 676 nostras
634 635 790 674 fortuna
819 634 1034 679 defendere,
1066 635 1175 686 cujus
1206 634 1298 672 fides
1325 634 1378 671 est
1407 634 1517 672 nobis
1548 634 1728 687 cognita;
1759 646 1861 672 non·-

462 717 510 741 ne
529 702 569 740 id
589 702 771 747 dicerent,
788 701 894 754 quod
914 701 1034 739 cuivis
1055 700 1214 753 probare
1233 700 1441 739 deberent?
1463 700 1584 738 Nunc
1603 699 1679 739 hoc
1699 699 1836 738 dicunt
1847 717 1860 745 ς

463 778 673 821 utrumque
693 768 728 806 se
747 767 849 806 nofl‘e
864 786 877 813 3
909 767 1073 805 alterum
1103 766 1139 805 se
1159 779 1298 819 cupere
1318 765 1556 805 defensorem
1586 765 1658 805 effe
1685 764 1862 804 fortuna-

462 849 551 874 rum
579 835 730 873 suarum
747 853 759 879 ;
790 834 953 872 alterum
974 833 1086 886 plane
1104 833 1220 872 nolle.
1259 834 1340 871 Cur
1361 833 1502 878 nolint,
1531 832 1677 871 etiamfi
1698 839 1862 875 taceant,

462 902 549 940 satis
570 901 719 939 dicunt.
750 901 898 938 Verum
918 913 996 937 non
1017 908 1158 938 tacent.
1189 900 1343 937 Tamen
1362 897 1423 936 his
1444 898 1676 937 invitiffimis
1707 906 1745 936 te
1765 896 1862 936 offe-

463 981 520 1007 res
537 968 549 1005 ?
581 977 710 1006 tamen
730 967 771 1004 in
791 966 911 1004 aliena
941 965 1048 1003 causa
1068 965 1252 1017 loquere?
1284 973 1413 1002 tamen
1433 977 1496 1001 eos
1523 963 1718 1008 defendes,
1740 962 1810 1014 qui
1829 961 1866 1000 se

463 1035 511 1072 ab
532 1034 714 1072 omnibus
735 1032 896 1070 desertos
917 1032 1062 1083 potius,
1084 1044 1202 1081 quam
1228 1030 1294 1067 abs
1314 1039 1351 1067 te
1372 1028 1544 1067 defensos
1565 1029 1651 1074 effe,
1682 1028 1863 1066 malunt?

463 1110 594 1138 tamen
614 1099 674 1136 his
695 1111 850 1149 operam
871 1106 977 1135 tuam
996 1096 1241 1148 pollicebere,
1274 1096 1343 1147 qui
1372 1103 1409 1133 te
1427 1109 1552 1148 neque
1572 1095 1670 1134 velle
1691 1095 1755 1134 sua
1773 1107 1866 1133 cau-

464 1167 514 1211 sa,
545 1179 629 1210 neC‚
652 1164 677 1202 fi
697 1164 842 1215 cupias,
874 1162 975 1215 poffe
994 1162 1255 1199 arbitrantur?
1288 1162 1370 1198 Cur
1400 1174 1533 1199 eorum
1554 1161 1659 1212 spem
1686 1161 1867 1212 exiguam

464 1231 699 1283 reliquarum
720 1228 978 1271 fortunarum,
996 1240 1114 1278 quam
1130 1226 1274 1264 habent
1290 1226 1330 1263 in
1350 1225 1445 1277 legis
1462 1236 1499 1264 et
1513 1226 1653 1278 judicii
1675 1225 1868 1263 severitate

465 1297 641 1350 positam,
673 1295 711 1331 vi
745 1301 971 1345 extorquere
1001 1293 1180 1330 conariS?
1213 1305 1281 1329 cur
1312 1300 1348 1329 te
1375 1292 1602 1344 interponis,
1633 1291 1867 1329 invitiffimis

465 1362 540 1406 his,
573 1361 714 1413 quibus
736 1359 905 1397 maxime
926 1359 988 1397 lex
1007 1358 1228 1397 consultum
1248 1357 1318 1395 effe
1340 1358 1423 1395 vult
1441 1358 1454 1394 ?
1486 1371 1555 1396 cur
1583 1358 1629 1396 de
1649 1357 1793 1408 quibus
1827 1357 1869 1395 in

466 1427 663 1481 provincia
693 1440 769 1465 non
802 1425 950 1477 optime
980 1438 1018 1463 es
1040 1424 1214 1468 meritus,
1250 1437 1312 1460 eos
1335 1436 1438 1460 nunc
1464 1424 1575 1474 plane
1595 1421 1760 1460 fortunis
1778 1435 1868 1460 om-

467 1495 582 1532 nibus
613 1492 759 1530 conaris
780 1490 972 1528 evertere?
1004 1503 1073 1527 cur
1091 1488 1152 1527 his
1170 1502 1249 1527 non
1270 1488 1388 1526 modo
1408 1488 1657 1540 persequendi
1677 1487 1776 1539 juris
1796 1487 1868 1532 sui,

468 1559 528 1604 sed
548 1559 663 1596 etiam
695 1556 932 1609 deploranda:
959 1554 1202 1597 calamitatis,
1233 1554 1371 1592 adimis
1393 1553 1645 1605 potestatem?
1677 1553 1798 1597 Nam,
1833 1561 1871 1590 te

468 1626 604 1668 actore,
626 1635 744 1674 quem
764 1634 898 1658 eorum
919 1619 1131 1657 affuturum
1152 1628 1278 1671 putas,
1301 1631 1396 1670 quos
1418 1618 1618 1670 intelligis,
1642 1630 1720 1654 non
1742 1625 1785 1655 ut
1804 1630 1870 1670 per

469 1699 506 1727 te
527 1689 661 1731 alium,
684 1686 746 1723 sed
768 1695 808 1723 ut
829 1699 895 1736 per
915 1685 1084 1735 aliquem
1105 1683 1270 1735 teipsum
1288 1683 1532 1727 ulciscantur,
1549 1683 1717 1721 laborare
1735 1682 1748 1719 ?

514 1754 606 1791 VII.
630 1754 683 1790 At
703 1751 809 1789 enim
830 1750 955 1789 solum
975 1750 1015 1788 id
1035 1749 1100 1794 est,
1122 1758 1165 1787 ut
1185 1762 1248 1788 me
1270 1749 1389 1787 Siculi
1407 1749 1577 1788 maxime
1597 1748 1742 1793 velint;
1773 1747 1872 1786 alte-

470 1833 556 1858 rum
578 1817 689 1861 illud,
711 1815 839 1860 cred0‚
856 1815 1064 1854 obscurum
1085 1815 1150 1859 est,
1172 1827 1193 1851 a
1212 1828 1292 1866 quo
1312 1815 1448 1852 Verres
1470 1814 1633 1854 minime
1653 1813 1689 1850 se
1708 1812 1873 1851 accusari

470 1885 576 1923 velit.
609 1883 755 1934 Ecquis
791 1894 962 1932 unquam
984 1889 1062 1918 tam
1094 1880 1222 1931 palam
1252 1880 1298 1917 de
1318 1879 1478 1923 honore,
1516 1887 1595 1917 tam
1625 1876 1874 1917 vehementer

472 1952 519 1989 de
553 1950 669 1987 salute
705 1947 768 1985 sua
801 1946 1014 1991 contendit,
1045 1959 1163 1997 quam
1192 1945 1271 1990 ille,
1309 1954 1422 1997 atque
1452 1944 1556 1983 illius
1587 1944 1717 1989 amici,
1749 1953 1793 1982 ut
1826 1957 1874 1983 ne

473 2015 554 2054 haec
586 2012 686 2052 mihi
706 2012 844 2050 delatio
865 2012 1003 2050 detur?
1035 2012 1131 2050 Sunt
1151 2011 1286 2056 multa,
1310 2025 1394 2062 quae
1415 2011 1551 2049 Verres
1572 2011 1611 2048 in
1639 2023 1702 2048 me
1722 2009 1793 2048 effe
1812 2024 1873 2048 ar-

474 2082 650 2124 bitratur,
682 2092 766 2130 quae
785 2078 853 2116 scit
873 2078 912 2116 in
934 2087 985 2122 te,
1007 2077 1232 2129 QCaecili,
1255 2090 1332 2115 non
1353 2075 1423 2115 effe
1441 2091 1450 2115 :
1483 2075 1807 2129 quaecujusmodi
1833 2076 1874 2114 in

475 2157 638 2199 utroque
658 2143 829 2184 nostrum
849 2144 935 2189 fint,
957 2144 1071 2197 paulo
1092 2143 1174 2196 post
1204 2143 1534 2182 commemorabo.
1580 2143 1701 2181 Nunc
1723 2151 1874 2180 tantum

479 2214 515 2251 id
535 2214 674 2256 dicam,
711 2210 815 2263 quod
836 2210 973 2249 tacitus
1004 2218 1047 2247 tu
1081 2209 1181 2248 mihi
1198 2209 1418 2254 assentiare,
1451 2209 1599 2247 nullam
1634 2221 1715 2245 rem
1738 2208 1779 2244 in
1810 2220 1875 2245 me

478 2280 561 2324 effe,
579 2291 697 2331 quam
718 2277 783 2316 ille
802 2284 1048 2320 contemnat;
1072 2276 1219 2314 nullam
1238 2276 1276 2313 in
1299 2285 1348 2320 te,
1371 2289 1486 2327 quam
1509 2272 1762 2327 pertimescat.
1796 2274 1874 2311 Ita-

479 2359 554 2398 que
574 2357 734 2397 magnus
756 2343 820 2380 ille
841 2341 1025 2385 defensor,
1060 2350 1098 2378 et
1117 2341 1264 2379 amicus
1285 2342 1365 2392 ejus
1399 2340 1470 2378 tibi
1493 2337 1719 2378 Hortensius
1740 2337 1875 2376 suffra-

479 2422 602 2464 gatur,
634 2425 697 2449 me
717 2417 914 2463 oppugnat
934 2423 942 2446 ε
975 2415 1100 2460 aperte
1128 2407 1174 2444 ab
1189 2407 1389 2458 judicibus
1409 2406 1519 2459 petit,
1551 2414 1595 2443 ut
1625 2414 1666 2442 tu
1687 2404 1785 2442 mihi
1806 2418 1875 2442 an-

482 2487 685 2531 teponare3
717 2485 755 2514 et
774 2475 839 2520 ait,
871 2474 945 2514 hoc
979 2473 1014 2512 se
1034 2471 1204 2518 honeste,
1234 2472 1311 2511 fine
1331 2471 1410 2510 ulla
1438 2471 1596 2517 invidia,
1629 2483 1671 2509 ac
1691 2470 1768 2510 fine
1799 2470 1879 2509 ulla
