2201 2792
538 176 615 223 480
1036 178 1438 216 oRATio

536 277 715 320 utamini,
739 289 785 314 ne
806 275 909 327 quod
930 274 1058 312 minus
1091 274 1285 313 moderate
1314 275 1497 327 politum,
1529 288 1578 312 ne
1603 275 1708 328 quod
1739 276 1785 313 ab
1806 276 1933 328 aliqua

536 343 747 395 cupiditate
767 340 1001 393 prolapsum,
1024 340 1186 377 verbum
1219 340 1289 377 effe
1310 340 1494 378 videatur.
1527 340 1652 379 Vultu
1683 342 1851 393 denique
1873 341 1930 378 la-

535 409 691 453 boratis,
724 421 769 444 ne
790 420 865 458 qua
884 405 1087 457 significari
1108 405 1220 457 poffit
1240 404 1402 457 suspicio
1422 407 1643 458 ‘cupiditatis
1662 422 1670 445 z
1704 417 1747 445 ut
1766 416 1818 452 et,
1839 420 1932 445 cum

533 475 712 527 proditis,
734 472 964 511 existimatio
991 472 1035 509 sit
1056 471 1232 523 quaedam
1258 474 1372 509 tacita
1400 473 1446 509 de
1463 473 1571 511 vobis
1592 473 1748 525 pudoris
1776 487 1819 511 ac
1839 473 1932 511 reli-

533 541 658 593 gionis
676 559 687 584 ;
709 549 760 583 et,
783 552 875 576 cum
896 537 1102 582 disceditis,
1123 550 1164 575 ea
1184 538 1390 590 diligenter
1410 537 1625 576 conservata
1645 552 1687 577 ac
1708 547 1854 577 retenta
1872 539 1932 576 vi-

533 608 679 644 deatur.
704 605 830 644 Credo
850 603 932 642 haec
952 604 1086 641 eadem
1107 604 1428 642 Induciomarum
1449 605 1488 641 in
1510 605 1730 643 testimonio
1751 603 1932 649 timuiffe,

533 682 599 710 aut
618 670 819 724 cogitaffe:
852 671 919 720 qui
940 668 1114 722 primum
1136 669 1234 706 illud
1255 669 1417 707 verbum
1439 670 1822 708 consideratissimum
1842 670 1930 707 nos-

534 747 600 776 trae
620 736 922 779 consuetudinis,
936 735 1132 778 Arbitror,
1155 748 1233 786 quo
1254 748 1323 772 nos
1345 735 1462 772 etiam
1483 744 1577 773 tunc
1598 735 1762 780 utimur,
1781 749 1873 773 cum
1890 748 1931 772 ea

532 804 699 841 dicimus
714 801 846 854 jurati,
879 814 964 852 quae
984 809 1183 852 comperta
1212 799 1417 844 habemus,
1449 813 1534 851 quae
1564 801 1633 853 ipfi
1664 801 1848 846 vidimus,
1883 814 1932 838 ex

532 878 615 907 toto
635 867 854 906 testimonio
875 865 940 903 suo
958 865 1123 910 sustulit,
1139 874 1254 917 atque
1274 864 1405 903 omnia
1424 864 1459 902 se
1464 866 1565 918 stire
1584 866 1697 904 dixit.
1716 866 1931 903 Verebatur

530 936 637 974 enim
658 933 853 977 videlicet,
888 945 934 969 ne
966 932 1061 983 quid
1092 931 1193 984 apud
1223 945 1289 969 vos
1322 931 1592 984 populumque
1622 932 1850 969 Romanum
1884 931 1931 969 de

531 1000 812 1039 existimatione
832 998 896 1035 sua
927 995 1149 1049 deperderet
1165 1014 1178 1041 3
1211 1010 1257 1034 ne
1277 1010 1352 1048 qua
1371 994 1474 1033 fama
1504 996 1800 1049 consequeretur
1828 996 1929 1049 ejus-

531 1066 654 1111 modi,
677 1065 1012 1107 Induciomarum,
1045 1062 1162 1100 talem
1194 1063 1336 1107 virum,
1372 1071 1458 1099 tum
1479 1062 1633 1115 cupide,
1669 1072 1749 1101 tam
1770 1071 1927 1106 temere,

529 1132 675 1171 dixiffe.
699 1132 794 1170 Non
814 1129 1072 1181 intelligebat,
1094 1128 1128 1166 se
1148 1129 1189 1166 in
1205 1128 1426 1167 testimonio
1447 1127 1546 1166 nihil
1565 1138 1701 1181 praeter
1719 1142 1870 1174 vocem,
1891 1137 1930 1166 et

528 1213 585 1244 OS,
607 1209 644 1237 et
665 1198 877 1242 audaciam,
906 1209 1031 1248 neque
1050 1195 1199 1233 civibus
1220 1195 1309 1240 suis,
1332 1208 1456 1248 neque
1476 1195 1756 1234 accusatoribus
1778 1195 1927 1240 nostris,

528 1265 698 1319 praestare
719 1264 870 1302 debere.

570 1334 635 1370 An
656 1344 745 1369 vero
766 1329 849 1367 istas
871 1328 1041 1367 nationes
1072 1326 1256 1379 religione
1270 1327 1534 1378 jurisjurandi,
1557 1340 1598 1365 ac
1619 1336 1727 1365 metu
1748 1328 1925 1365 Deorum

527 1397 828 1440 immortalium,
860 1395 900 1432 in
932 1393 1159 1433 testimoniis
1190 1393 1362 1430 dicendis
1383 1394 1623 1431 commoveri
1651 1393 1924 1431 arbitramini?

528 1465 627 1516 Qae
648 1472 801 1501 tanturn
831 1475 852 1499 a
883 1469 1106 1499 caeterarum
1136 1459 1315 1511 gentium
1337 1472 1445 1496 more
1465 1472 1507 1497 ac
1528 1469 1661 1497 natura
1685 1458 1924 1505 dissentiunt,

527 1530 633 1582 quod
660 1539 801 1567 caeterae
834 1541 902 1580 pro
933 1525 1185 1578 religionibus
1217 1524 1290 1562 suis
1323 1524 1422 1562 bella
1443 1524 1665 1577 suscipiunt,
1697 1525 1773 1562 istae
1793 1534 1925 1563 contra

526 1597 707 1635 omnium
729 1594 945 1647 religiones.
979 1593 1058 1630 111ae
1074 1593 1114 1630 in
1132 1590 1244 1629 bellis
1264 1590 1440 1643 gerendis
1460 1591 1507 1628 ab
1528 1591 1617 1629 Diis
1637 1591 1924 1630 immortalibus

525 1676 660 1716 pacem
682 1675 723 1699 ac
745 1660 895 1699 veniam
913 1667 1052 1712 petunt
1067 1676 1080 1703 5
1103 1657 1179 1696 istae
1194 1670 1287 1696 curn
1308 1656 1396 1710 ipfis
1414 1656 1502 1694 Diis
1520 1656 1808 1695 immortalibus
1824 1657 1926 1696 bella

526 1728 729 1782 gesserunt.
1207 1717 1210 1719 ,

581 1796 632 1841 X.
667 1795 741 1832 Hae
762 1793 848 1831 sunt
879 1792 1065 1836 nationes,
1095 1804 1180 1843 quae
1200 1790 1398 1843 quondam
1420 1798 1500 1827 tam
1526 1790 1641 1842 longe
1662 1790 1709 1827 ab
1730 1789 1804 1827 suis
1825 1789 1923 1828 sedi-

526 1863 612 1906 bus,
629 1859 805 1912 Delphos
827 1858 958 1910 usque,
981 1858 1027 1896 ad
1050 1857 1276 1910 Apollinem
1297 1855 1500 1908 Pythium,
1521 1865 1636 1908 atque
1656 1856 1701 1893 ad
1721 1856 1922 1894 oraculum

524 1927 626 1965 orbis
648 1935 766 1969 terrae‚
788 1924 1006 1961 vexandum
1026 1936 1069 1960 ac
1089 1922 1346 1974 spoliandum,
1370 1919 1550 1973 profed‘cae
1570 1920 1668 1958 sunt.
1701 1921 1766 1958 Ab
1786 1920 1923 1960 iisdem

524 1991 704 2044 gentibus
726 1989 874 2033 sanetis,
893 1998 931 2025 et
951 1989 991 2025 in
1013 1987 1233 2025 testimonio
1253 1985 1450 2038 religiofi8‚
1468 1985 1656 2024 obseffum
1678 1986 1920 2038 Capitolium

523 2058 589 2102 est,
613 2066 726 2108 atque
746 2055 811 2092 ille
831 2055 997 2107 Jupiter,
1019 2054 1129 2105 cujus
1161 2053 1320 2090 nomine
1341 2052 1501 2103 majores
1525 2051 1641 2089 nostri
1661 2051 1826 2090 sandhm
1847 2051 1920 2090 tes-

520 2123 780 2162 tImoniorii1ii
802 2119 919 2158 fidem
939 2119 1010 2157 effe
1030 2119 1250 2157 voluerunt.

586 2188 782 2227 Postremo
801 2185 862 2223 his
885 2185 1099 2238 quidquam
1121 2184 1292 2222 sanetum
1314 2197 1356 2221 ac
1378 2182 1600 2236 religiosum
1621 2183 1740 2221 videri
1768 2183 1890 2234 potest
1904 2201 1917 2228 ς

522 2255 591 2308 qui
622 2255 754 2298 etiam,
785 2252 811 2290 fi
832 2251 987 2303 quando
1018 2251 1147 2302 aliquo
1179 2260 1288 2288 metu
1314 2250 1466 2287 adducsti
1489 2250 1593 2287 Deos
1613 2249 1818 2300 placandos
1848 2248 1920 2286 effe

524 2321 767 2363 arbitrantur,
790 2317 970 2356 humanis
991 2316 1122 2354 hostiis
1142 2329 1276 2353 eorum
1298 2328 1374 2353 aras
1396 2328 1438 2352 ac
1459 2315 1604 2366 templa
1622 2313 1814 2351 funestant
1834 2315 1847 2351 ?
1876 2324 1919 2352 ut

524 2401 570 2425 ne
591 2387 817 2439 religionem
835 2384 994 2437 quidem
1011 2383 1135 2422 colere
1156 2382 1306 2435 poffint,
1331 2381 1398 2418 nifi
1415 2394 1499 2418 eam
1520 2380 1640 2432 ipsam
1661 2381 1766 2433 prius
1782 2380 1918 2419 scelere

522 2453 713 2492 violarint.
747 2451 846 2502 Qis
877 2450 983 2489 enim
1004 2449 1168 2502 ignorat,
1201 2461 1264 2486 eos
1294 2446 1411 2498 usque
1430 2446 1476 2484 ad
1503 2444 1602 2484 hanc
1634 2446 1737 2485 diem
1757 2447 1918 2488 retinere
