2201 2792
560 217 907 258 AcrroNIS
949 216 1002 256 11.
1062 216 1272 256 LIBER
1303 218 1378 256 111.
1589 233 1666 273 279

258 326 448 372 quantum
463 317 637 364 debetur,
658 318 720 356 sed
741 327 932 371 quantum
952 316 1210 355 commodum
1230 316 1296 362 est,
1323 315 1447 355 aufert
1466 317 1478 354 ?
1510 317 1576 356 ille
1596 332 1666 357 au-

259 393 355 430 tem,
387 385 490 423 unde
519 385 691 424 ablatum
725 385 778 423 est
791 414 803 430 ,
833 384 985 438 judicio
1015 383 1128 422 suum
1162 396 1383 436 recuperare
1409 383 1519 422 nullo
1550 385 1669 423 modo

258 451 383 503 potest
401 451 414 488 ?
445 451 600 490 Deinde
620 452 659 490 in
690 450 766 490 hoc
786 450 908 490 homo
926 451 1069 496 luteus,
1099 450 1217 489 etiam
1237 450 1399 488 callidus
1419 464 1462 488 ac
1483 459 1670 490 veterator

259 517 330 556 effe
349 519 447 564 vult,
465 519 570 572 quod
590 519 643 557 ita
663 519 808 564 scribit,
831 519 874 557 Si
890 528 972 557 uter
991 519 1100 563 volet,
1117 526 1385 571 recuperatores
1403 517 1504 556 dabo.
1537 519 1670 570 Qam

188 605 195 609 κ
259 584 386 637 lepide
407 585 442 624 se
462 585 579 624 furari
599 595 710 639 putat
729 586 742 623 ?
774 586 944 638 Utrique
963 584 1056 623 facit
1075 584 1314 637 potestatem.
1359 584 1429 623 Sed
1458 594 1591 623 utrum
1618 587 1671 624 ita

260 651 459 704 scripserit,
491 653 535 691 Si
561 662 644 691 uter
678 653 787 697 volet,
820 666 881 697 an,
915 652 958 691 Si
987 651 1198 691 decumanus
1226 652 1334 696 volet,
1368 650 1468 689 nihil
1499 652 1668 692 interest.

257 719 398 757 Arator
416 720 522 758 enim
542 728 628 758 tuos
650 720 738 758 istos
760 729 1042 772 recuperatores
1061 729 1263 771 nunquam
1284 718 1398 757 volet.

315 786 455 837 Qid?
487 785 555 824 llla
587 786 806 839 cujusmodi
840 786 956 831 sunt,
987 800 1072 839 quae
1108 799 1156 824 ex
1191 796 1377 839 tempore,
1413 786 1460 823 ab
1492 786 1669 838 Apronio

258 852 495 899 admonitus,
516 852 636 891 edixit
655 853 667 890 ?
700 853 954 906 QSeptitio,
983 852 1245 891 honestiffimo
1264 852 1440 897 homine,
1461 853 1671 905 equiteque

260 920 455 965 Romano,
488 920 675 958 refistente
696 921 886 973 Apronio,
919 929 957 958 et
977 920 1205 964 affirmante,
1238 919 1273 957 se
1300 920 1387 972 plus
1409 920 1572 958 decuma
1590 934 1670 959 non

260 985 454 1031 daturum,
490 987 661 1024 exoritur
690 986 881 1039 peculiare
913 986 1083 1024 edidtum
1104 986 1365 1039 repentinum,
1397 999 1445 1023 ne
1475 985 1562 1037 quis
1582 984 1669 1023 fru-

259 1061 439 1090 mentum
461 1051 507 1090 de
528 1065 610 1089 area
630 1051 794 1097 tolleret,
827 1060 1034 1104 antequam
1055 1065 1147 1089 cum
1168 1052 1383 1089 decumano
1404 1052 1534 1103 paftus
1562 1050 1666 1090 eflet.

259 1118 422 1156 Ferebat
441 1117 541 1156 hanc
562 1132 718 1171 quoque
737 1119 985 1170 iniquitatem
1007 1118 1204 1171 Septitius,
1226 1127 1263 1156 et
1284 1117 1401 1155 imbri
1422 1116 1670 1155 frumentum

260 1185 458 1238 corrumpi
478 1186 517 1223 in
539 1199 620 1223 area
640 1185 881 1238 patiebatur;
913 1199 1006 1223 cum
1027 1185 1126 1222 illud
1151 1185 1321 1222 edi6³mm
1343 1194 1498 1237 repente
1518 1184 1669 1222 uberri-

259 1265 373 1290 mum
392 1260 430 1290 et
451 1251 806 1304 quaestuofiffimum
829 1251 1008 1296 nascitur,
1031 1260 1074 1289 ut
1094 1260 1180 1289 ante
1199 1251 1386 1288 Kalendas
1409 1252 1511 1289 Sext.
1534 1264 1669 1289 omnes

259 1317 440 1356 decumas
461 1318 507 1356 ad
529 1332 668 1370 aquam
690 1318 904 1371 deportatas
926 1316 1125 1356 haberent.

280 1395 284 1398 ·
315 1385 408 1423 Hoc
439 1385 563 1423 edicsto
595 1398 673 1423 non
705 1385 825 1423 Siculi
859 1385 975 1436 (narn
1011 1398 1073 1422 eos
1105 1384 1265 1437 quidem
1295 1385 1377 1436 jam
1412 1383 1669 1436 superioribus

260 1450 394 1490 edictis
415 1451 500 1490 satis
521 1451 749 1504 perdiderat,
782 1461 897 1503 atque
917 1450 1119 1503 afflixerat)
1152 1451 1213 1488 sed
1235 1450 1295 1488 isti
1321 1450 1389 1503 ipfi
1415 1451 1562 1502 equites
1583 1451 1670 1489 Ro-

259 1518 379 1563 mani,
412 1519 481 1572 qui
511 1518 624 1556 suum
649 1519 713 1571 jus
745 1519 905 1556 retinere
935 1517 972 1556 se
1002 1528 1135 1556 contra
1170 1517 1391 1569 Apronium
1428 1517 1530 1569 pofl‘e
1563 1525 1671 1555 erant

260 1585 443 1629 arbitrati,
476 1584 666 1636 splendidi
685 1583 876 1627 homines,
907 1593 945 1621 et
980 1583 1063 1621 aliis
1099 1583 1330 1621 Praetoribus
1362 1583 1529 1634 gratiosi,
1550 1582 1672 1622 vincti

262 1650 438 1702 Apronio
459 1649 588 1687 traditi
604 1649 704 1687 sunt.
738 1649 941 1687 Attendite
961 1650 1080 1694 enirn,
1108 1648 1326 1700 cujusmodi
1346 1648 1468 1686 edicta
1488 1648 1588 1693 fint3
1610 1649 1672 1687 Ne

262 1715 379 1759 tollat,
410 1715 553 1768 inquit,
586 1729 628 1752 ex
656 1729 757 1760 area,
788 1714 946 1765 nsserit
960 1716 1104 1767 pac-ffus.
1137 1714 1233 1751 Satis
1267 1712 1350 1751 haec
1372 1727 1511 1766 magna
1541 1713 1597 1751 vis
1617 1713 1671 1752 est

260 1781 306 1818 ad
326 1781 461 1834 inique
481 1779 766 1834 paciscendum.
813 1780 925 1818 Malo
955 1781 1060 1818 enim
1081 1779 1168 1832 plus
1189 1780 1290 1824 dare,
1323 1792 1442 1831 quam
1473 1792 1551 1817 non
1583 1792 1669 1817 ma-

260 1857 344 1885 ture
376 1861 424 1886 ex
445 1860 526 1884 area
546 1847 691 1885 tollere.
735 1848 790 1885 At
810 1846 878 1884 ista
896 1847 952 1885 vis
975 1847 1198 1899 Septitium‚
1231 1854 1268 1883 et
1289 1845 1497 1884 nonnullos
1520 1845 1671 1898 Septitii

260 1913 401 1952 similes
423 1927 501 1956 non
521 1922 697 1958 coercet;
730 1914 799 1966 qui
830 1913 883 1951 ita
915 1913 1065 1958 dicunt,
1097 1912 1192 1950 Non
1215 1912 1348 1950 tollam
1369 1913 1513 1964 potius,
1550 1925 1671 1964 quam

261 1979 439 2032 paciscar.
472 1979 549 2017 His
580 1978 656 2018 hoc
687 1980 920 2033 apponitur,
954 1980 1213 2032 Deportatum
1234 1977 1372 2016 habeas
1407 1989 1493 2016 ante
1524 1977 1671 2016 Kalen-

263 2046 326 2083 das
349 2047 450 2084 Sext.
485 2046 710 2097 Deportabo
731 2047 862 2099 igitur.
896 2046 982 2084 Nifi
1010 2048 1140 2098 paftus
1161 2046 1248 2089 eris,
1284 2059 1361 2083 non
1389 2045 1671 2084 commovebis.

263 2113 324 2150 Sic
344 2111 569 2164 deportandi
589 2111 668 2149 dies
689 2112 896 2164 praestituta
917 2112 1049 2150 tollere
1069 2112 1229 2164 cogebat
1249 2125 1296 2149 ex
1323 2125 1418 2150 area.
1451 2110 1671 2150 Prohibitio

263 2177 440 2222 tollendi,
469 2177 538 2217 nifi
565 2179 696 2230 pinitus
718 2177 820 2223 esset,
855 2178 934 2216 vim
956 2177 1163 2216 adhibebat
1184 2178 1366 2230 pactioni,
1389 2192 1467 2216 non
1488 2177 1669 2216 volunta-

262 2253 356 2282 tem.

317 2310 408 2348 XV.
431 2310 520 2360 Jam
541 2323 628 2348 vero
648 2310 745 2348 illud
766 2324 843 2348 non
863 2310 987 2349 solum
1008 2319 1141 2349 contra
1160 2310 1287 2363 legem
1310 2309 1576 2351 Hieronicam,
1598 2319 1670 2344 nec

264 2375 387 2413 solum
408 2384 539 2413 eontra
569 2375 885 2414 consuetudinem
919 2377 1172 2430 superiorum,
1204 2376 1264 2413 sed
1291 2375 1405 2412 etiam
1429 2381 1560 2410 contra
1580 2385 1668 2409 om-

265 2440 428 2491 niajura
463 2442 695 2488 Siculorum,
729 2457 814 2495 quae
834 2442 978 2481 habent
1003 2456 1024 2479 a
1055 2442 1197 2485 senam,
1230 2440 1452 2492 populoque
1473 2439 1667 2483 Romano,

266 2519 313 2544 ne
333 2514 439 2544 extra
457 2506 568 2545 suum
599 2507 730 2547 forum
751 2509 1016 2548 vadimonium
1038 2507 1263 2560 promittere
1289 2514 1489 2559 cogantur.
1528 2503 1669 2543 Statuit
