2201 2792
493 159 571 196 442
928 142 1019 182 IN
1089 138 1474 179 VERREM

496 244 562 282 ille
583 258 659 283 non
682 243 807 281 solum
827 241 964 280 abeffet
985 255 1005 279 a
1025 241 1142 279 domo
1162 249 1262 285 tum,
1281 253 1373 278 cum
1394 239 1600 292 navigaret,
1622 236 1683 276 sed
1703 234 1820 274 etiam
1837 233 1888 272 li-

495 311 641 355 benter,
678 324 770 348 cum
791 323 933 361 magno
953 307 1098 346 honore
1129 306 1408 358 beneficioque,
1441 304 1604 343 abeffet:
1639 303 1717 357 ipse
1747 311 1890 346 autem,

496 387 646 414 remoto
670 386 784 429 atque
805 375 979 426 ablegato
998 374 1094 418 viro,
1117 387 1195 410 non
1215 372 1388 416 liberius,
1405 385 1524 423 quam
1544 380 1644 416 ante,
1666 358 1770 423 (quis
1786 368 1893 406 enim

497 456 670 494 unquam
693 443 798 480 istius
819 440 975 478 libidini
990 439 1138 477 obstitit
1154 439 1186 491 ?)
1203 438 1263 476 sed
1279 437 1395 490 paulo
1408 437 1586 475 solutiore
1601 446 1732 475 tamen
1747 435 1892 479 animo,

497 508 627 547 secum
648 509 756 545 illam
776 507 947 551 haberet,
970 506 996 544 fi
1017 519 1095 543 non
1115 514 1301 558 tanquam
1322 504 1464 549 virum,
1497 512 1534 541 at
1555 511 1738 555 tanquam
1770 514 1892 540 aemu-

498 576 598 620 lum,
620 573 848 613 removiffet.
869 573 1027 626 Accipit
1042 585 1177 611 navem
1200 571 1390 610 sociorum
1407 579 1521 623 atque
1540 569 1758 608 amicorum
1774 567 1893 606 Cleo-

498 655 631 680 menes
653 640 917 693 Syracusanus.

544 709 719 746 XXXII.
738 706 847 757 Qid
867 706 1041 758 primum
1061 713 1126 743 aut
1147 704 1336 749 accusem,
1358 712 1422 742 aut
1442 716 1589 756 querar,
1611 701 1767 754 Judices
1787 700 1800 738 ?
1833 699 1893 738 Si-

499 774 640 812 culone
660 772 814 812 homini
835 773 985 824 Legati,
1011 771 1232 822 Qaestori8‚
1259 770 1434 808 Praetoris
1466 769 1634 820 denique
1654 767 1892 821 potestatem,

500 839 706 884 honorem,
742 839 1008 877 auctoritatem
1028 837 1135 875 dari?
1169 837 1205 874 Si
1228 846 1264 874 te
1284 835 1522 888 impediebat
1541 834 1609 873 ista
1627 833 1894 872 conviviorum

499 906 790 958 mulierumque
810 905 1014 957 occupatio
1030 923 1041 949 3
1065 904 1132 942 ubi
1150 903 1363 955 Qaestores
1380 904 1392 940 ?
1417 902 1485 940 ubi
1502 900 1639 954 Legati
1659 902 1672 938 ?
1694 899 1762 938 ubi
1779 899 1894 937 ternis

499 973 663 1011 denariis
698 972 927 1010 aestimatum
962 969 1205 1008 frumentum
1226 970 1238 1006 ?
1271 969 1339 1006 ubi
1373 968 1473 1006 muli
1491 968 1504 1004 ?
1537 967 1604 1005 ubi
1624 965 1893 1005 tabernacula?

500 1040 570 1077 ubi
596 1048 654 1077 tot
686 1048 866 1090 tantaque
896 1046 1122 1075 ornamenta
1150 1035 1449 1089 magistratibus,
1484 1044 1522 1073 et
1542 1035 1690 1087 legatis,
1711 1047 1732 1071 a
1765 1033 1897 1071 senatu

500 1106 724 1159 populoque
745 1106 925 1143 Romano
945 1103 1135 1157 permissa,
1167 1112 1205 1141 et
1225 1103 1337 1140 data?
1369 1102 1537 1154 denique
1556 1102 1623 1139 ubi
1643 1099 1826 1155 praefecti,
1858 1108 1897 1137 et

501 1172 649 1210 tribuni
670 1171 759 1210 tui?
792 1171 829 1208 Si
865 1170 960 1208 civis
980 1171 1183 1207 Romanus
1204 1169 1343 1221 dignus
1378 1168 1449 1206 isto
1479 1168 1635 1220 negotio
1668 1180 1785 1205 nemo
1804 1165 1895 1211 fuit,

501 1239 595 1290 quid
617 1238 804 1281 civitates,
827 1251 911 1289 quae
932 1237 972 1274 in
993 1236 1163 1275 amicitia
1179 1236 1332 1288 fideque
1351 1235 1487 1288 populi
1509 1234 1680 1272 Romani
1709 1243 1897 1286 perpetuo

499 1303 743 1343 manserant?
776 1303 842 1340 ubi
875 1302 1102 1355 Segestana?
1134 1302 1201 1339 ubi
1223 1301 1478 1353 Centuripina
1508 1301 1665 1345 civitas;
1702 1313 1787 1351 quae
1809 1308 1895 1336 tum

499 1371 652 1415 officiis,
681 1369 769 1414 fide,
799 1368 995 1414 vetustate,
1032 1377 1119 1406 tum
1150 1368 1267 1405 etiam
1292 1367 1533 1419 cognatione,
1555 1366 1690 1419 populi
1722 1365 1893 1403 Romani

500 1450 645 1475 nomen
665 1436 861 1487 attingunt
880 1434 893 1471 ?

558 1503 595 1540 O
630 1502 701 1540 Dii
731 1499 994 1538 immortales!
1028 1499 1137 1551 quid,
1170 1499 1195 1536 fi
1217 1498 1354 1537 harum
1375 1498 1541 1551 ipsarum
1563 1498 1764 1536 civitatum
1787 1497 1895 1535 mili-

501 1569 619 1613 tibus,
643 1568 818 1611 navibus,
842 1565 1055 1610 navarchis,
1078 1565 1328 1617 Syracusanus
1350 1565 1579 1603 Cleomenes
1597 1563 1717 1616 juffus
1738 1563 1790 1601 est
1817 1565 1896 1601 im-

501 1635 659 1689 perare?
691 1649 769 1673 non
790 1634 917 1672 omnis
937 1633 1061 1672 honos
1083 1633 1129 1670 ab
1150 1632 1220 1670 isto
1241 1632 1453 1686 dignitatis,
1475 1632 1678 1684 aequitatis,
1702 1630 1898 1682 officiique

501 1703 670 1741 sublatus
692 1702 773 1739 est?
806 1701 970 1753 Ecquod
1004 1701 1044 1738 in
1066 1699 1195 1738 Sicilia
1211 1700 1363 1737 >bellurn
1398 1698 1594 1752 gessimus,
1628 1699 1722 1750 quin
1746 1698 1896 1735 Centu-

503 1769 637 1821 ripinis
659 1768 783 1812 sociis,
803 1766 1040 1818 Syracusanis
1054 1765 1242 1811 hostibus,
1266 1775 1460 1803 uteremur
1478 1765 1490 1802 ?
1511 1766 1643 1817 Atque
1664 1763 1746 1801 haec
1767 1763 1898 1800 omnia

503 1834 798 1871 admemoriam
826 1833 1033 1876 vetustatis,
1065 1846 1141 1869 non
1163 1833 1209 1870 ad
1243 1831 1519 1869 contumeliam
1553 1831 1734 1874 civitatis,
1770 1827 1899 1866 referri

502 1901 605 1938 volo.
630 1901 763 1951 Itaque
783 1899 849 1935 ille
869 1899 926 1935 vir
943 1898 1183 1942 clariffimus‚
1201 1897 1449 1949 summusque
1465 1898 1684 1949 imperator,
1707 1896 1769 1932 M.
1787 1895 1897 1931 Mar-

504 1967 638 2009 cellus,
671 1966 780 2016 cujus
802 1964 943 2001 virtute
970 1972 1102 2015 captae,
1129 1963 1386 2001 misericordia
1416 1962 1656 2006 conservatae,
1680 1961 1765 1998 sunt
1788 1962 1897 2012 Syra-

505 2031 615 2074 cusae,
649 2029 819 2067 habitare
853 2029 892 2066 in
914 2042 955 2065 ea
985 2038 1090 2081 parte
1110 2029 1229 2073 urbis,
1265 2042 1349 2080 quae
1379 2027 1501 2065 insula
1525 2027 1591 2072 est,
1624 2026 1899 2079 Syracusanum

506 2097 705 2135 neminem
727 2095 863 2133 voluit.
888 2095 1032 2139 Hodie,
1050 2095 1223 2147 inquam,
1242 2094 1517 2146 Syracusanum
1538 2095 1577 2131 in
1599 2107 1640 2131 ea
1660 2102 1765 2146 parte
1784 2092 1898 2130 habi-

506 2174 583 2200 tare
606 2176 682 2199 non
703 2162 795 2199 licet
813 2175 821 2198 :
854 2160 906 2198 est
926 2161 1030 2198 enim
1051 2161 1173 2205 locus,
1191 2174 1309 2212 quem
1330 2160 1388 2198 vel
1411 2160 1522 2212 pauci
1542 2159 1694 2212 possunt
1715 2157 1898 2196 defende-

506 2243 558 2267 re.
593 2228 851 2267 Committere
882 2227 1002 2278 igitur
1032 2240 1121 2265 eum
1154 2241 1230 2264 non
1251 2226 1476 2265 fideliffimis
1496 2225 1722 2264 hominibus
1744 2224 1896 2262 noluit:

505 2296 620 2334 simul
642 2295 745 2348 quod
766 2294 813 2332 ab
833 2294 900 2331 illa
918 2302 1024 2345 parte
1042 2294 1146 2331 urbis
1168 2293 1327 2332 navibus
1347 2294 1471 2331 aditus
1491 2306 1538 2331 ex
1558 2293 1635 2330 alto
1655 2292 1720 2329 est.
1744 2292 1897 2341 Qam-

507 2363 656 2407 obrem,
689 2361 757 2414 qui
781 2360 926 2399 nostros
948 2360 1136 2398 exercitus
1170 2359 1262 2414 saepe
1281 2359 1530 2405 excluserant,
1563 2359 1608 2397 iis
1643 2357 1801 2397 claustra
1820 2356 1898 2395 loci

508 2427 789 2468 committenda
809 2440 887 2466 non
907 2426 1150 2467 existimavit.
