2201 2792
423 156 494 191 loq.
938 139 1296 178 ORATIO

415 240 572 278 actionis
595 252 713 276 errare
732 238 845 291 poflit
863 253 872 276 :
891 238 1064 291 expreffae
1086 238 1173 276 sunt
1193 237 1298 276 enim
1318 249 1366 276 ex
1382 236 1679 289 uniuscujusque
1700 237 1811 276 dam·

412 320 478 351 no,
516 306 657 351 dolore,
694 305 959 349 incommodo,
982 305 1212 349 calamitate,
1244 304 1397 355 injuria,
1420 304 1586 356 publicae
1606 317 1626 341 a
1648 305 1812 342 Praetore

412 371 604 416 formulae,
627 371 671 409 ad
693 384 785 422 quas
805 371 950 422 privata
969 370 1015 408 lis
1036 369 1367 408 accommodatur.

470 438 541 476 IX.
579 438 677 488 Qae
697 450 789 474 cum
811 437 863 473 ita
883 436 968 481 fint,
1004 449 1072 474 cur
1092 449 1169 474 non
1200 436 1389 474 arbitrum
1419 449 1488 488 pro
1523 434 1624 472 socio
1644 433 1812 486 adegeris

414 502 691 555 QRoscium,
714 515 855 554 quaero.
888 502 1116 540 Formulam
1137 515 1215 539 non
1231 514 1339 539 noras
1355 501 1368 538 ?
1399 499 1608 539 Notiffima
1627 508 1718 537 erat.
1737 499 1811 550 Ju-

414 570 515 607 dicio
534 569 639 621 gravi
659 569 823 620 experiri
855 568 1038 606 nolebas?
1071 567 1180 619 Qid
1213 567 1293 605 ita?
1331 568 1491 619 Propter
1510 565 1812 603 familiaritatem

414 635 608 672 veterem?
644 648 713 671 cur
738 647 828 687 ergo
855 634 988 672 laedis?
1028 635 1187 685 Propter
1216 634 1475 684 integritatem
1507 630 1712 669 hominis?
1743 643 1812 667 cur

412 701 532 752 igitur
552 700 746 737 insimulas
767 700 778 736 ?
813 701 971 752 Propter
992 699 1302 751 magnitudinem
1330 697 1533 736 criminis?
1570 698 1674 735 Itane
1694 695 1810 733 vero?

413 780 530 818 quem
565 779 631 818 per
666 765 853 803 arbitrum
888 766 1166 803 circumvenire
1200 778 1277 802 non
1312 764 1446 816 poffes,
1479 764 1588 815 cujus
1623 762 1669 799 de
1699 774 1741 798 ea
1775 774 1813 798 re

410 833 611 884 proprium
633 841 710 868 erat
735 831 946 882 judicium,
979 830 1084 868 hunc
1105 831 1357 883 perjudicem
1379 828 1670 873 condemnabis,
1702 828 1812 879 cujus

412 898 458 935 de
478 910 519 934 ea
539 911 577 934 re
608 897 763 935 nullum
784 896 836 934 est
855 897 1056 934 arbitrium
1076 897 1087 933 ?
1164 897 1230 933 uin
1250 905 1293 933 tu
1313 894 1388 933 hoc
1419 896 1566 933 crimen
1586 903 1650 932 aut
1670 893 1809 944 objice,

412 963 481 1000 ubi
501 963 591 1000 licet
625 975 759 1014 agere3
792 971 857 1000 aut
877 963 1001 1014 jacere
1032 962 1126 1006 noli,
1160 962 1227 999 ubi
1248 975 1326 998 non
1357 970 1535 1013 oportet:
1568 959 1715 996 tametfi
1729 959 1812 1010 jam

408 1028 487 1066 hoc
509 1038 576 1065 tuo
596 1027 814 1065 testimonio
838 1028 985 1064 crimen
1005 1027 1200 1064 sublatum
1220 1026 1285 1063 est.
1328 1025 1449 1070 Nam,
1477 1038 1555 1077 quo
1576 1033 1619 1062 tu
1638 1032 1814 1075 tempore

410 1094 477 1131 illa
494 1093 662 1131 formula
682 1093 740 1130 uti
770 1092 939 1137 noluisti,
962 1090 1062 1130 nihil
1083 1090 1188 1129 hunc
1219 1092 1259 1128 in
1278 1090 1498 1129 societatem
1518 1089 1662 1128 fraudis
1688 1087 1814 1126 fecifl‘e

409 1158 616 1196 ostendisti.
640 1157 751 1195 Fecit
770 1157 1001 1209 paetionem.
1025 1157 1139 1194 Num
1160 1156 1307 1193 tabulas
1328 1154 1457 1199 habet,
1481 1168 1527 1192 an
1548 1154 1652 1192 non?
1675 1154 1714 1191 Si
1734 1166 1812 1192 non

409 1223 540 1266 habet,
562 1221 894 1274 quemadmodum
912 1221 1038 1273 pastio
1057 1220 1109 1257 est
1127 1221 1139 1256 ?
1172 1221 1197 1257 fi
1218 1219 1347 1264 habet,
1369 1233 1438 1257 cur
1457 1233 1535 1258 non
1554 1219 1731 1257 nominas
1750 1218 1764 1254 ?

467 1288 545 1326 Dic
576 1299 680 1325 nunc
701 1285 888 1323 Roscium
919 1286 984 1323 abs
1006 1294 1043 1323 te
1063 1285 1206 1338 petisse,
1238 1294 1281 1322 ut
1300 1284 1532 1323 familiarem
1551 1284 1662 1323 suum
1682 1284 1811 1322 sume-

412 1367 468 1392 res
489 1353 677 1391 arbitrum
696 1365 704 1388 :
727 1365 805 1389 non
825 1352 952 1404 petiit.
976 1352 1053 1389 Dic
1073 1351 1291 1403 paffi‘tionem
1309 1349 1451 1396 fecisse,
1472 1360 1516 1389 ut
1536 1350 1809 1390 absolveretur:

409 1433 488 1457 non
508 1418 656 1471 pepigit
679 1432 688 1455 :
721 1418 873 1469 Qaere,
895 1430 1009 1469 quare
1029 1417 1073 1454 fit
1093 1417 1285 1454 absolutus
1305 1431 1313 1453 :
1346 1416 1451 1467 quod
1479 1424 1558 1453 erat
1577 1415 1729 1454 summa
1748 1416 1812 1455 in-

410 1485 604 1529 nocentia,
627 1493 664 1521 et
684 1484 914 1536 integritate.
948 1483 1056 1533 Qid
1077 1482 1182 1520 enim
1202 1480 1348 1519 factum
1369 1481 1447 1519 est?
1479 1482 1627 1520 Venisti
1648 1482 1813 1521 domum

414 1551 518 1589 ultro
539 1550 667 1589 Roscii
683 1568 694 1594 3
727 1548 939 1587 satisfecisti
955 1567 966 1594 ;
994 1548 1097 1601 quod
1118 1557 1258 1586 temere
1278 1547 1540 1592 commisisses,
1561 1548 1602 1585 in
1612 1547 1812 1600 judicium

410 1624 455 1654 ut
475 1615 727 1659 denuntiaret,
748 1614 898 1667 rogasti,
922 1623 965 1652 ut
990 1613 1228 1665 ignosceret:
1261 1622 1298 1651 te
1318 1612 1531 1651 affuturum
1552 1613 1692 1665 negasti
1707 1630 1721 1657 3
1744 1613 1812 1651 de-

409 1683 499 1721 bere
530 1682 603 1720 tibi
634 1695 680 1719 ex
700 1681 876 1719 societate
896 1679 1011 1724 nihil,
1044 1680 1261 1717 clamitasti.
1293 1679 1424 1731 Judici
1455 1679 1521 1717 hic
1541 1679 1811 1726 denuntiavit,

408 1748 602 1786 absolutus
623 1747 688 1785 est.
736 1748 890 1784 Tamen
911 1745 1054 1784 fraudis
1076 1759 1118 1783 ac
1138 1745 1233 1783 furti
1262 1745 1503 1784 mentionem
1522 1744 1646 1783 facere
1665 1745 1778 1784 audes
1797 1746 1810 1783 ?

409 1813 552 1851 Perstat
572 1813 612 1850 in
633 1812 887 1865 impudentia.
922 1812 1145 1849 Paffionem
1165 1811 1287 1856 enim,
1315 1811 1458 1862 inquit,
1480 1823 1637 1847 mecum
1656 1810 1809 1849 fecerat.

409 1879 560 1916 Idcirco
580 1877 757 1915 videlicet
791 1890 838 1913 ne
867 1877 1200 1914 condemnaretur.
1245 1876 1353 1927 Qid
1374 1884 1451 1912 erat
1473 1875 1604 1919 causae‚
1637 1888 1705 1912 cur
1726 1889 1809 1913 me-

409 1953 547 1988 tueret,
580 1956 627 1980 ne
661 1941 1012 1980 condemnaretur?
1058 1942 1134 1979 Res
1170 1951 1247 1979 erat
1280 1939 1503 1979 manifesta:
1550 1939 1702 1979 furtum
1733 1950 1810 1980 erat

410 2018 602 2062 apertum.

438 2075 491 2112 X.
511 2075 633 2125 Cujus
655 2073 707 2110 rei
728 2071 879 2111 furtum
901 2071 1046 2111 faetum
1062 2073 1163 2110 erat?
1187 2072 1398 2111 Exorditur
1414 2086 1553 2125 magna
1565 2086 1657 2110 cum
1669 2085 1810 2126 expec-

409 2140 554 2178 tatione
574 2140 710 2177 veteris
736 2137 930 2177 histrionis
952 2152 1142 2192 exponere
1164 2139 1398 2178 societatem.
1429 2139 1643 2192 Panurgus,
1665 2139 1809 2191 inquit,

410 2205 486 2244 fuit
507 2205 658 2243 Fannii.
682 2206 718 2242 Is
738 2203 815 2242 fuit
832 2206 867 2242 ei
884 2219 976 2243 cum
993 2205 1136 2243 Roscio
1151 2206 1387 2244 communis.
1410 2206 1491 2243 Hic
1508 2206 1681 2257 primurn
1697 2203 1809 2256 ques-

411 2282 473 2310 tus
494 2271 546 2309 est
578 2285 654 2309 non
675 2271 806 2309 leviter
827 2271 994 2309 Satur'Ius
1022 2284 1274 2309 communem
1304 2270 1450 2309 factum
1481 2269 1551 2307 effe
1580 2269 1696 2322 gratis
1717 2282 1810 2306 cum

412 2337 565 2382 Roscio,
599 2337 667 2389 qui
689 2337 810 2390 pretio
842 2337 1016 2390 proprius
1046 2335 1173 2374 fuiffet
1194 2337 1346 2375 Fannii.
1389 2335 1568 2387 Largitus
1594 2334 1645 2372 est
1666 2334 1810 2372 scilicet

411 2402 531 2440 horno
552 2403 732 2448 liberalis,
746 2412 783 2441 et
803 2402 1017 2448 diffolutus,
1039 2410 1076 2440 et
1097 2402 1267 2441 bonitate
1287 2401 1445 2441 affluens
1460 2401 1630 2440 Fannius
1643 2399 1808 2439 Roscio?

413 2469 473 2507 Sic
493 2477 602 2520 puto.
