2201 2792
615 126 781 165 PRO
841 125 886 163 P.
947 124 1378 175 QUINTIO.
1655 137 1703 176 27

295 242 387 269 cum
406 225 615 281 praesertim
637 224 960 278 QHortensius,
983 224 1052 276 qui
1072 222 1149 262 hoc
1164 224 1316 276 judicio
1337 232 1459 277 partes
1481 224 1703 262 accusatoris

295 294 459 338 obtinet,
489 300 623 330 contra
654 304 717 329 me
747 290 792 328 fit
823 289 1008 334 dicturus,
1040 290 1105 327 cui
1125 289 1320 327 summam
1340 288 1509 342 copiam,
1541 288 1704 327 faculta-=

293 369 453 412 temque
473 357 627 397 dicendi
658 365 792 395 natura
810 356 946 409 largita
965 355 1048 394 est?
1081 357 1139 394 Ita
1170 355 1228 401 fit,
1261 365 1305 394 ut
1324 369 1410 409 ego,
1442 356 1509 408 qui
1543 355 1616 393 tela
1638 356 1705 393 de-

294 425 450 479 pellere,
478 434 516 464 et
538 423 761 463 vulneribus
783 422 928 461 mederi
950 422 1125 467 debeam,
1158 431 1244 460 tum
1267 422 1305 460 id
1326 421 1449 460 facere
1469 435 1597 474 cogar,
1614 436 1707 460 cum

293 493 412 530 etiam
433 490 558 530 telum
588 489 817 528 adversarius
849 488 1004 527 nullum
1029 489 1194 541 jecerit;
1227 488 1305 526 illis
1332 498 1462 526 autem
1483 488 1523 526 id
1552 497 1707 541 tempus

293 557 554 613 impugnandi
585 557 723 602 detur,
768 569 861 594 cum
901 564 940 594 et
974 555 1120 594 vitandi
1152 555 1311 594 illorum
1342 556 1513 608 impetus
1546 555 1708 608 potestas

296 626 474 680 adempta
494 624 606 664 nobis
627 624 699 662 erit
717 638 726 663 :
759 632 810 668 et,
832 623 859 661 fi
880 637 957 676 qua
982 623 1023 661 in
1044 637 1096 668 re,
1125 622 1164 660 id
1185 622 1292 675 quod
1322 623 1443 676 parati
1463 622 1551 661 sunt
1570 621 1707 668 facere,

296 692 436 732 falsum
457 693 619 738 crimen,
651 691 757 745 quasi
788 699 1019 732 venenatum
1039 690 1199 745 aliquod
1220 690 1357 736 telum,
1382 690 1559 743 jecerint,
1582 690 1708 729 medi-2

297 761 393 799 cinae
411 758 596 798 faciendae
614 758 725 798 locus
746 772 825 797 non
845 758 931 797 erit.

348 827 393 866 Id
413 826 553 866 accidit
574 825 750 866 Praetoris
771 825 993 878 iniquitate,
1015 832 1054 863 et
1072 824 1214 877 injuria
1231 839 1239 864 :
1262 824 1452 879 primum,
1471 823 1591 877 quod,
1614 837 1711 862 con-

298 903 355 933 tra
385 894 565 933 omnium
595 892 932 938 consuetudinem,
958 891 1157 945 judicium
1189 893 1293 945 prius
1327 892 1374 930 de
1400 891 1556 945 probro,
1593 904 1713 944 quam

300 960 346 998 de
366 974 419 1005 re,
450 959 591 998 maluit
611 958 695 997 fieri
710 977 722 1004 5
754 958 906 1004 deinde,
937 958 1043 1011 quod
1074 958 1128 997 ita
1156 958 1357 997 constituit
1386 958 1427 996 id
1453 958 1580 1011 ipsum
1602 958 1712 1011 judi-

300 1027 423 1071 cium,
454 1035 498 1063 ut
528 1037 627 1069 reuS,
664 1032 872 1076 antequam
903 1024 1066 1062 verbum
1097 1025 1323 1064 accusatoris
1353 1024 1525 1069 audiffet,
1561 1024 1714 1063 causam

302 1092 427 1130 dicere
448 1098 649 1142 cogeretur
664 1107 676 1133 3
711 1089 817 1140 quod
843 1103 978 1127 eorum
995 1090 1116 1142 gratia
1135 1099 1173 1128 et
1192 1090 1366 1142 potentia
1385 1089 1532 1128 factum
1561 1090 1627 1135 est,
1646 1090 1714 1142 qui

301 1157 405 1210 quasi
430 1156 494 1194 sua
513 1168 570 1193 res
601 1163 668 1192 aut
697 1153 820 1192 honos
842 1163 988 1207 agatur,
1021 1155 1074 1192 ita
1094 1155 1299 1207 diligenter
1320 1158 1405 1194 Sex.
1424 1156 1554 1194 Naevii
1574 1156 1713 1201 studim

299 1232 338 1262 et
358 1222 562 1276 cupiditati
582 1233 734 1260 morem
754 1229 894 1273 gerunt
914 1238 926 1266 3
959 1230 996 1258 et
1016 1220 1057 1259 in
1078 1220 1267 1273 ejusmodi
1289 1222 1402 1260 rebus
1423 1234 1514 1275 opes
1536 1222 1617 1260 suas
1645 1236 1714 1261 ex-

298 1290 514 1343 periuntur,
535 1289 576 1326 in
597 1287 755 1341 quibus,
787 1301 865 1340 quo
885 1287 972 1341 plus
991 1296 1149 1341 propter
1168 1287 1369 1333 virtutem,
1392 1288 1717 1342 nobilitatemque

299 1356 466 1410 poffunt‚
487 1369 533 1394 eo
553 1355 699 1400 minus,
720 1363 913 1407 quantum
933 1354 1087 1408 poffint,
1110 1354 1253 1393 debent
1272 1354 1480 1394 ostendere.

358 1423 478 1468 Cum,
511 1430 569 1460 tot
602 1419 791 1473 tantisque
812 1420 1109 1460 difficultatibus
1142 1419 1299 1460 affectus
1328 1431 1443 1474 atque
1463 1419 1641 1467 afflictus,
1676 1422 1717 1460 in

301 1498 422 1535 tuam,
455 1490 503 1528 C.
527 1488 680 1541 Aquili,
712 1487 846 1534 fidem,
876 1488 1090 1534 veritatem,
1123 1487 1425 1526 misericordiam
1458 1490 1502 1527 P.
1571 1489 1716 1527 uintius

301 1555 550 1608 confugerit;
582 1568 676 1593 cum
709 1553 836 1592 adhuc
868 1554 903 1592 ei
934 1564 1088 1608 propter
1108 1555 1189 1593 vim
1220 1555 1516 1600 adversariorum
1549 1569 1625 1594 non
1652 1557 1716 1607 jus

301 1636 383 1676 par,
405 1636 483 1660 non
503 1621 641 1675 agendi
671 1621 833 1674 potestas
864 1621 1014 1667 eadem,
1046 1635 1124 1660 non
1146 1621 1387 1674 magistratus
1408 1635 1540 1674 aequus
1563 1622 1718 1675 reperiri

301 1688 500 1742 potuerit3
533 1701 625 1726 cum
646 1687 680 1725 ei
712 1687 906 1725 summam
939 1701 1006 1739 per
1037 1688 1219 1739 injuriam
1251 1688 1383 1726 omnia
1412 1688 1573 1725 inimica
1601 1698 1717 1740 atque

304 1754 439 1793 infesta
470 1753 630 1799 fuerint,
662 1763 712 1798 te,
750 1755 798 1792 C.
821 1753 974 1805 Aquili,
1010 1753 1166 1805 vosque,
1203 1753 1271 1805 qui
1306 1754 1347 1790 in
1382 1753 1540 1791 consilio
1568 1753 1714 1799 adestis,

303 1830 398 1866 orat,
434 1829 550 1872 atque
583 1818 769 1864 obsecrat,
801 1828 844 1856 ut
876 1819 1011 1856 multis
1044 1819 1193 1870 injuriis
1218 1819 1415 1870 jactatam,
1451 1828 1565 1872 atque
1595 1820 1716 1872 agita-

305 1898 385 1927 tam
417 1887 654 1940 aequitatem,
687 1886 727 1925 in
761 1885 837 1925 hoc
873 1885 1029 1925 tandem
1061 1885 1149 1924 loco
1181 1885 1391 1931 confistere„
1428 1895 1466 1924 et
1496 1885 1716 1926 confirmari

305 1955 523 2009 patiamini.

360 2023 430 2061 III.
468 2022 512 2060 Id
544 2035 622 2075 quo
653 2021 805 2060 facilius
837 2020 959 2060 facere
978 2021 1138 2075 poffitis,
1173 2022 1270 2060 dabo
1290 2035 1460 2075 operam,
1492 2031 1536 2060 ut
1568 2035 1589 2060 a
1608 2022 1717 2075 prin-

304 2088 423 2142 cipio,
454 2102 511 2127 res
532 2090 867 2141 quemadmodum
887 2089 988 2142 gesta
1008 2100 1045 2127 et
1065 2091 1259 2128 contracta
1279 2090 1336 2134 sit,
1365 2089 1618 2142 cognoscatis.
1666 2091 1714 2128 C.

306 2155 495 2208 Qintius
526 2154 603 2193 fuit
634 2156 679 2194 P.
709 2156 866 2207 Qintii
896 2154 1013 2207 hujus
1045 2154 1186 2201 frater,
1220 2155 1303 2194 sane
1334 2164 1557 2194 caeterarum
1588 2169 1716 2194 rerum

305 2221 578 2276 paterfamilias
609 2231 647 2260 et
682 2223 866 2275 prudens,
902 2232 940 2260 et
971 2231 1153 2268 attentus,
1185 2236 1260 2261 una
1293 2223 1334 2261 in
1369 2237 1407 2260 re
1441 2223 1556 2276 paulo
1590 2223 1720 2260 minus

305 2289 575 2334 confideratus,
597 2290 665 2342 qui
687 2289 907 2328 societatem
929 2302 1023 2327 cum
1054 2290 1142 2329 Sex.
1164 2290 1303 2328 Naevio
1322 2288 1468 2334 fecerit,
1491 2289 1570 2326 viro
1599 2288 1716 2333 bono,

305 2365 559 2395 veruntamen
592 2370 671 2395 nou
705 2357 758 2395 ita
788 2357 977 2402 instituto,
1009 2367 1053 2395 ut
1076 2359 1163 2410 jura
1183 2357 1385 2401 societatis,
1418 2366 1455 2394 et
1475 2355 1601 2394 officia
1621 2355 1717 2393 certi

308 2422 590 2475 patrisfamilias
612 2423 713 2462 noss'e
734 2424 852 2476 poffet
873 2439 880 2461 :
915 2437 991 2462 non
1013 2425 1117 2476 quod
1138 2425 1173 2462 ei
1205 2423 1339 2462 deefl‘et
1360 2422 1562 2474 ingenium
1584 2436 1592 2460 :
1626 2435 1717 2460 nam

307 2501 434 2541 neque
467 2503 603 2543 parum
638 2489 783 2529 facetus
822 2491 945 2529 scurra
981 2492 1065 2529 Sex.
1096 2491 1284 2535 Naevius,
1322 2503 1447 2541 neque
1481 2488 1716 2528 inhumanus

1328 2556 1412 2594 D2
