<?xml version="1.0" encoding="UTF-8"?>
<!DOCTYPE html PUBLIC "-//W3C//DTD XHTML 1.0 Transitional//EN"
    "http://www.w3.org/TR/xhtml1/DTD/xhtml1-transitional.dtd">
<html xmlns="http://www.w3.org/1999/xhtml" xml:lang="en" lang="en">
 <head>
  <title>
</title>
<meta http-equiv="Content-Type" content="text/html;charset=utf-8" />
  <meta name='ocr-system' content='tesseract 3.04.00' />
  <meta name='ocr-capabilities' content='ocr_page ocr_carea ocr_par ocr_line ocrx_word'/>
</head>
<body>
  <div class='ocr_page' id='page_1' title='image "./operacumindicibu04ciceuoft_0262.png"; bbox 0 0 2201 2792; ppageno 0'>
   <div class='ocr_carea' id='block_1_1' title="bbox 529 165 1498 218">
    <p class='ocr_par' dir='ltr' id='par_1_1' title="bbox 529 165 1498 218">
     <span class='ocr_line' id='line_1_1' title="bbox 529 165 1498 218; baseline -0.003 -11"><span class='ocrx_word' id='word_1_1' title='bbox 529 169 605 218; x_wconf 68' lang='lat'>246</span> <span class='ocrx_word' id='word_1_2' title='bbox 952 165 1043 204; x_wconf 90' lang='lat' dir='ltr'>IN</span> <span class='ocrx_word' id='word_1_3' title='bbox 1119 165 1498 204; x_wconf 90' lang='lat' dir='ltr'>VERREM</span> 
     </span>
    </p>
   </div>
   <div class='ocr_carea' id='block_1_2' title="bbox 518 263 1924 2561">
    <p class='ocr_par' dir='ltr' id='par_1_2' title="bbox 525 263 1921 391">
     <span class='ocr_line' id='line_1_2' title="bbox 526 263 1921 323; baseline -0.006 -13"><span class='ocrx_word' id='word_1_4' title='bbox 526 272 638 315; x_wconf 89' lang='lat' dir='ltr'>varie,</span> <span class='ocrx_word' id='word_1_5' title='bbox 671 282 788 323; x_wconf 86' lang='lat' dir='ltr'>quam</span> <span class='ocrx_word' id='word_1_6' title='bbox 818 266 995 320; x_wconf 85' lang='lat' dir='ltr'>improbe</span> <span class='ocrx_word' id='word_1_7' title='bbox 1025 264 1210 318; x_wconf 83' lang='lat' dir='ltr'>praedatus</span> <span class='ocrx_word' id='word_1_8' title='bbox 1237 264 1338 310; x_wconf 84' lang='lat' dir='ltr'>effet,</span> <span class='ocrx_word' id='word_1_9' title='bbox 1370 265 1586 303; x_wconf 87' lang='lat' dir='ltr'>multorum</span> <span class='ocrx_word' id='word_1_10' title='bbox 1617 276 1664 302; x_wconf 87' lang='lat' dir='ltr'>ex</span> <span class='ocrx_word' id='word_1_11' title='bbox 1695 263 1921 303; x_wconf 80' lang='lat' dir='ltr'>testimoniis</span> 
     </span>
     <span class='ocr_line' id='line_1_3' title="bbox 525 336 767 391; baseline -0.012 -15"><span class='ocrx_word' id='word_1_12' title='bbox 525 336 767 391; x_wconf 84' lang='lat' dir='ltr'>cognovistis.</span> 
     </span>
    </p>

    <p class='ocr_par' dir='ltr' id='par_1_3' title="bbox 521 396 1924 1314">
     <span class='ocr_line' id='line_1_4' title="bbox 581 396 1922 450; baseline -0.005 -9"><span class='ocrx_word' id='word_1_13' title='bbox 581 404 689 442; x_wconf 90' lang='lat' dir='ltr'>LIV.</span> <span class='ocrx_word' id='word_1_14' title='bbox 723 401 806 445; x_wconf 86' lang='lat' dir='ltr'>Sed,</span> <span class='ocrx_word' id='word_1_15' title='bbox 839 414 886 438; x_wconf 91' lang='lat' dir='ltr'>ne</span> <span class='ocrx_word' id='word_1_16' title='bbox 906 397 1117 443; x_wconf 85' lang='lat' dir='ltr'>miremini,</span> <span class='ocrx_word' id='word_1_17' title='bbox 1149 410 1224 450; x_wconf 89' lang='lat' dir='ltr'>qua</span> <span class='ocrx_word' id='word_1_18' title='bbox 1244 396 1387 434; x_wconf 89' lang='lat' dir='ltr'>ratione</span> <span class='ocrx_word' id='word_1_19' title='bbox 1417 396 1482 434; x_wconf 91' lang='lat' dir='ltr'>hic</span> <span class='ocrx_word' id='word_1_20' title='bbox 1503 405 1654 435; x_wconf 89' lang='lat' dir='ltr'>tantum</span> <span class='ocrx_word' id='word_1_21' title='bbox 1685 396 1786 449; x_wconf 89' lang='lat' dir='ltr'>apud</span> <span class='ocrx_word' id='word_1_22' title='bbox 1806 397 1922 434; x_wconf 90' lang='lat' dir='ltr'>istum</span> 
     </span>
     <span class='ocr_line' id='line_1_5' title="bbox 524 461 1923 522; baseline -0.007 -13"><span class='ocrx_word' id='word_1_23' title='bbox 524 471 682 509; x_wconf 81' lang='lat' dir='ltr'>libertus</span> <span class='ocrx_word' id='word_1_24' title='bbox 714 468 893 522; x_wconf 88' lang='lat' dir='ltr'>potuerit,</span> <span class='ocrx_word' id='word_1_25' title='bbox 923 479 1112 518; x_wconf 85' lang='lat' dir='ltr'>exponam</span> <span class='ocrx_word' id='word_1_26' title='bbox 1132 464 1240 502; x_wconf 88' lang='lat' dir='ltr'>vobis</span> <span class='ocrx_word' id='word_1_27' title='bbox 1264 463 1441 508; x_wconf 91' lang='lat' dir='ltr'>breviter,</span> <span class='ocrx_word' id='word_1_28' title='bbox 1472 463 1566 516; x_wconf 92' lang='lat' dir='ltr'>quid</span> <span class='ocrx_word' id='word_1_29' title='bbox 1586 461 1756 502; x_wconf 87' lang='lat' dir='ltr'>hominis</span> <span class='ocrx_word' id='word_1_30' title='bbox 1776 464 1847 501; x_wconf 88' lang='lat' dir='ltr'>sit:</span> <span class='ocrx_word' id='word_1_31' title='bbox 1880 471 1923 500; x_wconf 88' lang='lat' dir='ltr'>ut</span> 
     </span>
     <span class='ocr_line' id='line_1_6' title="bbox 524 528 1922 586; baseline -0.006 -11"><span class='ocrx_word' id='word_1_32' title='bbox 524 546 562 575; x_wconf 91' lang='lat' dir='ltr'>et</span> <span class='ocrx_word' id='word_1_33' title='bbox 592 536 696 574; x_wconf 87' lang='lat' dir='ltr'>istius</span> <span class='ocrx_word' id='word_1_34' title='bbox 728 533 956 586; x_wconf 83' lang='lat' dir='ltr'>nequitiam,</span> <span class='ocrx_word' id='word_1_35' title='bbox 1001 532 1069 583; x_wconf 92' lang='lat' dir='ltr'>qui</span> <span class='ocrx_word' id='word_1_36' title='bbox 1103 530 1217 567; x_wconf 90' lang='lat' dir='ltr'>illum</span> <span class='ocrx_word' id='word_1_37' title='bbox 1250 529 1378 566; x_wconf 90' lang='lat' dir='ltr'>secum</span> <span class='ocrx_word' id='word_1_38' title='bbox 1408 528 1597 574; x_wconf 90' lang='lat' dir='ltr'>habuerit,</span> <span class='ocrx_word' id='word_1_39' title='bbox 1639 542 1683 567; x_wconf 92' lang='lat' dir='ltr'>eo</span> <span class='ocrx_word' id='word_1_40' title='bbox 1714 529 1922 582; x_wconf 87' lang='lat' dir='ltr'>praesertim</span> 
     </span>
     <span class='ocr_line' id='line_1_7' title="bbox 524 594 1920 648; baseline -0.008 -6"><span class='ocrx_word' id='word_1_41' title='bbox 524 616 686 641; x_wconf 87' lang='lat' dir='ltr'>numero</span> <span class='ocrx_word' id='word_1_42' title='bbox 705 615 747 638; x_wconf 89' lang='lat' dir='ltr'>ac</span> <span class='ocrx_word' id='word_1_43' title='bbox 767 600 868 643; x_wconf 77' lang='grc' dir='ltr'>Ιοςο,</span> <span class='ocrx_word' id='word_1_44' title='bbox 900 607 937 636; x_wconf 91' lang='lat' dir='ltr'>et</span> <span class='ocrx_word' id='word_1_45' title='bbox 957 597 1213 635; x_wconf 83' lang='lat' dir='ltr'>calamitatem</span> <span class='ocrx_word' id='word_1_46' title='bbox 1246 595 1451 648; x_wconf 83' lang='lat' dir='ltr'>provinciae</span> <span class='ocrx_word' id='word_1_47' title='bbox 1471 594 1719 647; x_wconf 88' lang='lat' dir='ltr'>cognoscatis.</span> <span class='ocrx_word' id='word_1_48' title='bbox 1764 596 1809 632; x_wconf 91' lang='lat' dir='ltr'>In</span> <span class='ocrx_word' id='word_1_49' title='bbox 1830 608 1920 632; x_wconf 91' lang='lat' dir='ltr'>mu-</span> 
     </span>
     <span class='ocr_line' id='line_1_8' title="bbox 522 659 1917 718; baseline -0.008 -11"><span class='ocrx_word' id='word_1_50' title='bbox 522 670 660 706; x_wconf 82' lang='lat' dir='ltr'>lierum</span> <span class='ocrx_word' id='word_1_51' title='bbox 680 664 920 718; x_wconf 84' lang='lat' dir='ltr'>corruptelis,</span> <span class='ocrx_word' id='word_1_52' title='bbox 951 672 989 700; x_wconf 88' lang='lat' dir='ltr'>et</span> <span class='ocrx_word' id='word_1_53' title='bbox 1020 663 1059 700; x_wconf 90' lang='lat' dir='ltr'>in</span> <span class='ocrx_word' id='word_1_54' title='bbox 1080 662 1188 700; x_wconf 90' lang='lat' dir='ltr'>omni</span> <span class='ocrx_word' id='word_1_55' title='bbox 1208 661 1395 713; x_wconf 87' lang='lat' dir='ltr'>ejusmodi</span> <span class='ocrx_word' id='word_1_56' title='bbox 1426 661 1577 699; x_wconf 83' lang='lat' dir='ltr'>luxuria</span> <span class='ocrx_word' id='word_1_57' title='bbox 1597 669 1709 712; x_wconf 90' lang='lat' dir='ltr'>atque</span> <span class='ocrx_word' id='word_1_58' title='bbox 1731 659 1917 712; x_wconf 85' lang='lat' dir='ltr'>nequitia,</span> 
     </span>
     <span class='ocr_line' id='line_1_9' title="bbox 524 725 1922 781; baseline -0.008 -7"><span class='ocrx_word' id='word_1_59' title='bbox 524 735 744 773; x_wconf 90' lang='lat' dir='ltr'>mirandum</span> <span class='ocrx_word' id='word_1_60' title='bbox 766 734 805 770; x_wconf 92' lang='lat' dir='ltr'>in</span> <span class='ocrx_word' id='word_1_61' title='bbox 837 730 1000 768; x_wconf 89' lang='lat' dir='ltr'>modum</span> <span class='ocrx_word' id='word_1_62' title='bbox 1031 727 1265 781; x_wconf 86' lang='lat' dir='ltr'>reperiebam</span> <span class='ocrx_word' id='word_1_63' title='bbox 1288 726 1394 764; x_wconf 90' lang='lat' dir='ltr'>hunc</span> <span class='ocrx_word' id='word_1_64' title='bbox 1414 725 1710 764; x_wconf 83' lang='lat' dir='ltr'>Timarchidem</span> <span class='ocrx_word' id='word_1_65' title='bbox 1737 728 1783 764; x_wconf 88' lang='lat' dir='ltr'>ad</span> <span class='ocrx_word' id='word_1_66' title='bbox 1816 725 1922 763; x_wconf 89' lang='lat' dir='ltr'>istius</span> 
     </span>
     <span class='ocr_line' id='line_1_10' title="bbox 524 793 1921 853; baseline -0.008 -13"><span class='ocrx_word' id='word_1_67' title='bbox 524 800 724 853; x_wconf 87' lang='lat' dir='ltr'>flagitiosas</span> <span class='ocrx_word' id='word_1_68' title='bbox 745 797 939 840; x_wconf 81' lang='lat' dir='ltr'>libidines,</span> <span class='ocrx_word' id='word_1_69' title='bbox 969 795 1275 847; x_wconf 79' lang='lat' dir='ltr'>singularemque</span> <span class='ocrx_word' id='word_1_70' title='bbox 1304 793 1519 845; x_wconf 89' lang='lat' dir='ltr'>nequitiam</span> <span class='ocrx_word' id='word_1_71' title='bbox 1539 802 1688 838; x_wconf 88' lang='lat' dir='ltr'>natum,</span> <span class='ocrx_word' id='word_1_72' title='bbox 1719 801 1833 844; x_wconf 87' lang='lat' dir='ltr'>atque</span> <span class='ocrx_word' id='word_1_73' title='bbox 1853 806 1921 844; x_wconf 92' lang='lat' dir='ltr'>ap-</span> 
     </span>
     <span class='ocr_line' id='line_1_11' title="bbox 523 858 1921 915; baseline -0.007 -9"><span class='ocrx_word' id='word_1_74' title='bbox 523 877 609 906; x_wconf 89' lang='lat' dir='ltr'>tum</span> <span class='ocrx_word' id='word_1_75' title='bbox 643 865 774 904; x_wconf 84' lang='lat' dir='ltr'>fuiffe:</span> <span class='ocrx_word' id='word_1_76' title='bbox 807 863 1040 915; x_wconf 87' lang='lat' dir='ltr'>investigare,</span> <span class='ocrx_word' id='word_1_77' title='bbox 1075 861 1190 906; x_wconf 89' lang='lat' dir='ltr'>adire,</span> <span class='ocrx_word' id='word_1_78' title='bbox 1236 860 1436 913; x_wconf 85' lang='lat' dir='ltr'>appellare,</span> <span class='ocrx_word' id='word_1_79' title='bbox 1478 873 1733 911; x_wconf 86' lang='lat' dir='ltr'>corrumpere,</span> <span class='ocrx_word' id='word_1_80' title='bbox 1770 858 1921 910; x_wconf 89' lang='lat' dir='ltr'>quidvis</span> 
     </span>
     <span class='ocr_line' id='line_1_12' title="bbox 523 924 1920 982; baseline -0.007 -11"><span class='ocrx_word' id='word_1_81' title='bbox 523 933 644 971; x_wconf 88' lang='lat' dir='ltr'>facere</span> <span class='ocrx_word' id='word_1_82' title='bbox 681 933 720 969; x_wconf 92' lang='lat' dir='ltr'>in</span> <span class='ocrx_word' id='word_1_83' title='bbox 756 929 943 982; x_wconf 89' lang='lat' dir='ltr'>ejusmodi</span> <span class='ocrx_word' id='word_1_84' title='bbox 974 928 1101 971; x_wconf 88' lang='lat' dir='ltr'>rebus,</span> <span class='ocrx_word' id='word_1_85' title='bbox 1132 927 1309 978; x_wconf 86' lang='lat' dir='ltr'>quamvis</span> <span class='ocrx_word' id='word_1_86' title='bbox 1341 926 1495 969; x_wconf 92' lang='lat' dir='ltr'>callide,</span> <span class='ocrx_word' id='word_1_87' title='bbox 1527 925 1701 977; x_wconf 88' lang='lat' dir='ltr'>quamvis</span> <span class='ocrx_word' id='word_1_88' title='bbox 1733 924 1920 969; x_wconf 66' lang='lat' dir='ltr'>audacter,</span> 
     </span>
     <span class='ocr_line' id='line_1_13' title="bbox 523 990 1923 1051; baseline -0.006 -15"><span class='ocrx_word' id='word_1_89' title='bbox 523 997 699 1051; x_wconf 85' lang='lat' dir='ltr'>quamvis</span> <span class='ocrx_word' id='word_1_90' title='bbox 733 994 1001 1047; x_wconf 85' lang='lat' dir='ltr'>impudenter:</span> <span class='ocrx_word' id='word_1_91' title='bbox 1032 992 1198 1030; x_wconf 89' lang='lat' dir='ltr'>eundem</span> <span class='ocrx_word' id='word_1_92' title='bbox 1218 991 1316 1028; x_wconf 89' lang='lat' dir='ltr'>mira</span> <span class='ocrx_word' id='word_1_93' title='bbox 1349 990 1524 1042; x_wconf 76' lang='lat' dir='ltr'>quaedam</span> <span class='ocrx_word' id='word_1_94' title='bbox 1544 990 1756 1042; x_wconf 85' lang='lat' dir='ltr'>excogitare</span> <span class='ocrx_word' id='word_1_95' title='bbox 1785 1002 1923 1041; x_wconf 82' lang='lat' dir='ltr'>genera</span> 
     </span>
     <span class='ocr_line' id='line_1_14' title="bbox 522 1055 1920 1112; baseline -0.006 -10"><span class='ocrx_word' id='word_1_96' title='bbox 522 1063 688 1102; x_wconf 88' lang='lat' dir='ltr'>furandi.</span> <span class='ocrx_word' id='word_1_97' title='bbox 721 1063 826 1100; x_wconf 86' lang='lat' dir='ltr'>Nam</span> <span class='ocrx_word' id='word_1_98' title='bbox 846 1059 973 1112; x_wconf 83' lang='lat' dir='ltr'>ipsum</span> <span class='ocrx_word' id='word_1_99' title='bbox 994 1059 1155 1095; x_wconf 83' lang='lat' dir='ltr'>Verrem</span> <span class='ocrx_word' id='word_1_100' title='bbox 1176 1055 1326 1094; x_wconf 75' lang='lat' dir='ltr'>tantum</span> <span class='ocrx_word' id='word_1_101' title='bbox 1346 1057 1499 1094; x_wconf 86' lang='lat' dir='ltr'>avaritia</span> <span class='ocrx_word' id='word_1_102' title='bbox 1518 1056 1664 1110; x_wconf 89' lang='lat' dir='ltr'>semper</span> <span class='ocrx_word' id='word_1_103' title='bbox 1682 1055 1826 1102; x_wconf 82' lang='lat' dir='ltr'>hiante,</span> <span class='ocrx_word' id='word_1_104' title='bbox 1861 1065 1920 1095; x_wconf 90' lang='lat' dir='ltr'>at-</span> 
     </span>
     <span class='ocr_line' id='line_1_15' title="bbox 522 1123 1923 1183; baseline -0.006 -15"><span class='ocrx_word' id='word_1_105' title='bbox 522 1144 598 1183; x_wconf 91' lang='lat' dir='ltr'>que</span> <span class='ocrx_word' id='word_1_106' title='bbox 617 1127 841 1167; x_wconf 88' lang='lat' dir='ltr'>imminenti</span> <span class='ocrx_word' id='word_1_107' title='bbox 860 1125 982 1170; x_wconf 74' lang='lat' dir='ltr'>fuifl‘e,</span> <span class='ocrx_word' id='word_1_108' title='bbox 1005 1124 1161 1177; x_wconf 85' lang='lat' dir='ltr'>ingenio</span> <span class='ocrx_word' id='word_1_109' title='bbox 1181 1133 1218 1161; x_wconf 94' lang='lat' dir='ltr'>et</span> <span class='ocrx_word' id='word_1_110' title='bbox 1238 1123 1471 1175; x_wconf 85' lang='lat' dir='ltr'>cogitatione</span> <span class='ocrx_word' id='word_1_111' title='bbox 1491 1123 1619 1168; x_wconf 86' lang='lat' dir='ltr'>nulla‚·</span> <span class='ocrx_word' id='word_1_112' title='bbox 1652 1134 1708 1168; x_wconf 91' lang='lat' dir='ltr'>ut,</span> <span class='ocrx_word' id='word_1_113' title='bbox 1730 1123 1923 1175; x_wconf 86' lang='lat' dir='ltr'>quidquid</span> 
     </span>
     <span class='ocr_line' id='line_1_16' title="bbox 521 1189 1924 1249; baseline -0.005 -14"><span class='ocrx_word' id='word_1_114' title='bbox 521 1197 585 1235; x_wconf 85' lang='lat' dir='ltr'>sua</span> <span class='ocrx_word' id='word_1_115' title='bbox 604 1197 734 1249; x_wconf 89' lang='lat' dir='ltr'>sponte</span> <span class='ocrx_word' id='word_1_116' title='bbox 753 1193 929 1237; x_wconf 86' lang='lat' dir='ltr'>faciebat,</span> <span class='ocrx_word' id='word_1_117' title='bbox 960 1193 1055 1229; x_wconf 86' lang='lat' dir='ltr'>item</span> <span class='ocrx_word' id='word_1_118' title='bbox 1076 1201 1119 1228; x_wconf 92' lang='lat' dir='ltr'>ut</span> <span class='ocrx_word' id='word_1_119' title='bbox 1147 1203 1213 1228; x_wconf 87' lang='lat' dir='ltr'>vos</span> <span class='ocrx_word' id='word_1_120' title='bbox 1235 1190 1372 1228; x_wconf 89' lang='lat' dir='ltr'>Romae</span> <span class='ocrx_word' id='word_1_121' title='bbox 1399 1189 1642 1242; x_wconf 82' lang='lat' dir='ltr'>cognovistis,</span> <span class='ocrx_word' id='word_1_122' title='bbox 1673 1189 1816 1242; x_wconf 84' lang='lat' dir='ltr'>eripere</span> <span class='ocrx_word' id='word_1_123' title='bbox 1846 1203 1924 1242; x_wconf 83' lang='lat' dir='ltr'>po-</span> 
     </span>
     <span class='ocr_line' id='line_1_17' title="bbox 522 1258 1124 1314; baseline -0.015 -12"><span class='ocrx_word' id='word_1_124' title='bbox 522 1264 612 1307; x_wconf 87' lang='lat' dir='ltr'>tius,</span> <span class='ocrx_word' id='word_1_125' title='bbox 634 1275 752 1314; x_wconf 87' lang='lat' dir='ltr'>quam</span> <span class='ocrx_word' id='word_1_126' title='bbox 772 1259 902 1298; x_wconf 85' lang='lat' dir='ltr'>fallere</span> <span class='ocrx_word' id='word_1_127' title='bbox 921 1258 1124 1296; x_wconf 87' lang='lat' dir='ltr'>videretur.</span> 
     </span>
    </p>

    <p class='ocr_par' dir='ltr' id='par_1_4' title="bbox 519 1320 1921 1957">
     <span class='ocr_line' id='line_1_18' title="bbox 578 1320 1920 1375; baseline -0.004 -10"><span class='ocrx_word' id='word_1_128' title='bbox 578 1329 676 1366; x_wconf 80' lang='lat' dir='ltr'>Haec</span> <span class='ocrx_word' id='word_1_129' title='bbox 708 1339 796 1363; x_wconf 93' lang='lat' dir='ltr'>vero</span> <span class='ocrx_word' id='word_1_130' title='bbox 816 1323 930 1375; x_wconf 86' lang='lat' dir='ltr'>hujus</span> <span class='ocrx_word' id='word_1_131' title='bbox 951 1331 1030 1360; x_wconf 88' lang='lat' dir='ltr'>erat</span> <span class='ocrx_word' id='word_1_132' title='bbox 1049 1335 1120 1366; x_wconf 87' lang='lat' dir='ltr'>ars,</span> <span class='ocrx_word' id='word_1_133' title='bbox 1152 1330 1189 1358; x_wconf 92' lang='lat' dir='ltr'>et</span> <span class='ocrx_word' id='word_1_134' title='bbox 1209 1321 1356 1358; x_wconf 83' lang='lat' dir='ltr'>malitia</span> <span class='ocrx_word' id='word_1_135' title='bbox 1376 1321 1560 1366; x_wconf 90' lang='lat' dir='ltr'>miranda,</span> <span class='ocrx_word' id='word_1_136' title='bbox 1583 1321 1687 1373; x_wconf 90' lang='lat' dir='ltr'>quod</span> <span class='ocrx_word' id='word_1_137' title='bbox 1707 1320 1920 1360; x_wconf 87' lang='lat' dir='ltr'>acutiffime</span> 
     </span>
     <span class='ocr_line' id='line_1_19' title="bbox 521 1386 1919 1445; baseline -0.005 -13"><span class='ocrx_word' id='word_1_138' title='bbox 521 1393 603 1433; x_wconf 67' lang='lat' dir='ltr'>tota</span> <span class='ocrx_word' id='word_1_139' title='bbox 622 1390 829 1445; x_wconf 73' lang='lat' dir='ltr'>provincia,</span> <span class='ocrx_word' id='word_1_140' title='bbox 861 1388 955 1441; x_wconf 88' lang='lat' dir='ltr'>quid</span> <span class='ocrx_word' id='word_1_141' title='bbox 975 1388 1115 1439; x_wconf 88' lang='lat' dir='ltr'>cuique</span> <span class='ocrx_word' id='word_1_142' title='bbox 1143 1386 1347 1431; x_wconf 80' lang='lat' dir='ltr'>accidifl‘et,</span> <span class='ocrx_word' id='word_1_143' title='bbox 1379 1387 1474 1439; x_wconf 90' lang='lat' dir='ltr'>quid</span> <span class='ocrx_word' id='word_1_144' title='bbox 1494 1387 1634 1438; x_wconf 88' lang='lat' dir='ltr'>cuique</span> <span class='ocrx_word' id='word_1_145' title='bbox 1653 1386 1741 1424; x_wconf 83' lang='lat' dir='ltr'>effet</span> <span class='ocrx_word' id='word_1_146' title='bbox 1760 1387 1919 1433; x_wconf 87' lang='lat' dir='ltr'>neceffe,</span> 
     </span>
     <span class='ocr_line' id='line_1_20' title="bbox 522 1453 1920 1511; baseline -0.006 -13"><span class='ocrx_word' id='word_1_147' title='bbox 522 1459 698 1511; x_wconf 85' lang='lat' dir='ltr'>indagare</span> <span class='ocrx_word' id='word_1_148' title='bbox 719 1467 756 1495; x_wconf 90' lang='lat' dir='ltr'>et</span> <span class='ocrx_word' id='word_1_149' title='bbox 787 1456 935 1493; x_wconf 88' lang='lat' dir='ltr'>odorari</span> <span class='ocrx_word' id='word_1_150' title='bbox 956 1454 1122 1498; x_wconf 69' lang='lat' dir='ltr'>solebat,</span> <span class='ocrx_word' id='word_1_151' title='bbox 1154 1453 1334 1491; x_wconf 88' lang='lat' dir='ltr'>omnium</span> <span class='ocrx_word' id='word_1_152' title='bbox 1365 1453 1603 1498; x_wconf 87' lang='lat' dir='ltr'>adversarios,</span> <span class='ocrx_word' id='word_1_153' title='bbox 1634 1453 1814 1491; x_wconf 91' lang='lat' dir='ltr'>omnium</span> <span class='ocrx_word' id='word_1_154' title='bbox 1841 1453 1920 1491; x_wconf 88' lang='lat' dir='ltr'>ini-</span> 
     </span>
     <span class='ocr_line' id='line_1_21' title="bbox 523 1518 1921 1574; baseline -0.006 -11"><span class='ocrx_word' id='word_1_155' title='bbox 523 1525 645 1563; x_wconf 89' lang='lat' dir='ltr'>micos</span> <span class='ocrx_word' id='word_1_156' title='bbox 680 1523 883 1574; x_wconf 87' lang='lat' dir='ltr'>diligenter</span> <span class='ocrx_word' id='word_1_157' title='bbox 921 1518 1161 1572; x_wconf 82' lang='lat' dir='ltr'>cognoscere,</span> <span class='ocrx_word' id='word_1_158' title='bbox 1206 1518 1390 1570; x_wconf 90' lang='lat' dir='ltr'>colloqui,</span> <span class='ocrx_word' id='word_1_159' title='bbox 1435 1527 1645 1563; x_wconf 69' lang='lat' dir='ltr'>attentare,</span> <span class='ocrx_word' id='word_1_160' title='bbox 1687 1531 1733 1556; x_wconf 81' lang='lat' dir='ltr'>ex</span> <span class='ocrx_word' id='word_1_161' title='bbox 1760 1527 1921 1570; x_wconf 88' lang='lat' dir='ltr'>utraque</span> 
     </span>
     <span class='ocr_line' id='line_1_22' title="bbox 521 1583 1919 1644; baseline -0.004 -15"><span class='ocrx_word' id='word_1_162' title='bbox 521 1601 626 1644; x_wconf 89' lang='lat' dir='ltr'>parte</span> <span class='ocrx_word' id='word_1_163' title='bbox 646 1588 784 1633; x_wconf 84' lang='lat' dir='ltr'>causas,</span> <span class='ocrx_word' id='word_1_164' title='bbox 816 1587 1030 1624; x_wconf 89' lang='lat' dir='ltr'>voluntates</span> <span class='ocrx_word' id='word_1_165' title='bbox 1061 1585 1283 1638; x_wconf 87' lang='lat' dir='ltr'>perspicere,</span> <span class='ocrx_word' id='word_1_166' title='bbox 1315 1583 1512 1622; x_wconf 85' lang='lat' dir='ltr'>facultates</span> <span class='ocrx_word' id='word_1_167' title='bbox 1533 1594 1569 1623; x_wconf 88' lang='lat' dir='ltr'>et</span> <span class='ocrx_word' id='word_1_168' title='bbox 1589 1585 1744 1637; x_wconf 90' lang='lat' dir='ltr'>copias:</span> <span class='ocrx_word' id='word_1_169' title='bbox 1777 1585 1919 1636; x_wconf 87' lang='lat' dir='ltr'>quibus</span> 
     </span>
     <span class='ocr_line' id='line_1_23' title="bbox 519 1649 1917 1709; baseline -0.005 -15"><span class='ocrx_word' id='word_1_170' title='bbox 519 1669 616 1709; x_wconf 91' lang='lat' dir='ltr'>opus</span> <span class='ocrx_word' id='word_1_171' title='bbox 646 1654 747 1698; x_wconf 85' lang='lat' dir='ltr'>effet,</span> <span class='ocrx_word' id='word_1_172' title='bbox 779 1661 930 1690; x_wconf 91' lang='lat' dir='ltr'>metum</span> <span class='ocrx_word' id='word_1_173' title='bbox 964 1650 1094 1689; x_wconf 85' lang='lat' dir='ltr'>afferre</span> <span class='ocrx_word' id='word_1_174' title='bbox 1109 1669 1122 1696; x_wconf 72' lang='lat'>5</span> <span class='ocrx_word' id='word_1_175' title='bbox 1153 1651 1294 1702; x_wconf 90' lang='lat' dir='ltr'>quibus</span> <span class='ocrx_word' id='word_1_176' title='bbox 1321 1650 1528 1702; x_wconf 85' lang='lat' dir='ltr'>expediret,</span> <span class='ocrx_word' id='word_1_177' title='bbox 1560 1651 1665 1702; x_wconf 90' lang='lat' dir='ltr'>spem</span> <span class='ocrx_word' id='word_1_178' title='bbox 1696 1649 1917 1688; x_wconf 88' lang='lat' dir='ltr'>ostendere:</span> 
     </span>
     <span class='ocr_line' id='line_1_24' title="bbox 521 1710 1920 1770; baseline -0.006 -9"><span class='ocrx_word' id='word_1_179' title='bbox 521 1721 797 1763; x_wconf 86' lang='lat' dir='ltr'>accusatorum,</span> <span class='ocrx_word' id='word_1_180' title='bbox 828 1727 865 1756; x_wconf 82' lang='lat' dir='ltr'>et</span> <span class='ocrx_word' id='word_1_181' title='bbox 885 1710 1230 1770; x_wconf 86' lang='lat' dir='ltr'>quadruplatorum</span> <span class='ocrx_word' id='word_1_182' title='bbox 1251 1715 1440 1768; x_wconf 90' lang='lat' dir='ltr'>quidquid</span> <span class='ocrx_word' id='word_1_183' title='bbox 1472 1725 1562 1761; x_wconf 87' lang='lat' dir='ltr'>erat,</span> <span class='ocrx_word' id='word_1_184' title='bbox 1593 1714 1758 1754; x_wconf 88' lang='lat' dir='ltr'>habebat</span> <span class='ocrx_word' id='word_1_185' title='bbox 1787 1716 1827 1754; x_wconf 93' lang='lat' dir='ltr'>in</span> <span class='ocrx_word' id='word_1_186' title='bbox 1847 1729 1920 1768; x_wconf 88' lang='lat' dir='ltr'>po·-</span> 
     </span>
     <span class='ocr_line' id='line_1_25' title="bbox 521 1781 1920 1838; baseline -0.006 -11"><span class='ocrx_word' id='word_1_187' title='bbox 521 1789 675 1835; x_wconf 76' lang='lat' dir='ltr'>testate:</span> <span class='ocrx_word' id='word_1_188' title='bbox 709 1785 812 1838; x_wconf 89' lang='lat' dir='ltr'>quod</span> <span class='ocrx_word' id='word_1_189' title='bbox 843 1785 984 1837; x_wconf 89' lang='lat' dir='ltr'>cuique</span> <span class='ocrx_word' id='word_1_190' title='bbox 1015 1784 1160 1836; x_wconf 88' lang='lat' dir='ltr'>negotii</span> <span class='ocrx_word' id='word_1_191' title='bbox 1180 1781 1343 1821; x_wconf 81' lang='lat' dir='ltr'>conflare</span> <span class='ocrx_word' id='word_1_192' title='bbox 1372 1782 1536 1826; x_wconf 86' lang='lat' dir='ltr'>volebat,</span> <span class='ocrx_word' id='word_1_193' title='bbox 1568 1782 1677 1820; x_wconf 90' lang='lat' dir='ltr'>nullo</span> <span class='ocrx_word' id='word_1_194' title='bbox 1702 1781 1830 1820; x_wconf 87' lang='lat' dir='ltr'>labore</span> <span class='ocrx_word' id='word_1_195' title='bbox 1859 1781 1920 1819; x_wconf 82' lang='lat' dir='ltr'>fa-</span> 
     </span>
     <span class='ocr_line' id='line_1_26' title="bbox 521 1847 1918 1901; baseline -0.006 -8"><span class='ocrx_word' id='word_1_196' title='bbox 521 1855 644 1893; x_wconf 88' lang='lat' dir='ltr'>ciebat</span> <span class='ocrx_word' id='word_1_197' title='bbox 662 1868 670 1891; x_wconf 91' lang='lat'>:</span> <span class='ocrx_word' id='word_1_198' title='bbox 704 1852 809 1890; x_wconf 87' lang='lat' dir='ltr'>istius</span> <span class='ocrx_word' id='word_1_199' title='bbox 831 1851 962 1888; x_wconf 85' lang='lat' dir='ltr'>omnia</span> <span class='ocrx_word' id='word_1_200' title='bbox 981 1850 1142 1893; x_wconf 90' lang='lat' dir='ltr'>decreta,</span> <span class='ocrx_word' id='word_1_201' title='bbox 1175 1848 1347 1901; x_wconf 86' lang='lat' dir='ltr'>imperia,</span> <span class='ocrx_word' id='word_1_202' title='bbox 1378 1847 1504 1886; x_wconf 87' lang='lat' dir='ltr'>literas</span> <span class='ocrx_word' id='word_1_203' title='bbox 1525 1847 1758 1900; x_wconf 72' lang='lat' dir='ltr'>peritissime,</span> <span class='ocrx_word' id='word_1_204' title='bbox 1780 1856 1817 1884; x_wconf 88' lang='lat' dir='ltr'>et</span> <span class='ocrx_word' id='word_1_205' title='bbox 1837 1847 1918 1885; x_wconf 85' lang='lat' dir='ltr'>cal-</span> 
     </span>
     <span class='ocr_line' id='line_1_27' title="bbox 523 1915 957 1957; baseline -0.014 0"><span class='ocrx_word' id='word_1_206' title='bbox 523 1919 700 1957; x_wconf 73' lang='lat' dir='ltr'>ndiffime</span> <span class='ocrx_word' id='word_1_207' title='bbox 726 1915 957 1954; x_wconf 83' lang='lat' dir='ltr'>venditabat.</span> 
     </span>
    </p>

    <p class='ocr_par' dir='ltr' id='par_1_5' title="bbox 518 1979 1919 2561">
     <span class='ocr_line' id='line_1_28' title="bbox 577 1979 1919 2031; baseline -0.004 -8"><span class='ocrx_word' id='word_1_208' title='bbox 577 1987 636 2023; x_wconf 88' lang='lat' dir='ltr'>Ac</span> <span class='ocrx_word' id='word_1_209' title='bbox 657 1998 733 2022; x_wconf 92' lang='lat' dir='ltr'>non</span> <span class='ocrx_word' id='word_1_210' title='bbox 755 1983 877 2020; x_wconf 91' lang='lat' dir='ltr'>solum</span> <span class='ocrx_word' id='word_1_211' title='bbox 894 1990 970 2018; x_wconf 89' lang='lat' dir='ltr'>erat</span> <span class='ocrx_word' id='word_1_212' title='bbox 990 1980 1210 2018; x_wconf 87' lang='lat' dir='ltr'>administer</span> <span class='ocrx_word' id='word_1_213' title='bbox 1230 1979 1334 2017; x_wconf 89' lang='lat' dir='ltr'>istius</span> <span class='ocrx_word' id='word_1_214' title='bbox 1355 1979 1627 2031; x_wconf 89' lang='lat' dir='ltr'>cupiditatum,</span> <span class='ocrx_word' id='word_1_215' title='bbox 1649 1992 1783 2017; x_wconf 90' lang='lat' dir='ltr'>verum</span> <span class='ocrx_word' id='word_1_216' title='bbox 1801 1979 1919 2018; x_wconf 88' lang='lat' dir='ltr'>etiam</span> 
     </span>
     <span class='ocr_line' id='line_1_29' title="bbox 520 2046 1916 2104; baseline -0.004 -15"><span class='ocrx_word' id='word_1_217' title='bbox 520 2051 595 2104; x_wconf 73' lang='lat' dir='ltr'>ipse</span> <span class='ocrx_word' id='word_1_218' title='bbox 616 2051 671 2088; x_wconf 91' lang='lat' dir='ltr'>sui</span> <span class='ocrx_word' id='word_1_219' title='bbox 692 2049 918 2087; x_wconf 86' lang='lat' dir='ltr'>meminerat</span> <span class='ocrx_word' id='word_1_220' title='bbox 937 2060 1056 2099; x_wconf 79' lang='lat' dir='ltr'>aeque.</span> <span class='ocrx_word' id='word_1_221' title='bbox 1100 2046 1194 2084; x_wconf 89' lang='lat' dir='ltr'>Non</span> <span class='ocrx_word' id='word_1_222' title='bbox 1224 2046 1346 2084; x_wconf 90' lang='lat' dir='ltr'>solum</span> <span class='ocrx_word' id='word_1_223' title='bbox 1368 2059 1564 2091; x_wconf 87' lang='lat' dir='ltr'>nummos,</span> <span class='ocrx_word' id='word_1_224' title='bbox 1597 2046 1622 2084; x_wconf 88' lang='lat' dir='ltr'>fi</span> <span class='ocrx_word' id='word_1_225' title='bbox 1642 2047 1710 2098; x_wconf 88' lang='lat' dir='ltr'>qui</span> <span class='ocrx_word' id='word_1_226' title='bbox 1730 2046 1789 2084; x_wconf 86' lang='lat' dir='ltr'>isti</span> <span class='ocrx_word' id='word_1_227' title='bbox 1809 2046 1916 2084; x_wconf 85' lang='lat' dir='ltr'>exci-</span> 
     </span>
     <span class='ocr_line' id='line_1_30' title="bbox 521 2111 1918 2165; baseline -0.005 -9"><span class='ocrx_word' id='word_1_228' title='bbox 521 2119 664 2161; x_wconf 84' lang='lat' dir='ltr'>derant,</span> <span class='ocrx_word' id='word_1_229' title='bbox 687 2115 818 2153; x_wconf 88' lang='lat' dir='ltr'>tollere</span> <span class='ocrx_word' id='word_1_230' title='bbox 839 2113 994 2158; x_wconf 83' lang='lat' dir='ltr'>solebat,</span> <span class='ocrx_word' id='word_1_231' title='bbox 1017 2127 1062 2151; x_wconf 83' lang='lat' dir='ltr'>ex</span> <span class='ocrx_word' id='word_1_232' title='bbox 1083 2113 1224 2165; x_wconf 91' lang='lat' dir='ltr'>quibus</span> <span class='ocrx_word' id='word_1_233' title='bbox 1245 2112 1447 2165; x_wconf 83' lang='lat' dir='ltr'>pecuniam</span> <span class='ocrx_word' id='word_1_234' title='bbox 1467 2112 1677 2151; x_wconf 87' lang='lat' dir='ltr'>maximam</span> <span class='ocrx_word' id='word_1_235' title='bbox 1698 2111 1791 2150; x_wconf 87' lang='lat' dir='ltr'>fecit</span> <span class='ocrx_word' id='word_1_236' title='bbox 1811 2130 1822 2157; x_wconf 84' lang='lat'><em>3</em></span> <span class='ocrx_word' id='word_1_237' title='bbox 1854 2111 1918 2149; x_wconf 90' lang='lat' dir='ltr'>sed</span> 
     </span>
     <span class='ocr_line' id='line_1_31' title="bbox 522 2177 1915 2232; baseline -0.004 -11"><span class='ocrx_word' id='word_1_238' title='bbox 522 2185 637 2221; x_wconf 86' lang='lat' dir='ltr'>etiam</span> <span class='ocrx_word' id='word_1_239' title='bbox 659 2181 916 2232; x_wconf 86' lang='lat' dir='ltr'>voluptatum,</span> <span class='ocrx_word' id='word_1_240' title='bbox 942 2178 1253 2231; x_wconf 83' lang='lat' dir='ltr'>flagitiorumque</span> <span class='ocrx_word' id='word_1_241' title='bbox 1274 2178 1378 2216; x_wconf 89' lang='lat' dir='ltr'>istius</span> <span class='ocrx_word' id='word_1_242' title='bbox 1399 2177 1476 2230; x_wconf 90' lang='lat' dir='ltr'>ipse</span> <span class='ocrx_word' id='word_1_243' title='bbox 1496 2178 1673 2230; x_wconf 90' lang='lat' dir='ltr'>reliquias</span> <span class='ocrx_word' id='word_1_244' title='bbox 1694 2178 1915 2229; x_wconf 85' lang='lat' dir='ltr'>colligebat.</span> 
     </span>
     <span class='ocr_line' id='line_1_32' title="bbox 523 2242 1916 2301; baseline -0.006 -14"><span class='ocrx_word' id='word_1_245' title='bbox 523 2251 656 2301; x_wconf 88' lang='lat' dir='ltr'>Itaque</span> <span class='ocrx_word' id='word_1_246' title='bbox 678 2247 716 2284; x_wconf 87' lang='lat' dir='ltr'>in</span> <span class='ocrx_word' id='word_1_247' title='bbox 739 2245 865 2284; x_wconf 86' lang='lat' dir='ltr'>Sicilia</span> <span class='ocrx_word' id='word_1_248' title='bbox 885 2258 961 2282; x_wconf 90' lang='lat' dir='ltr'>non</span> <span class='ocrx_word' id='word_1_249' title='bbox 984 2243 1262 2288; x_wconf 89' lang='lat' dir='ltr'>Athenionem,</span> <span class='ocrx_word' id='word_1_250' title='bbox 1295 2244 1363 2296; x_wconf 92' lang='lat' dir='ltr'>qui</span> <span class='ocrx_word' id='word_1_251' title='bbox 1390 2244 1544 2282; x_wconf 89' lang='lat' dir='ltr'>nullum</span> <span class='ocrx_word' id='word_1_252' title='bbox 1579 2243 1767 2295; x_wconf 87' lang='lat' dir='ltr'>oppidum</span> <span class='ocrx_word' id='word_1_253' title='bbox 1798 2242 1916 2294; x_wconf 90' lang='lat' dir='ltr'>cepit,</span> 
     </span>
     <span class='ocr_line' id='line_1_33' title="bbox 523 2308 1917 2362; baseline -0.006 -9"><span class='ocrx_word' id='word_1_254' title='bbox 523 2315 584 2353; x_wconf 82' lang='lat' dir='ltr'>sed</span> <span class='ocrx_word' id='word_1_255' title='bbox 618 2310 913 2352; x_wconf 85' lang='lat' dir='ltr'>Timarchidem</span> <span class='ocrx_word' id='word_1_256' title='bbox 952 2309 1161 2362; x_wconf 88' lang='lat' dir='ltr'>fugitivum</span> <span class='ocrx_word' id='word_1_257' title='bbox 1200 2310 1382 2347; x_wconf 89' lang='lat' dir='ltr'>omnibus</span> <span class='ocrx_word' id='word_1_258' title='bbox 1421 2309 1573 2361; x_wconf 87' lang='lat' dir='ltr'>oppidis</span> <span class='ocrx_word' id='word_1_259' title='bbox 1608 2321 1674 2360; x_wconf 87' lang='lat' dir='ltr'>per</span> <span class='ocrx_word' id='word_1_260' title='bbox 1707 2308 1917 2345; x_wconf 89' lang='lat' dir='ltr'>triennium</span> 
     </span>
     <span class='ocr_line' id='line_1_34' title="bbox 523 2373 1917 2430; baseline -0.006 -12"><span class='ocrx_word' id='word_1_261' title='bbox 523 2381 656 2418; x_wconf 88' lang='lat' dir='ltr'>scitote</span> <span class='ocrx_word' id='word_1_262' title='bbox 676 2376 864 2430; x_wconf 76' lang='lat' dir='ltr'>regnasse:</span> <span class='ocrx_word' id='word_1_263' title='bbox 896 2377 936 2414; x_wconf 92' lang='lat' dir='ltr'>in</span> <span class='ocrx_word' id='word_1_264' title='bbox 956 2373 1219 2414; x_wconf 87' lang='lat' dir='ltr'>Timarchidis</span> <span class='ocrx_word' id='word_1_265' title='bbox 1245 2374 1425 2427; x_wconf 90' lang='lat' dir='ltr'>potestate</span> <span class='ocrx_word' id='word_1_266' title='bbox 1457 2374 1645 2412; x_wconf 85' lang='lat' dir='ltr'>sociorum</span> <span class='ocrx_word' id='word_1_267' title='bbox 1677 2373 1810 2425; x_wconf 89' lang='lat' dir='ltr'>populi</span> <span class='ocrx_word' id='word_1_268' title='bbox 1831 2373 1917 2411; x_wconf 92' lang='lat' dir='ltr'>Ro-</span> 
     </span>
     <span class='ocr_line' id='line_1_35' title="bbox 523 2439 1916 2495; baseline -0.004 -12"><span class='ocrx_word' id='word_1_269' title='bbox 523 2446 628 2484; x_wconf 87' lang='lat' dir='ltr'>mani</span> <span class='ocrx_word' id='word_1_270' title='bbox 662 2442 1026 2495; x_wconf 85' lang='lat' dir='ltr'>antiquissimorum,</span> <span class='ocrx_word' id='word_1_271' title='bbox 1062 2450 1176 2493; x_wconf 89' lang='lat' dir='ltr'>atque</span> <span class='ocrx_word' id='word_1_272' title='bbox 1210 2439 1527 2478; x_wconf 74' lang='lat' dir='ltr'>amicissimorum</span> <span class='ocrx_word' id='word_1_273' title='bbox 1562 2439 1722 2483; x_wconf 63' lang='lat' dir='ltr'>liberm,</span> <span class='ocrx_word' id='word_1_274' title='bbox 1755 2449 1916 2477; x_wconf 89' lang='lat' dir='ltr'>matres-</span> 
     </span>
     <span class='ocr_line' id='line_1_36' title="bbox 518 2504 1915 2561; baseline -0.004 -12"><span class='ocrx_word' id='word_1_275' title='bbox 518 2511 700 2555; x_wconf 79' lang='lat' dir='ltr'>familias,</span> <span class='ocrx_word' id='word_1_276' title='bbox 735 2510 857 2555; x_wconf 88' lang='lat' dir='ltr'>bona,</span> <span class='ocrx_word' id='word_1_277' title='bbox 888 2507 1134 2561; x_wconf 83' lang='lat' dir='ltr'>fortunasque</span> <span class='ocrx_word' id='word_1_278' title='bbox 1163 2519 1298 2547; x_wconf 90' lang='lat' dir='ltr'>omnes</span> <span class='ocrx_word' id='word_1_279' title='bbox 1328 2504 1450 2545; x_wconf 77' lang='lat' dir='ltr'>fuiss‘e.</span> <span class='ocrx_word' id='word_1_280' title='bbox 1503 2506 1537 2544; x_wconf 86' lang='lat' dir='ltr'>Is</span> <span class='ocrx_word' id='word_1_281' title='bbox 1569 2505 1700 2558; x_wconf 86' lang='lat' dir='ltr'>igitur,</span> <span class='ocrx_word' id='word_1_282' title='bbox 1737 2514 1779 2544; x_wconf 91' lang='lat' dir='ltr'>ut</span> <span class='ocrx_word' id='word_1_283' title='bbox 1812 2505 1915 2550; x_wconf 88' lang='lat' dir='ltr'>dico,</span> 
     </span>
    </p>
   </div>
  </div>
 </body>
</html>
