2201 2792
504 203 631 241 PRO
664 200 800 239 SEX.
834 199 1090 239 ROSCIO
1122 201 1476 240 AMERINO.
1648 206 1706 258 655.

292 300 623 343 constantiffimus.
648 302 754 354 Ergo
769 301 868 340 illud
882 302 965 354 jam
988 301 1234 354 perspicuum
1256 301 1429 356 profe&o
1445 302 1510 347 est,
1529 302 1555 341 fi
1577 315 1704 354 neque

291 381 420 408 amens
440 377 560 421 pater,
583 382 709 421 neque
729 368 902 422 perditus
921 368 1024 406 filius
1045 368 1164 408 fuerit
1180 388 1192 415 3
1216 383 1342 423 neque
1361 369 1442 407 odii
1462 369 1614 408 causam
1634 382 1702 422 paz

290 437 354 482 tri,
377 449 503 488 neque
523 435 671 475 sceleris
692 435 774 475 filio
794 435 917 474 fuiffe.

335 502 438 541 XV.
469 501 629 549 Nescio,
658 502 803 556 inquit,
825 517 911 556 quae
930 502 1038 541 causa
1067 503 1148 542 odii
1167 502 1312 542 fuerit:
1344 503 1454 542 fuisse
1483 505 1620 543 odium
1640 505 1702 543 in—

290 568 426 622 telligo
441 587 454 614 3
486 569 579 622 quia
597 579 719 615 antea,
741 583 835 608 cum
855 569 951 608 duos
974 569 1074 608 filios
1095 569 1267 615 haberet,
1288 571 1404 609 illum
1425 571 1604 617 alterum,
1636 572 1705 624 qui

291 644 468 675 mortuus
489 636 555 682 est,
578 636 708 676 secum
729 637 840 676 omni
860 645 1035 690 tempore
1065 637 1219 676 volebat
1238 636 1310 675 effe
1323 656 1334 683 3
1366 637 1473 676 hunc
1505 638 1546 676 in
1566 638 1707 692 praedia

290 702 428 741 rustica
447 703 644 756 relegarat.
691 703 811 754 Qod
830 704 976 742 Erucio
1009 703 1206 742 accidebat
1238 703 1279 742 in
1299 704 1400 742 mala
1428 705 1707 758 nugatoriaque

291 769 542 815 accusatione,
564 770 670 809 idem
691 769 792 809 mihi
812 770 990 809 usuvenit
1008 770 1050 808 in
1069 770 1179 809 causa
1199 770 1361 824 optima.
1404 771 1488 816 Ille,
1506 771 1707 824 quomodo

291 836 441 875 crimen
461 838 784 876 commentitium
804 836 1064 883 confirmaret,
1079 851 1157 876 non
1178 837 1400 877 inveniebat
1411 857 1423 884 ς
1447 852 1533 891 ego,
1551 852 1609 877 res
1627 848 1706 877 tani

291 901 392 942 leves
413 916 491 956 qua
510 904 656 942 ratione
672 903 872 942 infirmem
892 918 934 942 ac
955 904 1118 949 diluam,
1140 905 1303 957 reperire
1322 918 1401 943 non
1422 904 1588 958 possum.

348 969 458 1021 Qid
487 970 556 1015 ais,
591 971 713 1008 Eruci
732 971 744 1007 ?
777 972 860 1009 Tot
893 971 1046 1024 praedia,
1080 980 1161 1008 tam
1197 970 1374 1023 pulchra,
1406 962 1487 1010 tam
1517 969 1708 1010 fruetuosa

296 1034 384 1074 Sex.
407 1035 571 1074 Roscius
606 1036 689 1074 filio
709 1036 790 1081 suo,
823 1037 1082 1087 relegationis,
1114 1051 1158 1074 ac
1193 1038 1375 1090 supplicii
1404 1039 1539 1091 gratia,
1571 1039 1706 1078 colen-

294 1100 341 1139 da
360 1114 403 1139 ac
423 1100 565 1139 tuenda
585 1100 790 1140 tradiderat
809 1102 821 1138 ?
855 1101 965 1153 Qid
985 1100 1061 1140 hoc
1080 1103 1094 1139 ?
1126 1101 1441 1148 patresfamilias,
1477 1105 1547 1156 qui
1567 1104 1707 1143 liberos

292 1166 453 1211 habent,
484 1166 693 1218 praesertim
721 1166 902 1204 homines
932 1167 1039 1204 illius
1069 1168 1229 1212 ordinis,
1260 1182 1309 1206 ex
1336 1170 1563 1222 municipiis
1593 1170 1707 1209 rusti-

292 1234 413 1278 canis,
443 1245 574 1270 nonne
607 1232 890 1285 optatiffimum
911 1231 982 1270 fibi
1002 1241 1142 1284 putant
1161 1232 1247 1278 effe,
1278 1233 1380 1273 filios
1410 1234 1495 1274 suos
1517 1237 1571 1274 rei
1590 1235 1708 1275 fami-

291 1299 379 1338 liari
398 1299 571 1338 maxime
591 1298 741 1344 servire,
763 1307 802 1338 et
820 1299 862 1337 in
882 1298 1035 1351 praediis
1052 1298 1223 1338 colendis
1244 1313 1368 1354 operae
1386 1301 1608 1354 plurimum
1628 1302 1708 1342 stu-=

294 1365 428 1419 diique
447 1365 674 1405 consumere
692 1366 705 1403 ?
737 1367 803 1404 An
823 1365 1044 1405 amandarat
1074 1364 1182 1405 hunc
1203 1366 1267 1413 fic,
1299 1376 1343 1406 ut
1362 1368 1451 1407 effet
1470 1369 1512 1408 in
1532 1383 1638 1423 agro,
1667 1383 1710 1409 ac

251 1437 256 1441 '
293 1432 570 1472 tantummodo
590 1432 754 1471 aleretur
773 1431 820 1470 ad
839 1432 974 1472 villam
992 1433 1006 1470 ?
1038 1441 1082 1471 ut
1102 1433 1324 1472 commodis
1340 1435 1525 1473 omnibus
1541 1436 1708 1475 careret?

293 1499 407 1551 Qid
426 1499 454 1538 fi
473 1498 633 1544 constat,
668 1498 777 1537 hunc
797 1512 877 1538 non
897 1498 1017 1538 modo
1037 1499 1210 1538 colendis
1241 1500 1392 1553 praediis
1410 1500 1612 1554 praefuiffe,
1647 1502 1711 1542 sed

293 1567 408 1606 certis
428 1565 576 1612 fundis,
612 1574 721 1620 patre
739 1565 842 1612 vivo,
877 1565 956 1605 frui
977 1565 1137 1604 solitum
1167 1565 1268 1605 effe?
1300 1568 1506 1607 Tamenne
1535 1567 1620 1607 haec
1649 1578 1710 1608 at-

294 1641 402 1672 tenta
419 1633 512 1679 vita,
547 1642 586 1672 et
605 1632 805 1678 rusticana,
836 1632 1018 1685 relegatio
1047 1641 1161 1686 atque
1181 1634 1401 1673 amandatio
1420 1635 1677 1688 appellabitur
1695 1636 1709 1673 ?

295 1694 430 1739 Vides,
451 1695 587 1740 Eruci,
609 1704 803 1746 quantum
823 1693 935 1731 distet
955 1695 1237 1746 argumentatio
1258 1704 1325 1733 tua
1343 1696 1391 1734 ab
1412 1709 1451 1733 re
1470 1696 1562 1748 ipsa,
1595 1706 1712 1749 atque

293 1775 317 1800 a
334 1761 505 1800 veritate.
555 1760 677 1812 Qod
696 1759 973 1799 consuetudine
1003 1769 1127 1813 patres
1157 1758 1322 1805 faciunt,
1343 1761 1398 1806 id,
1421 1761 1525 1814 quafi
1545 1775 1709 1809 novum,

295 1827 567 1881 reprehendis:
599 1827 705 1880 quod
736 1826 1005 1865 benevolentia
1024 1826 1083 1871 fit,
1114 1826 1155 1865 id
1181 1826 1271 1865 odio
1290 1825 1439 1866 factum
1465 1828 1709 1868 criminaris:

294 1894 402 1948 quod
434 1893 594 1933 honoris
629 1893 738 1932 causa
769 1902 876 1947 pater
909 1893 992 1932 filio
1027 1893 1094 1932 suo
1124 1893 1321 1939 conceffit,
1352 1894 1393 1935 id
1417 1908 1510 1933 eum
1529 1895 1712 1949 supplicii

294 1961 406 2000 causa
424 1959 553 1999 feciffe
573 1960 685 1999 dicis.
730 1960 874 2013 Neque
905 1958 988 1999 haec
1009 1968 1053 1998 tu
1072 1973 1152 1998 non
1172 1960 1360 2014 intelligis
1373 1979 1386 2006 ς
1418 1960 1495 2007 sed,
1517 1962 1637 2014 usque
1665 1975 1712 2002 eo

297 2028 394 2080 quid
413 2041 561 2080 arguas,
582 2041 661 2066 non
680 2026 812 2072 habes,
846 2036 890 2065 ut
910 2041 989 2066 non
1009 2027 1129 2066 modo
1150 2027 1223 2066 tibi
1254 2037 1388 2067 contra
1407 2041 1476 2067 nos
1497 2029 1711 2069 dicendum

298 2102 425 2146 putes,
446 2107 582 2131 verum
602 2094 721 2132 etiam
741 2102 874 2132 contra
893 2107 1024 2132 rerum
1054 2102 1246 2139 naturam,
1268 2104 1479 2148 contraque
1499 2095 1708 2134 consuetu-

297 2160 432 2198 dinem
451 2158 677 2204 hominum,
698 2168 910 2212 contraque
928 2160 1131 2213 opiniones
1151 2161 1349 2201 omnium.

354 2226 470 2266 XVI.
492 2228 548 2265 At
567 2226 688 2271 enim,
711 2240 804 2265 cum
824 2227 920 2266 duos
940 2226 1041 2266 filios
1062 2226 1235 2274 haberet,
1265 2229 1432 2267 alterum
1452 2242 1474 2267 a
1492 2229 1528 2267 se
1547 2243 1625 2268 non
1646 2229 1708 2266 di·

298 2291 494 2337 mittebat,
517 2292 682 2331 alterum
702 2293 781 2330 ruri
801 2291 872 2330 effe
891 2293 1123 2346 patiebatur.
1166 2292 1320 2346 Qaeso,
1342 2295 1477 2341 Eruci,
1507 2304 1552 2333 ut
1570 2294 1646 2332 hoc
1665 2293 1708 2332 in

300 2358 444 2397 bonam
463 2368 613 2411 partem
633 2359 811 2413 accipias.
832 2359 945 2399 -Non
965 2360 1072 2398 enim
1091 2361 1348 2414 exprobrandi
1369 2361 1490 2405 causa,
1513 2359 1575 2397 sed
1595 2372 1706 2397 com-

301 2425 486 2463 monendi
506 2427 639 2478 gratia,
661 2426 803 2466 dicam.
847 2427 885 2464 Si
905 2427 978 2465 tibi
998 2426 1153 2466 fortuna
1172 2441 1250 2466 non
1273 2427 1391 2471 dedit,
1414 2436 1456 2463 ut
1476 2435 1582 2477 patre
1602 2435 1708 2464 certo

302 2490 504 2536 nascerere,
527 2506 574 2530 ex
593 2506 672 2545 quo
688 2493 903 2546 intelligere
922 2492 1057 2545 posses,
1075 2494 1144 2545 qui
1159 2494 1312 2531 animus
1331 2492 1477 2544 patrius
1504 2492 1545 2530 in
1564 2492 1707 2531 liberos

300 2555 390 2595 effet
403 2574 414 2601 ;
446 2566 484 2593 at
504 2568 637 2597 natura
662 2569 764 2599 certe
785 2559 904 2605 dedit,
940 2569 983 2599 ut
1002 2559 1255 2599 humanitatis
1276 2573 1354 2599 non
1374 2573 1513 2613 parum
1532 2558 1704 2598 haberes.

387 2623 462 2661 To
480 2636 530 2662 ῑ-Ί.
565 2625 636 2663 IV.
1386 2627 1405 2665 Ι
