2201 2792
475 189 552 227 140
900 174 990 215 IN
1066 176 1449 216 VERREM

526 276 779 330 Posteaquam
803 275 869 314 illa
889 276 1087 330 petitionis
1119 290 1259 330 magna
1284 290 1375 316 cura
1403 277 1585 317 liberatus
1616 276 1715 323 sum,
1746 277 1878 316 animo

470 343 573 397 coepi
593 343 721 382 multo
739 343 863 396 magis
883 356 1004 382 vacuo
1033 356 1076 381 ac
1107 343 1232 382 soluto
1251 342 1352 382 nihil
1386 343 1504 389 aliud,
1537 344 1606 382 nifi
1638 344 1685 382 de
1709 344 1876 397 judicio,

470 423 582 463 agere
614 419 653 448 et
683 410 864 463 cogitare.
906 410 1088 463 Reperio,
1109 410 1282 462 Judices,
1310 409 1393 448 haec
1413 410 1461 448 ab
1490 410 1569 449 istis
1600 410 1756 449 confilia
1783 411 1880 449 inita

472 486 511 515 et
529 475 748 522 constituta,
781 485 838 522 ut,
870 489 1102 530 quacunque
1131 490 1227 530 opus
1258 477 1347 516 esset
1378 477 1538 523 ratione,
1569 490 1626 516 res
1647 478 1700 516 ita
1719 479 1879 516 ducere-

473 551 551 588 tur,
582 551 626 581 ut
659 542 762 596 apud
792 543 856 581 M.
890 542 1102 581 Metellum
1137 543 1345 581 Praetorem
1375 543 1484 581 causa
1513 542 1729 582 diceretur:
1761 543 1803 582 in
1834 555 1881 581 eo

472 608 545 647 effe
563 608 645 648 haec
664 608 898 655 commoda;
930 609 1119 662 primum,
1150 610 1214 648 M.
1237 609 1451 649 Metellum
1473 609 1749 648 amiciffimum
1766 628 1779 655 ;
1811 610 1880 648 de-

473 675 565 714 inde
584 675 837 714 Hortenfium
859 675 1069 714 Consulem
1088 688 1168 714 non
1189 675 1328 722 solum,
1348 675 1411 714 sed
1431 676 1547 714 etiam
1569 675 1880 729 QMetellum3

475 742 684 794 quiquam
715 741 775 780 isti
808 742 853 780 fit
877 742 1040 788 amicus,
1071 743 1270 782 attendite.
1316 742 1437 781 Dedit
1456 743 1564 781 enim
1591 742 1882 796 praerogativam

476 805 549 845 suae
569 807 778 846 voluntatis
798 806 1002 858 ejusmodi,
1032 817 1077 847 ut
1108 807 1168 846 isti
1187 821 1258 861 pro
1277 808 1534 861 praerogativis
1564 821 1650 847 eam
1681 805 1884 846 reddidisse

476 871 664 912 videatur.

532 940 598 977 An
619 953 684 977 me
704 940 914 978 taciturum
948 940 1064 978 tantis
1091 940 1139 978 de
1165 941 1277 979 rebus
1297 941 1611 979 existimavistis?
1642 948 1680 978 et
1706 939 1746 977 in
1776 946 1887 977 tanto

475 1004 713 1058 reipublicae,
743 1005 1108 1058 existimationisque
1138 1019 1233 1044 meae
1263 1007 1449 1058 periculo,
1477 1007 1661 1059 cuiquam
1682 1004 1884 1043 consultu-

474 1082 563 1108 rum
584 1072 729 1123 potius,
752 1084 870 1122 quam
889 1070 1021 1109 officio
1039 1079 1079 1109 et
1110 1070 1291 1124 dignitati
1316 1072 1439 1110 meae?
1471 1072 1634 1110 Arceffit
1659 1071 1754 1111 alter
1774 1072 1884 1110 Con-

475 1134 532 1172 sul
569 1135 782 1189 designatus
818 1135 995 1175 Siculos:
1040 1136 1203 1175 veniunt
1238 1138 1431 1182 nonnulli,
1461 1146 1659 1190 propterea
1691 1137 1798 1189 quod
1832 1138 1883 1176 L.

475 1201 664 1239 Metellus
693 1202 782 1240 effet
802 1203 947 1239 Praetor
966 1202 1007 1239 in
1029 1202 1171 1240 Sicilia.
1204 1203 1310 1241 Cum
1331 1203 1377 1240 iis
1398 1204 1450 1241 ita
1470 1203 1671 1256 loquitur3
1705 1204 1751 1241 Se
1773 1203 1883 1241 Con-

476 1265 599 1305 sulem
620 1266 690 1305 effe
705 1285 718 1312 ;
749 1266 904 1305 fratrem
925 1267 1037 1306 suum
1057 1268 1222 1307 alterum
1243 1269 1413 1308 Siciliam
1434 1270 1675 1323 provinciam
1694 1269 1884 1314 obtinere,

476 1331 642 1370 alterum
663 1331 734 1370 effe
754 1332 1004 1384 quaefiturum
1024 1334 1071 1371 de
1090 1335 1264 1386 pecuniis
1286 1335 1503 1388 repetundis
1522 1350 1531 1374 ε
1554 1335 1667 1374 Verri
1688 1349 1735 1374 ne
1755 1335 1886 1374 noceri

477 1397 604 1451 poffit,
626 1398 761 1437 multis
782 1399 995 1438 rationibus
1016 1399 1087 1438 esse
1106 1401 1317 1453 provisum.

535 1465 587 1503 X.
621 1465 730 1516 Qid
757 1464 822 1509 est,
854 1465 992 1516 quaeso,
1026 1466 1202 1510 Metelle,
1227 1466 1424 1518 judicium
1455 1479 1716 1519 corrumpere,
1752 1467 1778 1505 fi
1809 1466 1887 1505 hoc

477 1543 559 1570 non
578 1530 630 1568 est
648 1530 661 1566 ?
693 1530 839 1576 Testes,
861 1529 1069 1584 praesertim
1091 1532 1255 1577 Siculos,
1278 1533 1434 1571 timidos
1451 1531 1630 1571 homines
1651 1541 1688 1571 et
1708 1531 1884 1577 afflictos,

478 1609 558 1636 non
590 1596 715 1635 solum
747 1597 969 1635 auetoritate
1002 1597 1201 1643 deterrere,
1238 1598 1299 1636 sed
1329 1599 1447 1637 etiam
1477 1599 1666 1637 consulari
1696 1608 1817 1644 metu,
1848 1607 1887 1637 et

479 1663 644 1702 duorum
672 1664 885 1701 Praetorum
919 1663 1134 1715 potestate?
1167 1665 1275 1717 Qid
1305 1663 1447 1703 faceres
1477 1679 1546 1718 pro
1577 1664 1739 1703 homine
1769 1665 1885 1703 inno-

480 1738 588 1768 cente
608 1738 645 1767 et
671 1729 905 1782 propinqu0‚
936 1742 1028 1767 cum
1050 1738 1205 1782 propter
1224 1729 1428 1769 hominem
1451 1732 1751 1785 perditiffimum
1772 1740 1887 1783 atque

480 1795 751 1834 alieniffimum
773 1795 819 1833 de
839 1795 968 1833 officio
999 1809 1041 1834 ac
1072 1797 1259 1849 dignitate
1278 1798 1429 1836 decedis
1445 1817 1457 1843 3
1474 1807 1528 1836 ,et
1561 1798 1794 1841 committis,
1827 1806 1884 1842 ut,

479 1861 585 1914 quod
619 1861 686 1899 ille
717 1861 878 1906 diffltat,
910 1861 1039 1905 alicui,
1071 1863 1140 1913 qui
1162 1871 1198 1900 te
1232 1863 1396 1915 ignorat,
1428 1878 1561 1902 verum
1594 1864 1664 1902 effe
1685 1863 1886 1902 videatur?

480 1928 590 1967 Nam
621 1926 696 1964 hoc
718 1927 880 1964 Verrem
912 1927 1037 1965 dicere
1069 1928 1240 1973 aiebant,
1273 1938 1310 1966 te
1337 1943 1414 1967 non
1446 1929 1539 1975 fato,
1583 1939 1625 1968 ut
1653 1939 1807 1969 caeteros
1839 1944 1887 1970 ex

480 1992 601 2031 vestra
629 1991 790 2037 familia,
833 1992 894 2030 sed
928 2006 1041 2045 opera
1073 1993 1149 2039 sua,
1181 1994 1393 2033 Consulem
1427 1995 1588 2034 factum.
1640 1997 1732 2035 Duo
1767 1997 1888 2049 igitur

483 2056 669 2096 Consules
689 2067 726 2095 et
746 2057 921 2110 quaefitor
941 2067 1054 2096 erunt
1073 2072 1120 2097 ex
1144 2059 1249 2098 illius
1270 2061 1479 2100 voluntate.
1523 2062 1618 2100 Non
1639 2062 1763 2100 solum
1785 2062 1887 2101 effu-

481 2124 648 2176 giemus,
686 2124 839 2176 inquit,
875 2123 1079 2163 hominem
1113 2126 1154 2163 in
1189 2127 1394 2178 quaerendo
1427 2128 1596 2166 nimium
1631 2129 1886 2182 diligentem,

483 2191 652 2228 nimium
674 2190 900 2228 servientem
932 2192 1067 2244 populi
1087 2192 1375 2239 existimationi,
1407 2195 1482 2233 Μ’.
1506 2195 1789 2233 Glabrionem:
1821 2209 1887 2233 ac-

484 2256 592 2294 cedet
618 2255 728 2293 nobis
759 2256 876 2293 etiam
898 2256 1022 2302 illud,
1048 2258 1169 2309 judex
1196 2259 1248 2297 est
1277 2261 1339 2298 M.
1364 2260 1572 2305 Caesonius,
1604 2260 1750 2312 collega
1770 2260 1887 2300 nostri

484 2322 735 2367 accusatoris,
777 2321 898 2360 homo
929 2323 968 2361 in
997 2324 1109 2362 rebus
1134 2325 1352 2377 judicandis
1389 2327 1574 2379 speftatus
1608 2335 1645 2364 et
1675 2328 1885 2379 cognitus;

484 2402 602 2440 quem
623 2389 788 2427 minime
808 2390 984 2442 expediat
1013 2390 1083 2428 effe
1116 2392 1155 2429 in
1187 2406 1232 2430 eo
1263 2393 1434 2438 consilio,
1467 2394 1571 2446 quod
1602 2407 1787 2432 conemur
1815 2394 1887 2432 ali-

485 2468 559 2506 qua
581 2456 725 2493 ratione
745 2470 1016 2510 corrumpere,
1048 2467 1247 2530 propterea
1278 2460 1382 2512 quod
1407 2461 1489 2512 jam
1516 2470 1635 2505 antea,
1658 2461 1886 2513 cumjudex

485 2521 525 2560 in
547 2522 715 2573 Juniano
736 2523 892 2562 consilio
912 2522 1052 2570 fuifl‘et,
1084 2525 1347 2578 turpiffimum
1367 2526 1463 2566 illud
1484 2525 1632 2566 facinus
1664 2541 1742 2567 non
1763 2527 1888 2567 solum
