2201 2792
441 132 514 170 126
826 129 898 168 IN
961 131 1030 182 Q
1077 130 1449 170 CAECILIUM

488 230 604 271 XVI.
625 229 803 268 Tantane
822 229 931 267 vobis
947 228 1078 281 inopia
1097 228 1227 268 videor
1246 229 1317 267 effe
1336 229 1565 274 amicorum,
1582 237 1626 267 ut
1641 228 1742 268 mihi
1757 242 1836 268 non

433 311 480 337 ex
499 296 576 343 his,
599 310 695 349 quos
716 309 874 334 mecum
893 295 1134 340 adduxerim,
1156 295 1217 334 sed
1237 296 1284 334 de
1303 296 1448 349 populo
1469 295 1700 348 subscriptor
1718 296 1834 335 adda-

434 374 497 403 tur
516 364 529 401 ?
560 363 668 402 vobis
693 371 823 401 autem
843 370 948 400 tanta
968 362 1098 414 inopia
1116 375 1270 401 reorum
1285 362 1351 407 est,
1382 371 1426 400 ut
1446 361 1547 400 mihi
1566 362 1717 400 causam
1737 377 1834 415 prae-

434 431 558 483 ripere
588 428 783 467 conemini
814 428 958 480 potius,
991 441 1110 479 quam
1141 428 1289 479 aliquos
1320 441 1341 465 a
1370 427 1553 465 columna
1572 428 1708 466 Menia
1727 428 1839 466 vestri

435 496 580 534 ordinis
611 507 693 532 reos
714 494 935 546 reperiatis?
969 493 1192 538 Custodem,
1221 493 1364 544 inquit,
1390 492 1529 531 Tullio
1559 507 1623 530 me
1641 495 1836 546 apponite.

435 561 567 611 Qid?
589 559 690 598 mihi
704 573 819 612 quam
838 559 974 598 multis
993 559 1214 597 custodibus
1231 572 1327 612 opus
1344 558 1430 603 erit,
1445 558 1471 596 si
1488 567 1525 596 te
1541 559 1655 596 semel
1671 560 1718 597 ad
1736 573 1838 598 meas

436 626 561 680 capsas
581 625 795 664 admisero?
827 625 896 677 qui
916 638 993 662 non
1014 624 1153 668 solum,
1177 637 1224 662 ne
1244 624 1339 676 quid
1360 624 1550 669 enunties,
1575 623 1636 661 sed
1655 624 1772 662 etiam
1792 638 1841 662 ne

436 694 532 746 quid
551 691 710 736 auferas,
741 690 1008 729 custodiendus
1029 691 1088 728 fis.
1126 690 1197 728 Sed
1216 690 1261 727 de
1291 690 1362 728 isto
1380 689 1536 728 custode
1558 699 1639 728 toto
1659 690 1709 728 fic
1730 691 1839 729 vobis

436 759 652 798 breviffime
671 756 905 810 respondebo
920 775 932 801 3
964 770 1043 795 non
1064 755 1136 794 effe
1156 755 1226 795 hos
1248 757 1340 794 tales
1374 757 1474 794 viros
1495 756 1776 801 commiffuros,
1799 766 1842 795 ut

437 827 483 864 ad
503 825 653 863 causam
675 833 836 868 tantam,
869 837 889 861 a
919 837 983 861 me
1003 823 1229 875 susceptam,
1267 821 1367 860 mihi
1402 823 1601 867 creditam,
1635 822 1841 875 quisquam

436 891 681 944 subscriptor,
715 903 778 927 me
792 889 932 934 invito,
964 888 1122 941 aspirare
1139 888 1263 941 poffit.
1310 888 1471 926 Etenim
1492 888 1584 926 fides
1606 901 1692 926 mea
1711 888 1840 927 custo-

436 958 524 996 dem
545 956 731 1010 repudiat‚
754 955 954 1008 diligentia
973 954 1250 1006 speculatorem
1271 953 1508 992 reformidat.

439 1064 442 1065 ⁷
491 1024 654 1067 Verum,
686 1032 729 1059 ut
761 1021 807 1059 ad
838 1030 889 1065 te,
922 1020 1070 1064 Caecili,
1101 1020 1267 1064 redeam,
1307 1032 1425 1070 quam
1446 1018 1571 1057 multa
1590 1027 1628 1057 te
1647 1019 1842 1065 deficiant,

434 1089 538 1128 vides
557 1103 566 1126 ε
599 1100 716 1139 quam
737 1086 862 1124 multa
881 1085 954 1122 sint
974 1085 1014 1122 in
1035 1094 1086 1130 te,
1108 1098 1193 1137 quae
1213 1098 1297 1123 reus
1319 1098 1461 1123 nocens
1482 1085 1522 1123 in
1542 1085 1756 1124 accusatore
1775 1085 1842 1124 suo

435 1155 568 1208 cupiat
597 1152 682 1198 effe,
712 1151 885 1205 profetff’m
914 1152 998 1203 jam
1031 1151 1232 1202 intelligis.
1277 1151 1386 1201 Qid
1411 1152 1458 1188 ad
1476 1150 1559 1188 haec
1580 1152 1657 1188 dici
1687 1151 1841 1204 potest?

434 1222 533 1260 Non
552 1219 659 1258 enirn
679 1231 821 1270 quaer0‚
857 1216 952 1269 quid
972 1225 1015 1253 tu
1035 1215 1205 1253 dicturus
1224 1216 1284 1253 fiS.
1317 1216 1441 1254 Video
1472 1215 1572 1254 mihi
1593 1230 1671 1254 non
1698 1226 1750 1262 te,
1780 1217 1844 1256 sed

434 1286 544 1326 hunc
572 1285 721 1323 librum
754 1281 827 1319 effe
860 1280 1142 1334 responsurum,
1174 1295 1291 1333 quem
1312 1282 1483 1319 monitor
1504 1292 1592 1319 tuus
1622 1281 1687 1320 hic
1709 1291 1814 1321 tenet
1829 1301 1842 1329 ς

436 1353 519 1406 qui,
555 1351 581 1389 fi
613 1360 650 1388 te
680 1351 780 1387 reete
814 1361 970 1386 monere
1001 1348 1118 1393 volet,
1151 1347 1322 1386 suadebit
1354 1349 1438 1393 tibi,
1470 1358 1513 1386 ut
1539 1347 1633 1386 hinc
1662 1349 1843 1394 discedas,

436 1431 562 1470 neque
581 1415 682 1455 mihi
701 1414 862 1453 verbum
883 1414 1012 1452 ullum
1031 1414 1268 1467 respondeas.
1302 1414 1410 1463 Qid
1430 1414 1536 1450 enirn
1557 1414 1690 1452 dices?
1721 1427 1768 1453 an
1788 1415 1844 1461 id,

437 1483 543 1537 quod
573 1482 737 1525 dictitas,
767 1480 950 1532 injuriam
984 1480 1056 1516 tibi
1092 1477 1221 1517 feciffe
1250 1478 1443 1516 Verrem?
1484 1478 1689 1517 Arbitror:
1720 1493 1847 1533 neque

437 1550 544 1588 enim
575 1548 662 1586 effet
691 1546 907 1590 verifimile,
940 1558 1035 1582 cum
1054 1544 1236 1582 omnibus
1259 1544 1396 1582 Siculis
1431 1543 1572 1582 faceret
1604 1545 1776 1597 injurias,
1809 1555 1847 1584 te

437 1616 496 1654 illi
531 1628 654 1653 unum
684 1613 891 1656 eximium,
937 1611 1001 1649 cui
1030 1610 1257 1655 consuleret,
1288 1609 1410 1648 fuiffe.
1472 1611 1544 1648 Sed
1573 1611 1699 1648 caeteri
1727 1612 1848 1650 Siculi

438 1681 604 1720 ultorem
626 1679 779 1717 suarum
811 1677 1041 1728 injuriarum
1075 1676 1331 1720 invenerunt,
1365 1683 1420 1721 tu,
1453 1675 1549 1714 dum
1583 1685 1666 1714 tuas
1687 1676 1845 1729 injurias

438 1755 574 1800 perte,
605 1745 646 1783 id
666 1744 772 1797 quod
803 1757 883 1782 non
912 1751 1034 1796 poteS,
1066 1742 1242 1795 persequi
1271 1742 1434 1787 conaris,
1466 1741 1507 1780 id
1527 1742 1621 1794 agis,
1655 1751 1698 1780 ut
1732 1753 1847 1782 caete-

438 1827 571 1852 rorum
598 1824 754 1864 quoque
783 1809 932 1862 injuriae
966 1809 1039 1846 s1nt
1070 1809 1272 1861 impunitae
1303 1817 1419 1859 atque
1451 1808 1609 1846 inultae:
1641 1817 1679 1845 et
1708 1808 1786 1846 hoc
1812 1818 1849 1847 te

440 1881 620 1932 praeterit,
651 1891 730 1916 non
764 1877 804 1913 id
838 1875 963 1912 solum
994 1874 1149 1926 spedtari
1181 1874 1312 1918 solere,
1347 1874 1417 1925 qui
1451 1874 1600 1917 debeat,
1633 1873 1696 1911 sed
1727 1875 1846 1914 etiam

440 1946 553 1991 illud,
585 1944 654 1996 qui
688 1942 800 1995 poffit
820 1941 966 1978 ulcisci.
1013 1941 1059 1978 In
1081 1953 1160 1991 quo
1181 1950 1391 1992 utrumque
1411 1939 1468 1984 fit,
1501 1953 1591 1978 eum
1614 1939 1849 1992 superiorem

442 2010 512 2050 effe
529 2029 542 2056 ς
573 2011 613 2048 in
635 2022 714 2061 quo
733 2008 910 2053 alterum,
942 2007 983 2044 in
1003 2019 1048 2045 eo
1079 2019 1172 2052 non,
1203 2006 1298 2060 quid
1328 2007 1360 2045 is
1392 2005 1497 2051 velit,
1530 2005 1591 2044 sed
1611 2007 1706 2059 quid
1724 2006 1849 2046 facere

443 2077 569 2131 poffit,
591 2076 709 2129 quaeri
731 2075 860 2113 solere.

499 2142 618 2195 Qod
653 2142 677 2180 s1
716 2143 750 2179 ei
784 2140 1026 2194 potiffimum
1059 2140 1186 2178 censes
1218 2140 1394 2193 permitti
1439 2149 1612 2193 oportere
1646 2140 1848 2180 accusandi

444 2211 682 2264 potestatem,
725 2209 789 2246 cui
818 2208 1033 2246 maximam
1065 2209 1111 2245 C.
1136 2208 1271 2245 Verres
1304 2207 1485 2259 injuriam
1519 2207 1681 2251 fecerit;
1714 2204 1848 2245 utrum

444 2278 600 2316 tandem
622 2275 747 2314 censes
767 2273 838 2312 hos
865 2274 1015 2326 judices
1036 2274 1187 2326 gravius
1208 2273 1306 2312 ferre
1332 2283 1520 2326 oportere,
1553 2282 1589 2310 te
1610 2274 1656 2310 ab
1676 2272 1744 2310 illo
1776 2272 1850 2311 effe

444 2344 589 2388 lassum,
621 2356 667 2380 an
690 2341 926 2395 provinciam
948 2339 1119 2378 Siciliam
1140 2339 1210 2377 effe
1231 2349 1405 2377 vexatam
1426 2352 1467 2377 ac
1490 2338 1679 2390 perditam
1698 2339 1710 2374 ?
1744 2339 1847 2392 Opi-

447 2423 529 2453 nor‚
551 2409 744 2453 concedis,
781 2407 908 2445 multo
927 2405 1002 2444 hoc
1023 2405 1093 2443 esse
1112 2406 1277 2457 gravius,
1312 2414 1350 2442 et
1370 2405 1416 2443 ab
1437 2405 1619 2443 omnibus
1641 2403 1731 2442 ferri
1761 2418 1849 2457 gra-

446 2476 529 2513 vius
551 2484 737 2526 oportere.
772 2473 951 2512 Concede
972 2472 1103 2525 igitur,
1135 2481 1177 2510 ut
1209 2471 1281 2509 tibi
1309 2479 1560 2525 anteponatur
1580 2471 1620 2509 in
1641 2470 1852 2509 accusando
