2201 2792
528 207 657 246 PRo
700 204 1466 257 QRoscro‘COMOEDO.
1643 224 1719 262 109

312 309 351 346 Si
370 319 418 346 ex
437 315 497 351 te3
523 305 700 357 judicem
732 304 935 358 sumpfisti.
969 305 1007 343 Si
1028 318 1075 343 ex
1095 305 1280 351 veritate,
1312 305 1366 350 id,
1398 305 1504 357 quod
1536 306 1628 345 scire
1648 323 1719 361 po-

310 374 386 412 tuit
405 381 443 410 et
463 372 612 418 debuit,
637 372 751 410 dixit.
1057 411 1061 413 ,

355 439 484 492 Nega,
506 452 603 491 nega
623 451 742 483 nunc,
764 438 889 491 equiti
907 439 1102 483 Romano,
1124 436 1280 476 homini
1300 437 1474 484 honesto,
1490 439 1616 491 judici
1638 448 1720 486 tuo,

308 506 414 544 credi
444 515 634 560 oportere.
668 505 961 558 Circumspicit,
992 506 1137 550 aestuat,
1169 515 1283 557 negat
1302 519 1371 543 nos
1394 506 1528 544 Cluvii
1545 506 1722 545 testimo—

309 571 421 610 nium
441 572 682 610 recitaturos.
729 571 1017 610 Recitabimus.
1059 572 1198 609 Erras:
1231 570 1349 615 inani,
1381 579 1419 609 et
1449 571 1559 609 tenui
1589 571 1653 624 spe
1685 580 1723 610 te

309 637 527 677 consolaris.
560 637 699 675 Recita
719 637 988 676 testimonium
1008 639 1061 676 T.
1080 637 1255 682 Manilii,
1285 646 1323 675 et
1344 638 1392 675 C.
1416 637 1549 675 Luscii
1571 638 1722 684 Ocreae,

308 705 475 744 duorum
496 705 726 750 senatorum,
745 703 957 743 hominum
977 704 1318 749 ornatiffimorum‚
1335 705 1406 756 qui
1424 717 1471 742 ex
1493 705 1635 743 Cluvio
1650 719 1721 743 au-

308 771 478 811 dierunt.
508 773 854 811 TESTIMONIUM
878 773 931 810 T.
955 773 1182 817 MANILII,
1207 780 1245 810 et
1267 772 1315 809 C.
1340 772 1502 810 Luscn
1526 772 1720 811 OCREAE.

308 839 457 878 Utrum
477 839 589 885 dicis,
611 838 768 885 Luscio,
800 848 839 877 et
859 839 1043 884 Manilio,
1076 853 1123 877 an
1144 847 1183 877 et
1204 838 1347 877 Cluvio
1367 852 1446 877 non
1467 837 1539 876 effe
1559 838 1720 877 creden-

309 904 434 944 dum?
466 906 639 952 Planius,
660 915 776 959 atque
795 906 961 959 apertius
983 906 1126 945 dicam.

363 972 456 1010 XV.
487 974 637 1010 Utrum
669 973 834 1011 Luscius
865 982 904 1011 et
930 973 1120 1012 NIanilius
1148 971 1249 1011 nihil
1270 972 1316 1010 de
1338 974 1430 1012 H-S
1460 985 1651 1014 cccmoo
1674 986 1722 1012 ex

311 1037 455 1076 Cluvio
474 1038 676 1076 audierunt
694 1039 706 1074 ?
738 1051 786 1075 an
808 1038 971 1076 Cluvius
992 1038 1132 1076 falsum
1153 1039 1310 1084 Luscio,
1338 1049 1376 1077 et
1396 1040 1567 1077 Manilio
1587 1040 1686 1077 dixit
1704 1040 1719 1076 ?

311 1104 404 1144 Hoc
424 1119 495 1157 ego
515 1104 616 1149 Ioco,
642 1104 765 1142 soluto
785 1114 822 1143 et
842 1105 975 1157 quieto
995 1105 1081 1143 sum
1107 1106 1239 1144 animo
1254 1123 1266 1150 3
1299 1114 1350 1150 et,
1373 1106 1557 1158 quorsum
1577 1106 1722 1144 recidat

309 1169 531 1221 responsum
551 1178 680 1213 tuum,
703 1183 781 1207 non
813 1183 1046 1222 magnopere
1077 1171 1224 1208 laboro.
1270 1172 1301 1208 F
1306 1171 1518 1209 irmiffimis
1546 1171 1653 1209 enim
1682 1180 1723 1210 et

307 1232 546 1272 sancciflimis
574 1233 802 1272 testimoniis
837 1234 1009 1272 virorum
1045 1235 1289 1286 optimorum
1315 1235 1423 1272 causa
1443 1235 1576 1273 Roscii
1607 1250 1721 1274 com-

305 1300 459 1338 munita
478 1299 544 1338 est.
588 1299 626 1337 Si
653 1300 735 1352 jam
767 1299 839 1338 tibi
865 1299 1122 1337 deliberatum
1152 1298 1217 1344 est,
1250 1299 1392 1351 quibus
1423 1299 1580 1352 abroges
1601 1300 1723 1340 fidem

249 1415 254 1419 Α
300 1366 566 1418 jurisjurandi,
589 1365 786 1419 responde.
820 1366 990 1404 Manilio
1010 1374 1049 1404 et
1069 1365 1211 1404 Luscio
1229 1379 1342 1419 negas
1359 1365 1429 1405 effe
1448 1366 1685 1406 credendum
1704 1368 1720 1405 ?

307 1431 384 1478 dic,
417 1433 528 1472 aude.
578 1433 647 1470 Est
677 1441 752 1470 tuae
781 1435 1050 1479 contumaciae,
1081 1434 1318 1487 arrogantiae,
1349 1434 1515 1486 vitaeque
1536 1434 1721 1473 universae

306 1513 396 1538 vox.
471 1499 565 1538 uid?
595 1500 784 1552 expffias,
806 1513 925 1552 quam
945 1513 1040 1538 mox
1059 1513 1132 1552 ego
1150 1499 1338 1538 Luscium
1360 1509 1398 1539 et
1418 1500 1636 1539 Manilium
1656 1501 1721 1539 di-

306 1579 406 1610 cam,
427 1566 576 1611 ordine,
607 1564 678 1603 effe
699 1565 912 1611 senatores;
945 1575 1066 1611 aetate‚
1094 1566 1254 1619 grandes
1286 1576 1379 1604 natu
1394 1585 1406 1612 3
1440 1576 1587 1612 natura,
1610 1567 1720 1605 sanc-

306 1641 366 1669 tos
387 1640 425 1669 et
444 1631 639 1683 religiosos
652 1649 663 1675 ς
696 1633 818 1684 copiis
851 1633 903 1670 rei
924 1631 1140 1677 familiaris,
1168 1632 1380 1684 locupletes
1402 1642 1439 1670 et
1464 1633 1718 1685 pecuniosos?

307 1696 403 1735 Non
434 1695 601 1734 faciam:
635 1695 735 1733 nihil
769 1695 870 1734 mihi
901 1697 1113 1741 detraham,
1148 1710 1240 1734 curn
1262 1698 1339 1734 illis
1360 1700 1498 1735 exadtae
1520 1699 1638 1736 aetatis
1660 1698 1718 1735 se-

306 1762 495 1800 veriffime
516 1761 705 1806 fructum,
727 1775 844 1814 quem
866 1772 1104 1807 meruerunt,
1122 1762 1348 1799 retribuam.
1372 1763 1502 1814 Magis
1520 1776 1606 1800 mea
1623 1763 1717 1802 ado-

306 1828 484 1866 lescentia
502 1827 652 1879 indiget
672 1827 830 1866 illorum
852 1827 953 1865 bona
983 1828 1280 1872 existimatione,
1317 1841 1436 1879 quam
1467 1828 1628 1867 illorum
1659 1830 1717 1868 se-

304 1894 495 1933 veriffima
532 1893 702 1931 sene&us
741 1893 922 1931 desiderat
957 1907 1086 1931 meam
1125 1893 1295 1931 laudem.
1340 1893 1438 1931 Tibi
1467 1907 1571 1939 vero,
1614 1895 1717 1941 Piso,

304 1961 373 1999 diu
403 1959 695 1998 deliberandum
726 1968 764 1998 et
795 1960 1122 2012 concoquendum
1143 1959 1208 2004 est,
1238 1968 1370 1998 utrum
1392 1960 1520 2012 potius
1553 1959 1720 2000 Chaereae

304 2026 471 2078 injurato
491 2027 531 2065 in
552 2026 615 2065 sua
637 2026 721 2071 lite,
742 2039 788 2064 an
810 2027 979 2065 Manilio
999 2036 1036 2065 et
1050 2026 1191 2065 Luscio
1205 2026 1342 2078 juratis
1364 2026 1404 2064 in
1425 2026 1550 2066 alieno
1565 2028 1720 2080 judicio

305 2093 450 2131 credas.

300 2186 302 2188 -
361 2159 581 2211 Reliquum
612 2159 678 2204 est,
710 2167 754 2197 ut
783 2160 972 2198 Cluvium
993 2159 1131 2198 falsum
1159 2159 1291 2199 dixisse
1313 2159 1456 2198 Luscio
1487 2169 1525 2198 et
1545 2161 1717 2198 Manilio

305 2225 526 2263 contendat.
560 2224 680 2276 Qod
702 2224 727 2262 fi
748 2223 854 2270 facit,
873 2239 948 2278 qua
968 2227 1211 2279 impudentia
1231 2226 1296 2271 est,
1318 2239 1460 2264 eumne
1481 2225 1615 2263 testem
1634 2226 1716 2262 irn-

305 2291 499 2344 probabit‚
536 2305 654 2344 quem
683 2292 860 2344 judicem
891 2292 1091 2345 probarit?
1134 2293 1168 2331 ei
1199 2293 1356 2345 negabit
1387 2292 1490 2330 credi
1524 2299 1714 2343 oportere,

304 2357 369 2394 cui
388 2357 467 2410 ipse
487 2357 717 2396 crediderit?
739 2358 819 2410 ejus
841 2358 942 2396 testis
964 2359 1010 2396 ad
1024 2359 1201 2411 judicem
1218 2358 1336 2396 fidem
1353 2356 1581 2399 infirmabit,
1603 2356 1715 2407 cujus

306 2433 462 2475 propter
489 2423 607 2462 fidem
638 2433 676 2462 et
706 2425 935 2477 religionem
950 2425 1110 2477 judicis,
1147 2425 1256 2463 testes
1287 2421 1562 2473 comparabat?
1594 2434 1726 2474 quem-

307 2500 379 2539 ego
399 2489 425 2526 fi
444 2488 585 2528 ferrem
599 2490 790 2541 judicem,
824 2490 996 2542 refugere
1023 2505 1101 2531 non
1132 2490 1313 2533 deberet3
1346 2500 1438 2526 cum
1466 2487 1599 2527 testem
1619 2500 1714 2541 pro-

308 2553 462 2600 ducam,
484 2555 759 2608 reprehendere
779 2556 937 2595 audebit
955 2557 968 2593 ?
