2201 2792
410 121 460 173 76
930 125 1286 165 ORATIO

467 223 575 274 Qid
596 223 648 261 est
667 237 771 276 ergo,
803 237 880 275 quo
912 225 1066 262 tandem
1087 225 1291 270 accusator,
1322 224 1451 277 inopia
1477 232 1813 277 argumentorum,

411 288 662 341 confugerit?
695 289 896 341 Ejusmodi
930 299 1083 342 tempus
1119 300 1211 335 erat,
1240 291 1384 342 inquit,
1417 299 1460 328 ut
1493 289 1671 344 homines
1691 289 1810 340 vulgo

411 354 572 406 impune
607 354 893 392 occiderentur:
940 369 1055 406 quare
1099 365 1142 393 tu
1179 355 1254 393 hoc
1276 384 1286 400 ,
1328 365 1483 408 propter
1513 355 1810 393 multitudinem

412 418 646 463 ficariorum,
679 419 787 456 nullo
818 421 972 472 negotio
992 419 1114 458 facere
1135 421 1305 473 potuisti.
1352 421 1514 459 Interim
1536 419 1634 458 mihi
1656 420 1809 462 videris,

412 484 547 529 Eruci,
577 499 651 522 una
671 486 845 522 mercede
866 486 956 524 duas
988 500 1043 523 res
1064 487 1203 538 assequi
1223 486 1319 524 velle
1335 505 1346 531 3
1379 500 1447 524 nos
1468 486 1618 538 judicio
1649 484 1809 537 perfun-

412 549 498 588 dere
514 569 525 595 ;
558 550 728 588 accusare
748 561 877 589 autem
896 565 959 589 eos
993 552 1107 604 ipsos,
1139 565 1158 589 a
1192 552 1333 604 quibus
1364 552 1583 590 mercedem
1617 551 1806 602 accepisti.

413 615 522 666 Qid
540 616 592 652 ais
613 615 626 651 ?
657 615 774 666 vulgo
793 615 1067 654 occidebantur
1085 618 1098 652 ?
1129 629 1196 668 per
1216 616 1341 667 quos?
1363 625 1401 653 et
1421 629 1441 653 a
1461 616 1602 668 quibus
1622 616 1634 651 ?
1667 614 1811 652 Nonne

411 681 571 732 cogitas,
603 690 639 718 te
659 694 679 718 a
698 680 904 719 sectoribus
935 680 1013 719 huc
1033 682 1242 720 adductum
1262 681 1332 719 effe
1350 682 1362 718 ?
1399 682 1507 732 Qid
1540 681 1691 733 postea?
1723 680 1809 718 Ne-

411 745 567 791 scimus,
598 759 665 798 per
697 746 764 784 ista
794 756 981 799 tempora,
1012 748 1163 786 eosdem
1184 747 1262 786 fere
1296 748 1452 786 sectores
1487 747 1599 786 fuiffe
1617 746 1810 785 collorum

411 820 448 848 ct
483 812 705 849 bonorum?
738 812 770 849 Ii
791 812 970 865 denique,
990 814 1070 866 oqui
1091 822 1177 852 tum
1204 814 1340 851 armati
1371 813 1451 851 dies
1475 812 1679 864 noctesque
1713 825 1811 849 con-

411 876 622 922 cursabant,
653 877 722 929 qui
742 878 880 916 Romae
899 889 1005 917 erant
1023 878 1168 923 affidui,
1204 879 1272 931 qui
1292 879 1401 916 omni
1422 887 1595 931 tempore
1615 878 1655 915 in
1685 876 1811 930 praeda

409 951 447 979 et
468 942 648 994 sanguine
668 942 923 988 versabantur,
955 946 1039 982 Sex.
1058 944 1200 983 Roscio
1221 944 1405 995 temporis
1436 944 1542 980 illius
1562 943 1811 980 acerbitatem

409 1008 731 1059 iniquitatemque
751 1009 936 1059 objicient
954 1010 966 1045 ?
997 1019 1034 1046 et
1056 1009 1162 1046 illam
1184 1009 1401 1046 ficariorum
1428 1008 1738 1051 multitudinem,
1769 1007 1811 1044 in

411 1086 486 1123 qua
506 1073 573 1124 ipsi
605 1074 735 1117 duces,
767 1087 808 1111 ac
839 1074 1031 1126 principes
1062 1083 1182 1118 erant,
1213 1072 1305 1111 huic
1328 1073 1483 1111 crimini
1503 1073 1696 1125 putabunt
1715 1071 1812 1116 fore,

409 1138 478 1188 qui
500 1151 576 1175 non
611 1138 728 1176 modo
761 1139 898 1176 Romae
928 1153 1008 1177 non·
1025 1138 1114 1183 fuit,
1146 1139 1209 1176 sed
1241 1138 1416 1181 omnino,
1447 1137 1541 1189 quid
1563 1138 1699 1175 Romae
1719 1150 1810 1188 age-

410 1214 525 1247 retur,
557 1204 744 1247 nesciret;
784 1214 979 1256 propterea
1011 1204 1116 1256 quod
1147 1204 1225 1241 ruri
1260 1203 1437 1247 affiduus,
1477 1202 1811 1256 quemadmodum

408 1280 490 1307 tute
512 1269 718 1313 confiteris,
740 1268 815 1306 fuit
833 1270 846 1306 ?

463 1335 620 1379 Vereor,
653 1349 699 1372 ne
731 1344 795 1373 aut
826 1336 1005 1375 molestus
1037 1337 1107 1375 sim
1134 1337 1256 1381 vobis,
1277 1337 1449 1388 Judices,
1481 1344 1546 1374 aut
1576 1349 1623 1373 ne
1643 1335 1811 1388 ingeniis

408 1401 534 1439 vestris
557 1402 683 1439 videar
702 1402 888 1447 diffidere,
913 1403 938 1441 s1
974 1404 1019 1441 de
1040 1413 1120 1441 tam
1141 1403 1346 1456 perspicuis
1378 1403 1490 1441 rebus
1519 1402 1664 1440 diutius
1696 1401 1808 1440 diffe-

408 1480 503 1505 ram.
537 1467 672 1504 Erucii
692 1467 911 1506 criminatio
941 1476 1032 1513 tota,
1055 1478 1098 1506 ut
1117 1468 1292 1512 arbitror,
1314 1467 1489 1506 difi‘oluta
1508 1467 1560 1505 est
1578 1482 1587 1505 ε
1622 1466 1691 1504 nis1
1711 1465 1810 1504 forte

407 1532 627 1584 expectatis,
659 1540 702 1569 ut
722 1532 788 1570 illa
808 1533 967 1578 diluam,
999 1548 1083 1585 quae
1103 1534 1150 1571 de
1180 1534 1373 1585 peculatu,
1405 1547 1447 1571 ac
1468 1533 1514 1571 de
1539 1532 1727 1584 ejusmodi
1747 1545 1809 1570 re-

410 1599 479 1635 bus
511 1598 806 1643 commentitiis,
849 1600 1019 1637 inaudita
1053 1600 1163 1637 nobis
1195 1609 1281 1637 ante
1313 1599 1389 1637 hoc
1422 1608 1574 1651 tempus
1609 1612 1651 1636 ac
1688 1611 1808 1642 nova,

408 1664 563 1715 objecit.
587 1664 685 1714 Qae
705 1663 805 1702 mihi
826 1665 892 1702 iste
914 1665 1012 1702 visus
1030 1665 1082 1702 est
1102 1678 1149 1702 cx
1169 1665 1240 1713 alia
1259 1665 1430 1702 oratione
1446 1664 1673 1708 declamare,
1691 1677 1809 1715 quam

408 1730 446 1766 in
467 1729 587 1767 alium
607 1743 716 1767 reum
737 1739 1062 1768 commentaretur
1081 1745 1089 1768 :
1122 1732 1174 1768 ita
1205 1745 1330 1783 neque
1360 1731 1406 1769 ad
1426 1730 1572 1768 crimen
1599 1730 1810 1783 parricidii,

408 1810 532 1848 neque
552 1797 721 1842 adeum,
754 1798 821 1848 qui
843 1797 994 1835 causam
1015 1797 1124 1842 dicit,
1155 1798 1424 1849 pertinebant:
1457 1797 1504 1834 de
1535 1797 1676 1847 quibus
1708 1810 1808 1847 quo-

408 1863 512 1900 niam
532 1862 647 1900 verbo
666 1863 805 1914 arguit,
836 1863 953 1900 verbo
973 1863 1057 1900 satis
1089 1862 1141 1899 est
1172 1876 1320 1914 negare.
1354 1863 1391 1900 Si
1413 1861 1590 1913 quidest,
1624 1861 1730 1912 quod
1764 1861 1809 1898 ad

408 1928 517 1965 testes
539 1928 726 1971 reservet5
759 1928 813 1964 ibi
834 1941 902 1965 nos
935 1942 1103 1979 quoque,
1135 1937 1177 1966 ut
1198 1928 1238 1965 in
1268 1928 1346 1980 ipsa
1371 1927 1493 1972 causa,
1526 1928 1726 1980 paratiores
1748 1941 1807 1965 re-

409 1994 541 2044 periet,
564 2006 681 2044 quam
703 1993 872 2044 putabat.

464 2058 595 2095 XXX.
630 2058 753 2096 Venio
774 2072 876 2096 nunc
896 2072 955 2103 co,
981 2073 1058 2111 quo
1079 2072 1141 2096 me
1162 2073 1238 2097 non
1259 2059 1448 2112 cupiditas
1469 2059 1590 2103 ducit,
1619 2059 1681 2097 sed
1702 2059 1808 2097 fides.

411 2124 530 2167 Nam,
552 2123 578 2160 s1
608 2122 708 2160 mihi
728 2123 862 2162 liberet
882 2125 1066 2170 accusare,
1088 2125 1301 2163 accusarem
1322 2125 1413 2163 alios
1434 2126 1576 2177 potius,
1599 2138 1646 2162 ex
1667 2125 1807 2176 quibus

411 2189 551 2240 possem
586 2189 771 2227 crescere:
800 2191 904 2241 quod
939 2200 1088 2229 certum
1112 2192 1164 2228 est
1196 2205 1273 2229 non
1303 2191 1450 2235 facere,
1473 2192 1587 2231 ,dum
1618 2191 1806 2228 utrumvis

410 2254 556 2291 licebit.
591 2255 625 2291 Is
647 2255 751 2291 enim
773 2254 872 2292 mihi
894 2256 1042 2293 videtur
1062 2256 1329 2307 ampliffimus,
1358 2257 1425 2307 qui
1447 2256 1510 2293 sua
1531 2256 1669 2292 virtute
1690 2256 1729 2292 in
1751 2255 1807 2291 al—

410 2321 548 2358 tiorem
571 2320 702 2358 locum
723 2321 908 2372 pervenit,
940 2335 1017 2359 non
1044 2322 1112 2372 qui
1132 2322 1298 2359 ascendit
1329 2335 1395 2373 per
1411 2322 1564 2358 alterius
1587 2321 1806 2358 incommo-

410 2385 503 2422 dum
525 2394 562 2423 et
583 2386 854 2425 calamitatem.
889 2387 1116 2425 Definamus
1141 2387 1346 2438 aliquando
1365 2400 1406 2423 ea
1427 2386 1595 2430 serutari,
1618 2400 1702 2437 quae
1723 2386 1808 2424 sunt

410 2451 557 2489 inania:
582 2465 808 2503 quaeramus,
831 2452 898 2491 ubi
919 2452 1156 2492 maleficium
1177 2462 1214 2490 et
1234 2452 1298 2498 est,
1321 2461 1358 2490 et
1378 2452 1540 2490 inveniri
1563 2452 1696 2504 potest.
1720 2453 1808 2502 Jum
