2201 2792
523 179 600 220 272
950 163 1040 202 IN
1116 161 1498 202 VERREM

575 263 716 302 Videte
750 276 853 301 nunc
888 263 1082 315 majorum
1115 262 1366 315 sapientiam:
1398 260 1481 313 qui,
1509 273 1601 298 cum
1633 257 1819 303 Siciliam,
1846 265 1928 296 tam

519 340 785 384 opportunum
817 327 1026 367 subsidium
1046 328 1154 374 belli,
1185 337 1298 380 atque
1328 328 1445 380 pacis,
1476 327 1522 364 ad
1549 325 1832 379 rempublicam
1859 324 1928 362 ad-

515 397 742 449 junxissent,
765 404 868 433 tanta
888 409 978 433 cura
998 395 1145 432 Siculos
1177 395 1275 432 tueri
1296 403 1334 431 et
1354 394 1515 431 retinere
1536 392 1753 437 voluerunt,
1787 400 1830 430 ut
1850 404 1930 429 non

521 463 641 502 modo
662 476 795 500 eorum
817 461 914 513 agris
936 460 1095 513 ve&igal
1129 473 1275 498 novum
1306 459 1461 497 nullum
1495 459 1753 511 imponerent,
1789 456 1851 495 sed
1882 469 1930 494 ne

523 529 651 581 legem
673 528 830 580 quidem
853 526 1084 564 venditionis
1117 526 1384 569 decumarum,
1416 537 1510 563 neve
1529 523 1722 562 vendendi
1742 531 1808 561 aut
1828 531 1930 561 tem-

523 609 610 648 pus,
632 604 697 632 aut
716 595 849 632 locum
869 601 1155 631 commutarent
1173 607 1182 630 :
1208 601 1252 630 ut
1272 601 1375 630 certo
1397 600 1570 643 tempore
1591 590 1695 634 anni,
1718 598 1762 627 ut
1782 589 1930 627 ibidem

523 663 563 700 in
586 661 728 704 Sicilia,
761 660 927 712 denique
958 668 1000 697 ut
1028 660 1113 712 lege
1134 658 1346 697 Hieronica
1377 658 1598 696 venderent.
1632 656 1851 694 Voluerunt
1869 667 1931 693 eos

525 727 565 764 in
586 727 660 764 suis
682 726 792 764 rebus
825 725 924 777 ipsos
944 724 1116 762 intereffe
1129 742 1141 769 3
1172 736 1387 776 eorumque
1406 723 1570 768 animos,
1600 736 1678 760 non
1700 721 1818 759 modo
1847 720 1933 773 lege

525 807 636 837 nova,
669 792 729 829 sed
751 805 797 829 ne
818 792 977 829 nomine
998 790 1157 842 quidem
1190 790 1284 843 legis
1306 803 1406 828 novo
1433 788 1686 827 commoveri.
1722 788 1783 825 Ita
1813 787 1932 824 decu-

526 872 606 896 mas
629 858 710 909 lege
724 856 935 894 Hieronica
955 856 1103 908 semper
1118 855 1332 894 vendendas
1349 854 1590 899 censuerunt,
1608 863 1651 892 ut
1668 852 1936 905 iisjucundior

525 924 615 962 esset
635 923 804 961 muneris
825 922 930 959 illius
951 921 1115 966 functio,
1148 921 1174 959 fi
1194 922 1275 973 ejus
1307 921 1420 973 regis,
1452 922 1520 972 qui
1554 920 1691 958 Siculis
1724 918 1934 957 cariffimus

525 989 616 1035 fuit,
637 1001 717 1027 non
738 988 861 1026 solum
882 987 1068 1036 instituta,
1101 995 1345 1024 commutato
1365 986 1544 1039 imperio,
1568 999 1703 1024 verum
1724 985 1841 1022 etiam
1861 997 1933 1023 no-

525 1070 617 1095 men
646 1064 830 1094 maneret.
878 1055 969 1092 Hoc
994 1054 1083 1106 jure
1114 1062 1200 1091 ante
1220 1053 1380 1091 Verrem
1404 1054 1611 1091 Praetorem
1640 1050 1758 1090 Siculi
1788 1050 1936 1103 semper

527 1123 580 1161 usi
601 1123 688 1161 sunt
707 1138 714 1160 :
747 1121 813 1160 hic
833 1121 982 1174 primus
1004 1120 1176 1158 instituta
1195 1120 1391 1164 omniurn,
1424 1118 1744 1157 consuetudinem
1763 1131 1785 1157 a
1806 1118 1935 1169 majo-

525 1190 631 1227 ribus
655 1188 847 1232 traditam,
881 1187 1147 1224 conditionem
1177 1186 1371 1231 amicstiae,
1397 1186 1462 1238 jus
1483 1185 1686 1230 societatis,
1720 1183 1935 1223 convellere

527 1264 566 1294 et
586 1263 828 1294 commutare
849 1252 956 1290 ausus
976 1252 1040 1290 est.

583 1322 679 1359 VII.
712 1322 801 1372 Qa
821 1319 861 1357 in
892 1332 931 1356 re
951 1319 1124 1371 primum
1146 1317 1244 1356 illud
1264 1316 1516 1370 reprehendo,
1549 1322 1586 1354 et
1616 1315 1765 1361 accusO,
1798 1329 1867 1354 cur
1896 1315 1937 1354 in

524 1401 563 1426 re
585 1396 664 1425 tam
685 1385 815 1429 veteri,
848 1393 927 1423 tam
950 1383 1095 1428 ufitata,
1127 1383 1341 1435 quidquam
1369 1383 1459 1421 novi
1487 1381 1638 1420 feceris.
1671 1382 1834 1435 Ingenio
1864 1381 1937 1419 ali-

530 1453 627 1506 quid
647 1452 830 1491 assecutus
850 1464 888 1488 es
907 1450 920 1487 ?
952 1459 1009 1488 tot
1029 1449 1208 1488 homines
1228 1449 1520 1502 sapientiffimos
1548 1457 1585 1486 et
1609 1448 1847 1493 clariffimos,
1869 1447 1939 1500 qui

529 1520 639 1559 illam
660 1518 899 1572 provinciam
920 1526 1007 1555 ante
1028 1525 1065 1554 te
1086 1524 1306 1561 tenuerunt,
1339 1516 1540 1569 prudentia
1565 1514 1802 1566 consilioque
1821 1513 1938 1552 vicis·

527 1587 590 1625 ti?
624 1585 691 1624 Est
712 1594 839 1628 tuum,
870 1583 923 1621 est
953 1583 1114 1635 ingenii,
1150 1581 1437 1634 diligentiaeque
1467 1590 1556 1620 tuae.
1595 1582 1660 1619 Do
1685 1580 1760 1619 hoc
1781 1580 1868 1624 tibi,
1900 1588 1940 1617 et

528 1656 728 1696 concedo:
762 1655 852 1699 scio,
886 1663 923 1692 te
943 1655 1094 1698 Romae,
1125 1654 1384 1709 cum-Praetor
1409 1651 1515 1697 effes,
1546 1652 1671 1690 edicito
1700 1659 1770 1690 tuo
1797 1649 1937 1704 poffes-

529 1724 650 1763 fiones
671 1721 940 1760 haereditatum
971 1734 991 1758 a
1011 1720 1140 1758 liberis
1174 1720 1221 1758 ad
1251 1720 1407 1765 alienos,
1438 1733 1459 1757 a
1489 1719 1625 1772 primis
1655 1717 1861 1756 heredibus
1893 1716 1940 1755 ad

529 1789 731 1835 secundos,
752 1802 774 1826 a
793 1787 943 1840 legibus
964 1787 1010 1826 ad
1030 1786 1237 1825 libidinem
1258 1795 1365 1824 tuam
1386 1785 1624 1824 transtulifi'e.
1652 1785 1753 1830 Scio,
1772 1793 1813 1822 ‘te
1832 1783 1940 1821 edic·

532 1866 571 1895 ta
601 1856 840 1908 superiorum
871 1853 1052 1892 omnium
1082 1852 1296 1897 correxisse,
1327 1861 1370 1889 et
1399 1850 1635 1904 poffeffiones
1668 1849 1940 1887 haereditatum

533 1935 611 1960 non
632 1920 845 1958 secundum
877 1932 954 1963 eos,
986 1919 1054 1970 qui
1086 1917 1312 1970 proferrent,
1344 1917 1406 1955 sed
1436 1917 1647 1954 secundum
1674 1928 1753 1961 eos,
1784 1915 1853 1968 qui
1879 1915 1941 1952 di-

534 1995 665 2026 cerent
690 1986 960 2025 testamentum
993 1983 1153 2029 factum,
1187 1983 1352 2022 dediffe:
1385 1983 1517 2036 easque
1551 1996 1608 2021 res
1639 1995 1769 2027 novas,
1807 1982 1872 2020 abs
1904 1990 1942 2020 te

535 2054 698 2107 prolatas
719 2062 757 2090 et
778 2053 963 2096 inventas,
985 2065 1128 2104 magno
1150 2051 1220 2088 tibi
1241 2050 1401 2103 quaestui
1420 2049 1531 2088 fuisse
1560 2050 1636 2088 scio
1655 2064 1663 2088 :
1696 2049 1942 2101 eundemque

537 2130 573 2159 te
594 2119 756 2158 memini
777 2118 960 2156 censorias
994 2131 1150 2170 quoque
1180 2117 1281 2170 leges
1310 2117 1349 2155 in
1370 2117 1474 2155 sartis
1506 2117 1615 2154 tediis
1643 2115 1843 2168 exigendis
1864 2114 1942 2153 toi-

536 2187 625 2230 lere,
656 2194 693 2222 et
713 2194 980 2229 commutare;
1011 2197 1060 2221 ne
1081 2184 1111 2221 is
1132 2184 1351 2229 redimeret,
1383 2185 1468 2235 cuja
1495 2197 1552 2221 res
1573 2182 1661 2220 esset
1679 2201 1690 2227 ;
1724 2195 1771 2219 ne
1791 2180 1943 2233 pupillo

538 2261 697 2296 tutores,
729 2250 1014 2303 propinquique
1044 2249 1299 2294 consulerent,
1335 2263 1414 2302 quo
1444 2249 1578 2287 minus
1613 2247 1779 2285 fortunis
1810 2247 1942 2284 omni-

538 2319 609 2357 bus
629 2326 887 2360 everteretur3
919 2317 1100 2367 exiguam
1121 2315 1224 2352 diem
1256 2315 1443 2367 praefinire
1464 2315 1582 2366 operi,
1616 2326 1691 2365 qua
1722 2321 1875 2350 caeteros
1895 2311 1943 2349 ab

537 2385 693 2438 negotio
713 2384 946 2429 excluderes,
969 2383 1046 2436 ipse
1066 2383 1106 2420 in
1134 2391 1202 2420 tuo
1223 2382 1463 2434 redemptore
1485 2380 1633 2418 nullam
1661 2388 1808 2418 certam
1839 2379 1944 2417 diem

536 2452 763 2491 observares.

594 2517 862 2569 Qamobrem
883 2530 1022 2556 novam
1042 2515 1169 2568 legem
1191 2523 1227 2554 te
1248 2514 1288 2553 in
1309 2513 1483 2553 decumis
1516 2512 1679 2553 statuiffe
1700 2526 1779 2553 non
1810 2513 1943 2558 miror,
