2201 2792
410 290 438 318 P.

414 319 452 358 36

414 369 450 396 37

440 2334 477 2364 39

665 182 960 222 VARIAE

495 328 534 357 34
554 317 584 347 in
601 318 752 354 Qintium
769 318 827 355 χιί.

518 368 527 387 1
554 359 687 387 confitear
703 358 727 386 C
742 371 759 387 5
773 358 922 394 corfiteatu‘r

492 413 533 421 ·-
554 399 606 427 effe
622 417 633 422 -
649 417 662 423 -
677 416 688 422 ο
703 398 809 426 factum
825 397 857 425 fit
872 409 888 426 5
902 398 929 424 α’.

518 449 533 467 2
556 439 672 477 perinde
685 439 822 475 zproinde

515 489 535 513 4
556 479 674 516 quisque
688 491 709 514 χ
722 477 855 515 quisquam

518 529 530 556 ς
556 518 694 546 dedecore
709 531 725 547 5
740 519 826 545 dicore

517 560 535 586 6
558 558 704 596 perveniat
718 558 742 585 C
758 557 789 586 H
805 558 822 585 S
834 557 959 585 deveniat

518 608 534 635 7
556 599 616 626 haec
632 598 728 626 omnia
743 597 768 626 C
789 610 810 632 χ
834 600 918 625 omnia
932 595 1041 634 judicia
1056 594 1086 623 H
1102 593 1120 622 S

599 639 628 667 T
644 651 661 667 5
674 639 731 666 haec
744 641 828 666 omnia
831 638 943 675 judicia

504 688 533 707 Η
560 688 674 716 quoque
690 679 714 706 C
731 678 762 706 H
777 678 801 706 d.

502 729 512 748 ι
522 729 537 747 2
559 719 588 747 vi
601 732 623 755 χ
637 727 665 746 ut

503 768 514 786 ι
523 768 537 796 3
564 759 654 786 facere
669 758 694 785 C
708 759 735 785 d.

503 808 512 826 1
522 808 541 834 4
561 798 591 826 id
605 811 626 833 χ
640 799 668 826 d.

505 847 538 876 ις
562 837 741 875 aequiffimam
756 849 778 872 χ
792 836 962 874 nequiffi‘mam

505 888 538 914 ²7
562 878 712 906 deberetur
726 877 751 906 C
766 877 795 905 T
810 889 837 910 5,
853 890 877 913 χ
890 875 994 904 debetur

505 920 538 946 18
560 918 728 946 abstulissem
744 930 760 946 5
775 916 953 954 abstulisti-mus

505 967 542 987 20
563 958 691 997 ingratiis
708 958 732 986 C
750 957 781 986 H
798 957 814 984 S
831 958 859 985 T
875 958 988 995 ingratis
1000 967 1017 985 5
1032 957 1125 994 ingra-

604 1002 639 1027 tis
653 999 685 1026 id

502 1054 543 1062 —
563 1038 650 1067 debet
663 1052 684 1074 χ
697 1037 784 1066 debuit

504 1089 539 1116 23
563 1079 676 1107 veritati
689 1089 697 1111 ;
720 1078 804 1106 minae
815 1077 978 1115 jactentur:
998 1088 1020 1113 χ
1033 1077 1128 1105 vinu-

604 1122 637 1147 ti.
659 1121 762 1147 minime
774 1119 885 1147 locentur

503 1174 544 1182 —-
561 1159 705 1196 jae'oentur
717 1158 747 1186 T
761 1171 779 1188 5
792 1159 904 1186 locentur

506 1210 539 1235 :3
564 1199 646 1228 cedat
661 1200 692 1227 H
707 1199 724 1227 S
740 1211 768 1233 5,
780 1199 899 1236 xſs’deat

506 1236 547 1270 2'6
568 1239 721 1267 conseffum
737 1252 754 1268 5
768 1239 905 1275 confinficm

509 1291 544 1316 27
568 1280 732 1317 impendere
747 1279 771 1307 C
786 1280 907 1316 impedire

510 1331 541 1358 3¹
568 1328 598 1347 ut
615 1320 689 1347 bona
702 1319 850 1356 poffideres
865 1331 882 1347 5
896 1319 923 1346 d.

509 1370 545 1398 33
569 1359 739 1388 demonstrat
752 1372 773 1395 χ
788 1359 932 1393 demonstret

506 1416 548 1423 -—-
567 1399 708 1427 desertum
722 1411 740 1428 5
751 1401 779 1426 di
790 1407 872 1428 ertum

533 1450 542 1469 1
569 1440 654 1467 officii
670 1440 695 1467 C
709 1441 786 1476 officio

507 1497 547 1503 —-
567 1480 695 1508 omnium
710 1492 727 1508 5
741 1481 807 1507 omni

529 1531 546 1561 5
568 1529 666 1549 verum
681 1520 712 1548 H
728 1522 774 1554 (an
787 1519 835 1554 m.)
850 1531 868 1548 5
882 1528 985 1556 aequum

529 1562 547 1589 6
568 1560 666 1588 liceret
680 1560 698 1588 S
712 1559 790 1588 liccat

508 1616 549 1625 —-
568 1600 755 1628 inimiciffima
770 1599 803 1628 H
816 1599 974 1638 iniqutffi‘ma

533 1644 548 1670 8
572 1648 657 1678 atque
672 1640 696 1668 C
711 1641 740 1668 T
755 1653 783 1672 5,
797 1653 818 1675 z
831 1647 878 1667 aut

514 1692 546 1720 ¹3
572 1681 696 1709 honestas
711 1680 863 1719 egestatem
883 1680 914 1708 H
933 1679 1026 1717 egestas
1049 1676 1135 1713 hanes·
1160 1707 1163 1710 ,

610 1729 689 1749 tatem

512 1777 548 1783 —
573 1770 621 1789 aut
635 1774 652 1790 ς·
666 1763 693 1789 d.

515 1802 556 1832 16*
572 1801 734 1830 sublevatur
749 1799 774 1829 C
789 1799 929 1836 confidatur
943 1799 975 1828 H
988 1797 1136 1835 fibla-van-

613 1850 657 1869 tur
671 1842 688 1869 S
704 1841 861 1878 corfilamur

517 1892 551 1918 ¹7
574 1883 654 1918 cujus
669 1894 687 1910 5
700 1890 723 1910 et
737 1883 809 1920 cnjus

517 1924 551 1951 18
574 1922 712 1950 dedecore
726 1934 743 1950 5
757 1922 843 1949 decore

518 1972 552 1999 ¹9
573 1961 741 1990 exturbatur
755 1960 784 1987 T
798 1974 819 1996 χ
833 1957 986 1988 exturbatus

515 2012 553 2030 20
573 2001 741 2029 amandatur
755 2000 786 2029 H
802 2001 820 2027 S
837 2000 866 2027 T
880 2011 908 2032 5,
922 2011 946 2037 χ
959 1999 1100 2027 mandatur

517 2052 551 2070 22
576 2041 712 2079 relinquit
726 2040 750 2068 C
763 2052 780 2069 ς·
793 2039 899 2078 reliquit

518 2092 553 2120 ²3
577 2081 691 2109 hercule
705 2081 795 2117 xhae‘

515 2137 556 2144 —-
577 2121 747 2159 poffidentur
760 2134 782 2156 χ
795 2122 955 2149 commentus·

517 2172 551 2200 25
576 2161 692 2199 quidem
709 2168 784 2189 certe
799 2160 823 2189 C
839 2160 870 2188 H
885 2160 915 2187 T
929 2159 1030 2198 quidem
1049 2170 1066 2190 ς
1080 2159 1108 2188 d.

517 2213 556 2240 29
578 2201 693 2230 ducitur
708 2214 735 2235 5,
749 2214 773 2238 χ
788 2202 914 2228 indicitur

519 2251 554 2280 35
579 2242 745 2270 fraudantur
760 2242 785 2269 C
800 2240 999 2279 Tfraudentur

516 2297 558 2305 —
579 2282 615 2310 est
630 2283 695 2319 zst‘

545 2332 554 2351 ι
582 2322 652 2360 saepe
667 2336 690 2359 χ
704 2323 729 2349 d.

519 2378 559 2386 —
580 2362 704 2391 destituti
723 2374 739 2391 5
753 2361 874 2399 destinati

540 2411 559 2440 4
581 2403 672 2430 civem
689 2402 719 2430 H
735 2402 752 2431 S
768 2405 840 2432 cive:
853 2413 869 2431 5
882 2403 940 2430 cive

518 2459 559 2467 --
581 2443 645 2472 vult
661 2456 684 2481 χ
698 2443 731 2479 est

1053 176 1617 219 LECTIONES.

1191 294 1197 300 .
1258 272 1279 301 l.

1167 283 1211 351 I3³9
1274 321 1294 350 4
1315 319 1537 340 commemorare
1556 308 1595 344 se,
1615 317 1682 337 cum
1696 320 1717 347 χ
1730 308 1879 337 commorari

1341 350 1428 386 ficum

1277 401 1291 430 5
1315 391 1341 418 se
1356 404 1373 420 5
1387 393 1414 419 d.

1275 433 1294 459 ὁ
1316 432 1388 460 Haec
1404 431 1432 459 T
1448 432 1501 459 Hoc

1255 485 1297 493 ·-
1317 472 1441 509 denique
1456 484 1477 506 χ
1490 472 1518 498 d.

1277 514 1293 540 8
1316 511 1398 540 causa
1411 524 1432 547 χ
1447 510 1550 548 caufizm

1277 562 1295 591 9
1318 551 1382 589 ipfis
1398 565 1419 588 κ
1433 551 1483 588 ipſs>

1256 608 1297 616 ·-
1319 589 1496 620 incommodi
1511 589 1536 618 C
1550 589 1725 618 incommodum
1745 601 1763 618 5
1787 589 1882 616 incom-

1357 633 1463 660 moditer-

1263 681 1298 700 ιο
1322 672 1368 699 Ad
1383 670 1580 700 vadimonium
1593 686 1605 692 -
1617 685 1628 691 -
1642 687 1654 693 -
1668 669 1808 697 levaretur
1821 681 1839 698 5
1852 669 1881 696 d.

1264 721 1299 750 19
1321 711 1351 739 Si
1365 711 1529 749 dupondius
1546 727 1557 733 -
1573 726 1586 732 -
1601 727 1612 732 -
1631 709 1722 737 statim
1738 709 1767 736 T
1780 709 1811 736 Si
1823 709 1883 736 dum

1353 753 1462 789 predius
1480 760 1538 779 tuus
1555 757 1690 788 generetur
1710 749 1770 777 Sex.
1811 749 1883 776 Nm·

1359 793 1388 819 in
1397 790 1516 829 parvula
1539 801 1567 818 re
1590 790 1702 826 captivis
1726 788 1770 817 vel
1789 791 1885 827 capitis

1361 841 1452 859 verere
1465 841 1511 858 non
1515 831 1610 867 statim

1259 884 1301 893 —-
1322 869 1484 909 dupondius
1498 870 1523 898 C
1538 870 1569 898 H
1584 869 1603 897 S
1618 869 1764 907 dupundius

1260 925 1301 933 —
1320 911 1439 948 parvula
1452 911 1476 939 C
1492 911 1510 938 S
1524 909 1618 948 aliqua

1260 965 1302 973 ·—
1324 951 1462 989 captionis
1477 964 1495 981 5
1509 952 1633 988 captivus

1264 1000 1303 1020 20
1324 1000 1450 1019 vererere
1464 1004 1481 1021 5
1494 1000 1582 1019 verere

1261 1046 1303 1054 -
1323 1039 1372 1060 aut
1386 1031 1422 1060 ad
1437 1040 1536 1060 eorum
1551 1048 1563 1054 -
1577 1046 1591 1053 -
1607 1046 1619 1054 ο
1632 1028 1668 1059 ad
1682 1028 1717 1058 C.
1734 1027 1888 1068 Aquilium

1361 1072 1391 1101 T
1406 1085 1427 1108 χ
1441 1073 1468 1100 d.

1266 1122 1298 1142 21
1325 1112 1375 1150 qui
1390 1112 1415 1140 C
1430 1113 1461 1141 H
1478 1111 1495 1140 S
1510 1113 1551 1139 cui

1263 1168 1304 1175 —-
1324 1152 1510 1181 consuluntur
1522 1152 1554 1180 H
1568 1150 1696 1187 consulunt

1267 1203 1305 1231 24
1326 1200 1376 1222 aut
1391 1194 1427 1222 L.
1443 1193 1472 1222 T
1486 1200 1535 1221 aut
1549 1191 1586 1220 ad
1597 1192 1632 1220 L.

1264 1248 1305 1256 —
1324 1232 1371 1262 sed
1386 1234 1416 1262 T
1431 1246 1458 1267 5,
1473 1246 1494 1268 χ
1506 1235 1535 1262 d.

1265 1289 1306 1296 —
1325 1273 1361 1301 ad
1378 1281 1405 1302 te
1419 1273 1537 1302 retulisti
1551 1285 1579 1306 5,
1593 1285 1615 1307 χ
1628 1280 1653 1299 te
1664 1270 1807 1308 cotficluisti
1815 1280 1825 1298 :
1839 1270 1892 1307 fid

1367 1324 1396 1342 ne
1409 1315 1461 1351 ipse
1475 1315 1574 1352 quidem
1587 1313 1626 1340 ad
1636 1320 1660 1339 te
1673 1310 1783 1349 retulgsti

1268 1353 1306 1383 26
1329 1354 1358 1382 Si
1373 1353 1533 1381 mehercule
1549 1370 1561 1375 -
1574 1368 1584 1374 -
1605 1369 1616 1374 -
1630 1350 1702 1389 quid
1716 1359 1772 1389 ago
1786 1350 1815 1378 T
1828 1351 1857 1379 d.

1270 1396 1305 1422 28
1328 1402 1359 1422 tu
1375 1402 1403 1422 te
1419 1411 1431 1416 -
1449 1411 1458 1416 -
1477 1411 1488 1416 -
1503 1392 1620 1421 venisses
1635 1403 1653 1420 5
1666 1391 1693 1419 d.

1271 1443 1307 1471 30
1328 1433 1521 1462 confitendum
1538 1434 1563 1462 C
1578 1445 1605 1466 5,
1619 1445 1641 1468 χ
1653 1431 1831 1470 corficiendum

1267 1488 1309 1494 -—
1329 1483 1387 1511 qua
1401 1474 1425 1502 C
1440 1476 1504 1511 quia

1270 1528 1311 1535 —
1331 1514 1400 1541 hora
1415 1527 1441 1547 5,
1456 1527 1477 1550 χ
1491 1515 1519 1542 d.

1273 1563 1305 1591 3¹
1333 1561 1360 1582 te
1375 1567 1391 1583 5
1405 1566 1436 1583 ex

1273 1604 1306 1631 33
1332 1603 1442 1632 tempus
1457 1608 1477 1630 χ
1491 1595 1518 1621 d.

1270 1650 1311 1656 —
1332 1642 1359 1662 et
1377 1635 1400 1663 C
1416 1647 1430 1664 5
1446 1636 1474 1663 d.

1274 1683 1312 1712 34
1333 1676 1407 1712 quod
1426 1675 1450 1702 C
1466 1675 1496 1703 H
1512 1674 1529 1703 S
1545 1676 1591 1712 qui
1603 1682 1674 1702 tuam
1688 1685 1715 1705 5,
1730 1686 1751 1709 χ
1763 1674 1881 1711 quoniam

1269 1730 1312 1738 -
1333 1725 1399 1743 cum
1416 1724 1526 1753 tempus
1542 1722 1602 1743 erat
1617 1714 1647 1742 H
1665 1715 1681 1741 S
1698 1715 1726 1743 d.

1296 1765 1310 1793 3
1333 1755 1485 1784 intercedit
1498 1768 1515 1784 5
1528 1756 1670 1783 intercedat

1293 1805 1313 1833 4
1334 1796 1394 1832 ejus
1411 1797 1440 1824 H
1457 1798 1481 1824 ei

1294 1846 1309 1875 5
1334 1836 1451 1864 domum
1465 1849 1488 1872 χ
1500 1837 1585 1864 domus

1272 1891 1314 1899 ——
1334 1877 1387 1904 hac
1401 1877 1425 1904 C
1439 1887 1471 1904 ac

1293 1916 1311 1944 6
1334 1916 1415 1944 vobis
1429 1929 1450 1952 χ
1465 1914 1536 1943 nobis

1272 1971 1313 1978 —
1334 1956 1408 1984 recle
1422 1968 1440 1985 ς·
1452 1957 1480 1984 d.

1296 1998 1313 2024 8
1335 1995 1354 2024 fi
1369 1996 1399 2024 H
1405 1996 1458 2033 sed

1278 2045 1315 2066 ιο
1335 2037 1488 2065 convenire
1500 2048 1522 2072 χ
1535 2036 1671 2064 conveniri

1278 2087 1289 2105 1
1299 2086 1308 2104 ι
1335 2076 1502 2113 respondeas
1516 2088 1544 2109 5,
1559 2088 1580 2111 χ
1595 2074 1764 2112 respondeatis

1279 2126 1313 2146 12
1336 2117 1475 2145 rationem
1490 2116 1519 2144 T
1534 2118 1672 2144 orationem

1280 2166 1317 2194 ¹4
1338 2157 1397 2185 haze
1412 2157 1437 2185 C
1453 2157 1482 2185 T
1497 2156 1542 2184 hoc

1275 2212 1316 2219 —
1337 2197 1458 2225 nostram
1471 2209 1493 2232 χ
1506 2197 1621 2233 vestram

1280 2246 1314 2273 17
1336 2236 1459 2266 viderint
1474 2249 1491 2266 5
1505 2237 1607 2264 viderit

1191 1765 1231 1793 40

1281 2278 1315 2305 18
1337 2285 1430 2305 autem
1447 2277 1471 2305 C
1486 2276 1504 2304 S
1518 2284 1603 2304 tamen

1278 2332 1319 2340 —
1339 2316 1380 2344 ita
1395 2329 1412 2346 5
1426 2319 1476 2355 tsta

1282 2366 1317 2395 ¹9
1339 2356 1508 2389 invenerim,
1531 2359 1660 2393 quaerant
1673 2366 1696 2391 χ
1709 2356 1827 2384 inveniri
1839 2363 1902 2393 que·

1377 2405 1425 2425 ant

1279 2450 1319 2460 ·=—
1339 2443 1368 2466 et
1382 2445 1439 2476 quo
1452 2436 1536 2476 pasto
1550 2448 1566 2467 5
1581 2446 1628 2475 quo
1637 2438 1723 2475 pretio
