2201 2792
630 128 974 167 ACTIONIS
1017 129 1069 166 ΙΙ.
1130 129 1330 167 LIBER
1362 130 1432 167 IV.
1643 144 1715 180 4³1

327 227 431 266 suam
453 238 680 267 ornamento
700 228 786 266 urbi
807 227 990 266 futuram.
1024 228 1211 279 Syracusis
1233 237 1362 266 autem
1384 229 1587 280 permulta,
1610 237 1723 279 atque

327 296 476 348 egregia
497 296 681 348 reliquit:
715 296 847 333 Deum
879 309 967 333 vero
998 294 1154 333 nullum
1191 294 1361 339 violavit,
1394 295 1549 332 nullum
1580 295 1720 346 attigit.

330 361 515 400 Conferte
535 363 723 400 Verrem:
757 376 834 400 non
868 372 910 400 ut
944 361 1146 400 hominem
1179 375 1271 399 cum
1293 360 1452 399 homine
1478 361 1722 413 comparetis,

329 442 376 466 ne
397 443 473 481 qua
493 429 560 467 tali
580 429 661 467 viro
683 439 840 467 mortuo
868 429 933 467 fiat
952 429 1118 481 injuria3
1151 428 1213 466 sed
1234 437 1275 466 ut
1306 441 1440 480 pacem
1468 441 1559 465 cum
1593 427 1721 470 bello,

327 495 428 549 leges
449 510 539 535 cum
561 497 624 541 vi,
647 495 791 541 forum,
814 505 852 534 et
866 496 1174 548 jurisdicffionem
1194 509 1286 533 cum
1307 494 1407 533 ferro
1427 504 1465 533 et
1484 495 1599 532 armis
1617 513 1627 539 3
1657 494 1723 531 ad-

327 574 501 609 ventum,
524 573 562 602 et
582 564 813 602 comitatum
834 577 925 602 cum
945 563 1129 608 exercitu,
1151 572 1189 601 et
1209 562 1366 600 victoria
1382 561 1600 600 conferatis.

385 631 472 669 LV.
510 631 627 668 AEdes
647 630 839 668 Minervae
869 630 922 667 est
952 629 1148 674 ininsula,
1182 629 1228 666 de
1259 642 1334 680 qua
1359 638 1446 666 ante
1467 629 1574 666 dixi:
1607 642 1723 680 quam

329 697 540 734 Marcellus
571 710 650 734 non
681 695 836 749 attigit;
869 709 986 748 quam
1007 695 1177 749 plenam,
1209 704 1325 747 atque
1344 704 1518 733 ornatam
1539 695 1722 746 reliquit:

334 777 419 815 quae
439 764 486 802 ab
504 763 574 802 isto
595 763 645 802 fic
666 763 836 816 spoliata,
850 772 966 816 atque
981 763 1130 816 direpta
1150 762 1217 807 est,
1232 776 1308 800 non
1330 773 1372 800 ut
1388 762 1433 800 ab
1453 761 1559 800 hoste
1580 762 1723 814 aliquo,

328 831 397 882 qui
418 840 545 868 tamen
567 831 609 868 in
629 830 745 875 bello,
783 830 1030 883 religionum,
1065 839 1103 868 et
1123 829 1409 868 consuetudinis
1425 830 1512 880 jura
1532 830 1723 872 retineret,

329 897 390 935 sed
413 907 456 935 ut
489 911 508 935 a
540 897 705 936 barbaris
727 897 971 950 praedonibus
1005 906 1140 935 vexata
1167 894 1237 934 esse
1267 897 1452 935 videatur.
1485 898 1619 949 Pugna
1648 905 1726 933 erat

330 964 511 1016 equestris
533 963 761 1017 Agathoclis
783 965 881 1016 regis
913 964 952 1001 in
975 964 1115 1002 tabulis
1148 963 1249 1016 pista
1268 963 1471 1016 praeclare3
1503 962 1562 1000 his
1596 972 1726 1000 autem

331 1031 470 1068 tabulis
493 1031 689 1068 interiores
711 1030 847 1083 templi
868 1031 1027 1083 parietes
1049 1019 1322 1068 vestiebanturs
1344 1029 1459 1068 Nihil
1480 1039 1557 1067 erat
1579 1043 1620 1067 ea
1640 1030 1726 1083 pic-

331 1107 414 1134 tura
435 1097 633 1141 nobilius;
666 1095 766 1134 nihil
788 1097 990 1148 Syracusis,
1023 1097 1129 1148 quod
1150 1096 1271 1148 magis
1295 1095 1493 1133 visendum
1515 1105 1724 1148 putaretur.

331 1164 413 1201 Has
436 1163 581 1201 tabulas
603 1163 666 1201 M.
690 1163 916 1207 Marcellus,
952 1177 1043 1200 cum
1064 1164 1196 1201 omnia
1215 1163 1282 1200 illa
1301 1162 1459 1200 νίξὶοῑίἒι
1485 1162 1549 1200 sua
1571 1161 1726 1214 profana

329 1229 488 1275 fecisset,
526 1239 652 1267 tamen
674 1229 858 1282 religione
892 1230 1102 1282 impeditus
1130 1244 1207 1267 non
1242 1229 1383 1282 attigit.
1418 1229 1502 1273 Iste,
1535 1243 1627 1267 cum
1661 1229 1728 1266 illa

323 1297 421 1348 jam,
452 1305 608 1349 propter
628 1296 850 1334 diuturnam
872 1310 1022 1348 pacem,
1045 1296 1350 1347 fidelitatemque
1370 1296 1507 1348 populi
1528 1295 1725 1346 Syracusa-

330 1364 384 1416 ni,
419 1363 530 1408 sacra,
563 1362 813 1415 religiosaque
847 1362 1064 1416 accepisset,
1097 1377 1230 1401 omnes
1265 1376 1324 1401 eas
1361 1363 1507 1400 tabulas
1542 1362 1724 1406 abstulit3

330 1431 505 1483 parietes,
528 1443 694 1482 quorum
716 1439 870 1467 ornatus
895 1439 949 1467 tot
970 1429 1094 1467 secula
1126 1429 1325 1474 manserat,
1357 1439 1415 1468 tot
1449 1429 1549 1467 bella
1578 1428 1727 1481 effuge-

331 1507 401 1542 rat,
423 1497 560 1542 nudos,
578 1509 620 1534 ac
641 1495 875 1534 deformatos
896 1496 1065 1548 reliquit.
1098 1497 1151 1534 Et
1171 1496 1397 1541 Marcellus,
1420 1497 1502 1549 qui,
1523 1496 1547 1534 si
1565 1497 1728 1547 Syracu-

331 1563 383 1602 sas
404 1564 572 1617 cepisset,
595 1563 672 1601 duo
694 1563 838 1615 templa
859 1563 890 1600 se
910 1564 1048 1600 Romae
1069 1563 1337 1601 dedicaturum
1357 1573 1523 1608 voverat,
1546 1563 1599 1607 id,
1623 1563 1728 1615 quod

331 1640 409 1668 erat
440 1630 708 1674 aedificaturus,
739 1628 799 1667 his
821 1629 933 1667 rebus
955 1642 1099 1674 ornare,
1131 1643 1224 1682 quas
1258 1639 1423 1682 ceperat,
1446 1629 1598 1668 noluit:
1629 1630 1727 1667 Ver—-

332 1710 404 1741 res,
436 1697 503 1748 qui
538 1709 616 1733 non
652 1696 818 1740 Honori,
860 1709 986 1747 neque
1021 1696 1182 1740 Virtuti,
1225 1705 1267 1734 ut
1296 1696 1376 1741 ille,
1407 1696 1468 1734 sed
1504 1696 1659 1740 Veneri,
1691 1704 1729 1733 et

332 1763 520 1816 Cupidini
542 1771 628 1800 vota
659 1762 826 1807 deberet,
857 1762 888 1800 is
924 1762 1113 1800 Minervae
1149 1762 1343 1815 templum
1378 1762 1535 1814 spoliare
1569 1770 1729 1800 conatus

331 1830 397 1869 est.
444 1830 516 1867 Ille
547 1831 652 1868 Deos
689 1830 864 1867 Deorum
900 1829 1029 1882 spoliis
1064 1843 1197 1868 ornare
1232 1829 1383 1874 noluit3
1416 1829 1480 1867 hic
1512 1838 1734 1867 ornamenta

332 1897 521 1935 Minervae
541 1896 700 1948 virginis
732 1896 773 1934 in
806 1896 1062 1935 meretriciam
1081 1896 1246 1934 domum
1267 1896 1471 1934 transtulit.
1505 1896 1657 1948 Viginti
1692 1905 1730 1933 et

333 1963 477 2015 septem
512 1972 689 2015 praeterea
723 1962 869 2000 tabulas
908 1962 1171 2016 pulcherrime
1205 1963 1323 2016 pictas
1338 1992 1349 2007 ‚
1389 1976 1437 2001 ex
1481 1962 1612 2000 eadem
1654 1962 1731 2000 aede

333 2028 507 2067 sustulit:
541 2030 580 2066 in
618 2029 758 2080 quibus
793 2038 898 2067 erant
926 2029 1114 2082 imagines
1145 2029 1283 2067 Siciliae
1304 2043 1454 2082 regum,
1482 2042 1523 2066 ac
1546 2038 1728 2080 tyranno-

334 2108 437 2139 rum,
469 2108 553 2146 quae
584 2087 667 2132 ¹non
688 2094 812 2132 solum
834 2096 1027 2147 pietorum
1049 2094 1212 2133 artificio
1233 2095 1485 2140 delcetabant,
1522 2095 1583 2132 sed
1615 2095 1729 2132 etiam

334 2161 706 2199 commemoratione
738 2160 961 2205 hominum,
993 2171 1031 2199 et
1065 2162 1288 2214 cognitione
1320 2160 1548 2200 formarum.
1582 2163 1640 2198 Ac
1672 2161 1729 2197 vi-

335 2227 434 2272 dete,
475 2236 620 2279 quanto
657 2228 789 2265 tetrior
822 2226 887 2264 hic
925 2237 1108 2279 tyrannus
1148 2228 1401 2280 Syracusanus
1439 2227 1576 2270 fuerit,
1614 2240 1729 2278 quam

335 2293 540 2345 quisquam
562 2293 826 2346 superiorum;
858 2307 949 2331 cum
973 2294 1029 2330 illi
1053 2303 1179 2331 tamen
1202 2294 1371 2331 ornarint
1393 2292 1535 2345 templa
1558 2293 1730 2329 Deorum

338 2360 621 2398 immortalium
639 2379 649 2405 ς
683 2360 746 2399 hic
768 2361 883 2399 etiam
899 2361 1082 2399 'Deorum
1103 2370 1370 2404 monumenta,
1393 2370 1505 2411 atque
1525 2372 1729 2396 ornamen-

340 2435 374 2462 ta
399 2425 600 2463 sustulerit.
1151 2464 1155 2469 .

421 2492 488 2529 To
501 2504 551 2530 M.
575 2492 648 2530 IV.
1322 2491 1352 2527 Ε
1375 2504 1393 2526 e
1414 2503 1434 2526 c
