2201 2792
574 142 919 210 ACTIO'NIS
962 167 1017 207 11.
1076 167 1286 208 LIBER
1318 171 1372 210 11.
1599 186 1677 228 245

272 271 407 323 Itaque
439 267 498 314 fit,
528 269 713 307 omnibus
748 267 1008 306 recusantibus
1042 276 1081 306 et
1114 267 1370 320 plorantibus.
1416 270 1511 308 Dies
1541 272 1573 310 is
1601 284 1679 313 erat

270 336 468 389 legitimus
489 336 661 374 comitiis
682 334 883 374 habendis.
930 335 991 373 Eo
1021 334 1139 373 modo
1159 334 1328 374 sacerdos
1351 336 1587 377 Climachias
1617 353 1680 378 re-

269 402 468 441 nuntiatus
489 402 555 441 est.
1150 405 1152 407 '

325 468 566 513 Herodotus,
602 481 694 506 curn
723 467 853 506 Roma
887 468 1101 513 revertitur,
1133 467 1283 512 diebus,
1320 477 1363 506 ut
1394 468 1472 521 ipse
1505 471 1678 521 putabat,

269 535 496 588 quindecim
516 544 604 573 ante
624 535 798 580 comitia,
830 534 993 574 offendit
1012 549 1102 573 eum
1124 535 1296 573 mensem
1323 536 1578 582 comitialem,
1610 551 1679 576 co-

269 602 391 640 mitiis
417 603 501 655 jam
521 600 663 640 abhinc
694 602 851 654 triginta
871 601 1006 640 diebus
1026 601 1184 640 habitis.
1222 604 1340 641 Tunc
1368 602 1680 655 Cephaloeditani

269 668 520 707 decreverunt
551 667 838 706 intercalarium
859 682 945 706 XLV
966 668 1045 706 dies
1076 669 1256 721 longum,
1288 678 1331 707 ut
1363 669 1502 722 reliqui
1535 671 1680 709 menses

268 734 311 772 in
342 734 447 773 suam
468 735 658 773 rationem
679 744 965 773 reverterentur.
1003 735 1095 773 Hoc
1115 734 1141 772 fi
1162 736 1300 773 Romae
1319 735 1402 773 fieri
1423 736 1556 788 posset,
1580 748 1682 776 certe

268 800 396 854 aliqua
426 801 572 839 ratione
601 801 848 854 expugnasset
878 802 959 846 iste,
991 811 1034 839 ut
1065 802 1144 840 dies
1177 815 1262 840 XLV
1295 803 1396 841 inter
1427 804 1538 842 binos
1568 804 1682 843 ludos

270 871 510 917 tollerentur,
540 886 607 925 per
627 886 723 925 quos
746 872 843 911 solos
858 873 1056 925 judicium
1078 873 1160 911 fieri
1180 873 1314 926 posset.

325 939 437 976 LIII.
469 939 558 989 Jam
578 952 667 977 vero
689 939 872 977 Censores
904 939 1237 991 quemadmodum
1269 941 1309 977 in
1331 940 1461 978 Sicilia
1485 940 1554 979 isto
1575 942 1680 980 Prae-

269 1013 352 1042 tore
382 1006 497 1042 creati
528 1004 628 1050 sunt,
660 1019 782 1057 operae
813 1006 981 1058 pretium
1014 1005 1067 1043 est
1097 1006 1336 1058 cognoscere.
1384 1007 1456 1045 Ille
1491 1008 1596 1046 enim
1626 1009 1679 1047 est

270 1070 510 1123 magistratus
535 1070 636 1123 apud
658 1071 819 1115 Siculos,
851 1071 915 1108 cui
943 1071 1232 1123 diligentiffime
1255 1072 1458 1110 mandatur
1477 1087 1497 1111 a
1516 1074 1678 1126 populo,

269 1147 427 1189 propter
461 1136 560 1174 hanc
593 1137 758 1182 causam,
794 1138 898 1189 quod
927 1151 1062 1176 ornnes
1098 1138 1216 1176 Siculi
1250 1152 1297 1176 ex
1322 1139 1436 1177 censu
1471 1142 1678 1192 quotannis

271 1204 417 1241 tributa
435 1202 672 1241 conferunt:
706 1204 746 1241 in
778 1204 891 1242 censu
927 1203 1106 1242 habendo
1131 1205 1293 1258 potestas
1325 1207 1451 1245 omnis
1482 1207 1678 1246 existima-

267 1269 384 1307 tionis
405 1267 604 1314 habendae‚
636 1269 874 1322 summaeque
893 1269 1095 1316 faciundae,
1129 1270 1287 1309 Censori
1307 1272 1559 1324 permittitur.
1599 1275 1679 1311 Ita-

268 1349 344 1387 que
365 1349 456 1373 eum
476 1335 658 1388 populus,
691 1337 755 1374 cui
776 1337 988 1375 maximam
1015 1336 1134 1375 fidem
1155 1337 1309 1376 suarum
1336 1352 1464 1377 rerum
1496 1338 1677 1385 habebat,

266 1403 440 1441 maxima
459 1416 550 1440 cura
580 1402 744 1456 deligit;
776 1413 827 1449 et,
860 1413 1016 1457 propter
1041 1405 1352 1457 magnitudinem
1373 1406 1581 1459 potestatis,
1612 1405 1679 1445 hic

267 1469 509 1522 magistratus
540 1483 561 1507 a
591 1469 736 1523 populo
767 1470 918 1509 summa
947 1471 1161 1510 ambiti0ne
1192 1473 1452 1510 contenditur.
1495 1474 1540 1511 In
1568 1487 1610 1511 ea
1639 1487 1678 1512 re

268 1535 336 1574 iste
357 1534 457 1574 nihil
477 1536 635 1574 obscure
655 1536 778 1575 facere
808 1537 947 1583 voluit,
979 1552 1057 1576 non
1088 1539 1127 1576 in
1149 1538 1345 1577 sortitione
1375 1538 1520 1584 fallere,
1552 1553 1678 1592 neque

269 1602 348 1640 dies
377 1603 423 1640 de
459 1602 561 1640 fastis
593 1603 775 1641 eximere.
816 1603 933 1642 Nihil
966 1604 1051 1642 sane
1081 1604 1197 1650 vafre,
1230 1618 1300 1643 nec
1331 1606 1520 1644 malitiose
1554 1606 1678 1644 facere

270 1677 429 1705 conatus
461 1668 539 1712 est3
583 1667 671 1712 sed,
704 1678 746 1706 ut
784 1668 918 1713 studia,
964 1670 1270 1722 cupiditatesque
1298 1669 1519 1716 honorum,
1561 1680 1677 1723 atque

270 1733 501 1771 ambitiones
533 1747 579 1771 ex
611 1734 794 1772 omnibus
825 1735 1047 1773 civitatibus
1079 1735 1244 1781 tolleret,
1276 1751 1361 1789 quae
1392 1751 1447 1774 res
1468 1738 1682 1775 evertendaev

270 1800 492 1852 reipublicae
526 1799 648 1838 solent
682 1799 780 1846 effe,
823 1801 1011 1847 ostendit,
1057 1801 1129 1840 sese
1160 1802 1200 1840 in
1234 1803 1418 1841 omnibus
1453 1804 1675 1841 civitatibus

271 1866 453 1904 Censores
489 1866 559 1904 effe
593 1865 801 1906 facturum.
840 1869 971 1906 Tanto
1003 1879 1172 1907 mercatu
1193 1870 1368 1907 Praetoris
1388 1870 1547 1915 indicto,
1579 1883 1676 1908 con-

268 1933 437 1971 curritur
471 1933 642 1986 undique
686 1935 733 1972 ad
774 1934 891 1973 istum
927 1935 1134 1987 Syracusas.
1181 1936 1384 1989 Flagrabat
1424 1938 1562 1975 domus
1597 1946 1680 1975 tota

271 1999 454 2037 Praetoria
474 1999 598 2037 studio
621 1999 845 2046 hominum,
876 2011 913 2039 et
939 2002 1177 2054 cupiditate:
1209 2016 1279 2040 nec
1300 2003 1460 2048 mirum,
1491 2004 1675 2042 omnibus

270 2065 440 2102 comitiis
462 2074 519 2103 tot
539 2066 741 2104 civitatum
763 2081 880 2105 unam
906 2068 947 2105 in
975 2069 1138 2106 domum
1158 2070 1357 2114 revocatis,
1390 2079 1570 2122 tantaque
1590 2084 1676 2108 am-

269 2130 417 2168 bitione
438 2132 645 2183 provincia:
674 2133 790 2170 totius
812 2133 852 2170 in
875 2147 952 2171 uno
982 2134 1165 2172 cubiCulo
1185 2135 1342 2174 inclusa.
1375 2137 1585 2188 Exquifitis
1606 2150 1676 2189 pa-

269 2197 348 2235 lam
380 2197 526 2248 pretiis,
559 2206 595 2234 et
627 2197 907 2237 licitationibus
928 2198 1052 2245 fastis,
1084 2200 1320 2240 describebat
1353 2202 1534 2240 Censores
1563 2203 1673 2240 binos

271 2263 310 2301 in
333 2263 496 2315 singulas
525 2264 694 2302 civitates
716 2264 1002 2304 Timarchides.
1036 2267 1072 2305 Is
1104 2266 1170 2305 suo
1201 2268 1343 2314 labore,
1375 2269 1523 2320 suisque
1548 2268 1674 2305 acces-

270 2329 453 2375 sionibus,
485 2330 600 2382 hujus
632 2332 802 2384 negotii,
822 2343 948 2384 ratque
979 2334 1102 2386 operis
1137 2335 1311 2372 molestia
1346 2334 1676 2385 consequebatur,

272 2405 315 2432 ut
345 2396 390 2433 ad
418 2396 532 2434 istum
564 2397 640 2435 fine
672 2399 748 2436 ulla
778 2398 1051 2445 sollicitudine,
1084 2400 1234 2438 summa
1263 2400 1424 2451 pecunia
1458 2398 1672 2439 referretur.

272 2461 360 2509 Jam
391 2460 456 2499 hic
477 2462 749 2502 Timarchides
784 2475 967 2517 quantam
999 2467 1202 2518 pecuniam
1230 2465 1376 2509 fecerit,
1408 2465 1517 2516 plane
1546 2465 1674 2503 adhuc

274 2527 500 2577 cognoscere
535 2543 611 2568 non
644 2532 845 2582 potuistis:
893 2542 1142 2570 veruntamen
1180 2531 1304 2584 priore
1335 2532 1504 2576 astione,
1554 2546 1672 2584 quam
