2201 2792
552 151 899 191 ACTIONIS
941 151 994 190 ΙΙ.
1055 150 1265 192 LIBER
1297 152 1370 191 III.
1518 170 1524 176 Ι
1577 153 1655 207 285

247 252 294 292 ad
314 260 428 291 tuum
447 251 635 304 quaestum
656 251 829 289 multum
851 249 970 304 poffet
990 250 1181 296 accedere,
1204 250 1331 289 subito
1351 259 1466 304 atque
1485 264 1531 290 ex
1552 260 1656 291 tem-

247 332 340 373 pore
360 332 457 357 nova
474 317 724 356 nascebantur
744 318 895 355 edista?
927 331 1031 363 nam,
1065 326 1110 356 ut
1139 317 1407 356 vadimonium
1427 317 1658 364 decumano,

247 398 484 437 quocunque
502 385 534 422 is
554 384 682 430 vellet,
705 383 1024 437 promitteretur3
1057 393 1101 422 ut
1121 397 1168 422 ex
1189 397 1284 428 area,
1314 383 1381 422 nifi
1402 384 1534 436 pastus
1555 383 1658 429 effer,

246 460 368 489 arator
387 465 435 489 ne
455 450 607 490 tolleret
622 469 633 497 ς
658 460 701 489 ut
721 460 806 489 ante
827 451 992 489 Kalend.
1017 452 1121 490 Sext.
1145 451 1327 490 decumas
1349 450 1562 503 deportatas
1584 450 1656 488 ha·-

248 518 383 557 berent
399 537 412 564 ;
442 517 526 557 haec
558 518 704 563 omnia,
740 517 902 557 venditis
930 518 1122 563 decumis,
1154 531 1254 556 anno
1286 518 1400 556 tertio
1434 526 1472 555 te
1506 517 1662 556 edixiffe

176 620 185 625 .
248 585 364 623 dico:
396 599 482 637 quae
502 585 529 623 fi
549 585 772 638 reipublicae
806 584 915 622 causa
948 583 1104 630 faceres,
1140 585 1181 622 in
1202 584 1402 622 vendendo
1423 583 1539 622 effent
1567 598 1661 637 pro-

250 651 424 689 nuntiata
438 670 450 696 3
476 651 567 704 quia
587 660 651 690 tua
669 651 778 689 causa
797 650 976 696 faciebas,
999 651 1104 703 quod
1123 661 1201 688 erat
1221 651 1486 703 imprudentia
1504 659 1662 703 praeter-

249 717 421 763 miffum,
443 719 496 764 id,
518 718 676 771 quaestu,
698 732 741 756 ac
762 727 936 772 tempore
956 718 1192 763 admonitus,
1215 717 1505 771 reprehendisti.

303 784 409 823 Illud
429 799 517 824 vero
551 786 614 823 cui
635 786 787 838 probari
820 785 972 838 potest?
1005 794 1041 823 te
1072 785 1149 824 fine
1170 794 1238 824 tuo
1258 784 1418 837 quaestu,
1455 798 1499 822 ac
1533 784 1662 822 maxi-

249 864 316 889 mo
347 851 506 903 quaestu,
539 861 686 890 tantam
721 861 829 890 tuam
861 851 1079 897 infamiam,
1116 861 1268 890 tantum
1300 851 1436 904 capitis
1472 851 1543 896 tui,
1579 849 1662 889 for-

249 926 511 970 tunarumque
537 918 758 971 periculum
787 918 990 971 neglexisse
1005 937 1017 963 3
1051 927 1107 963 ut,
1130 932 1222 956 cum
1245 918 1363 956 totius
1391 917 1529 956 Siciliae
1560 930 1662 969 quo-

250 984 345 1023 tidie
377 984 574 1037 gemitus,
606 985 941 1036 querimoniasque
976 984 1123 1022 audires
1142 1003 1152 1029 ;
1185 998 1298 1029 cum,
1333 993 1375 1022 ut
1409 983 1487 1036 ipse
1517 983 1662 1028 dixisti,

251 1064 362 1089 reum
383 1060 420 1089 te
449 1050 532 1089 fore
551 1060 731 1104 putares;
764 1065 856 1089 curn
877 1050 1035 1103 hujusce
1051 1051 1191 1103 judicii
1212 1051 1418 1089 discrimen
1438 1050 1485 1088 ab
1506 1050 1663 1103 opinio-

250 1131 299 1156 ne
330 1127 396 1156 tua
428 1131 505 1156 non
539 1117 760 1156 abhorreret
777 1137 788 1163 5
835 1127 1003 1170 paterere
1033 1127 1162 1156 tamen
1193 1126 1353 1156 aratores
1390 1117 1663 1170 indignissimis

251 1184 401 1236 injuriis
423 1185 565 1229 vexari,
596 1198 639 1222 ac
659 1185 805 1237 diripi?
838 1184 1030 1229 Profesto,
1059 1198 1282 1236 quanquam
1303 1198 1340 1222 es
1362 1184 1541 1237 fingulari
1572 1197 1663 1222 cru-

251 1250 407 1290 delicate
441 1260 480 1289 et
513 1251 691 1295 audacia;
729 1261 858 1289 tamen
893 1251 957 1289 abs
991 1261 1027 1289 te
1061 1260 1185 1289 totam
1219 1251 1374 1289 alienari
1407 1251 1663 1304 provinciam,

250 1327 311 1356 tot
339 1317 518 1356 homines
553 1317 849 1362 honestissimos,
881 1331 924 1355 ac
956 1317 1291 1370 locupletissimos,
1338 1317 1411 1355 tibi
1445 1316 1665 1355 inimiciffi-

252 1399 338 1424 mos
372 1384 455 1423 fieri
477 1385 625 1430 nolles,
671 1385 739 1423 nisi
766 1384 867 1423 hane
898 1385 1112 1429 rationem,
1149 1394 1187 1422 et
1221 1385 1500 1437 cogitationem
1535 1384 1665 1422 salutis

252 1462 342 1498 tuae,
369 1453 542 1505 pecuniae
577 1452 783 1506 cupiditas,
816 1467 858 1490 ac
890 1452 1050 1505 praesens
1078 1452 1145 1490 illa
1176 1452 1300 1504 praeda
1331 1451 1535 1504 superaret.
1568 1452 1665 1489 Ete-

250 1520 351 1565 nim,
372 1520 558 1572 quoniam
580 1519 788 1564 summam,
810 1528 848 1557 et
868 1532 1077 1557 numerum
1097 1519 1342 1570 injuriarum,
1360 1518 1532 1568 Judices,
1555 1518 1666 1556 vobis

253 1601 332 1625 non
352 1586 505 1640 poffum
536 1600 750 1639 exponere;
783 1587 1009 1638 singillatim
1033 1595 1162 1624 autem
1194 1587 1241 1623 de
1272 1585 1569 1637 uniuscujusque
1600 1585 1665 1623 in-

253 1653 465 1691 commodo
499 1653 626 1691 dicere
646 1652 846 1691 infinitum
878 1652 954 1697 est,
985 1665 1124 1704 genera
1150 1652 1228 1704 ipsa
1258 1652 1502 1703 injuriarum,
1524 1651 1666 1704 quaeso,

254 1719 489 1772 cognoscite.

309 1787 422 1825 XXI.
455 1784 648 1839 Nympho
678 1785 731 1823 est
753 1785 1047 1838 Centuripinus,
1078 1783 1200 1823 homo
1221 1798 1356 1830 navus„
1383 1794 1421 1823 et
1440 1784 1665 1830 industrius,

254 1853 630 1906 experientiffimus,
667 1865 710 1890 ac
745 1851 1056 1905 diligentissimus
1088 1860 1223 1890 arator.
1274 1852 1310 1889 Is
1352 1865 1445 1890 cum
1479 1852 1667 1891 arationes

254 1933 412 1972 magnas
447 1919 653 1958 conduCtas
682 1917 864 1964 haberet,
901 1918 1025 1971 (quod
1063 1916 1243 1956 homines
1271 1918 1388 1956 etiam
1426 1918 1666 1972 locupletes,

256 1986 353 2024 ficut
373 1986 438 2024 ille
458 1986 524 2031 est,
559 1986 601 2023 in
622 1985 752 2023 Sicilia
771 1983 895 2023 facere
926 1984 1235 2036 consueverunt)
1268 1984 1403 2037 easque
1429 1998 1568 2037 magna
1586 1985 1667 2023 im-

258 2052 384 2105 pensa,
418 2065 560 2104 magno
580 2051 834 2089 instrumento
855 2059 1026 2090 tueretur
1040 2069 1053 2096 3
1086 2059 1190 2088 tanta
1210 2050 1257 2088 ab
1278 2050 1348 2089 isto
1369 2051 1575 2103 iniquitate
1594 2065 1668 2104 op-

257 2117 398 2171 pressus
435 2118 501 2163 est,
538 2127 581 2155 ut
617 2131 694 2156 non
729 2117 848 2155 modo
878 2117 1063 2155 arationes
1097 2117 1349 2169 relinqueret,
1383 2117 1445 2155 sed
1479 2119 1595 2156 etiam
1620 2131 1669 2155 ex

259 2184 388 2222 Sicilia
422 2183 658 2237 profugeret,
690 2185 938 2236 Romamque
970 2197 1045 2221 una
1075 2197 1167 2221 cum
1187 2183 1324 2222 multis
1358 2183 1405 2222 ab
1437 2184 1507 2222 isto
1539 2184 1667 2235 ejeftis

257 2251 418 2290 veniret.
456 2250 567 2288 Fecit
589 2258 631 2288 ut
652 2250 888 2288 decumanus
910 2248 1195 2303 Nymphonem
1216 2259 1369 2302 negaret
1389 2263 1436 2287 ex
1455 2249 1580 2286 edicto
1599 2248 1669 2286 illo

257 2317 452 2370 praeclaro,
475 2317 580 2369 quod
601 2316 750 2354 nullam
771 2317 817 2354 ad
837 2317 951 2354 aliam
972 2330 1069 2362 rem,
1097 2316 1166 2354 nisi
1187 2316 1233 2354 ad
1252 2315 1476 2368 hujusmodi
1503 2313 1666 2366 quaestus

259 2383 487 2435 pertinebat,
508 2397 716 2422 numerum
731 2385 916 2436 jugerum
936 2382 1147 2436 profeffum
1167 2382 1251 2420 effe.

316 2448 509 2502 Nympho
542 2463 636 2489 cum
670 2449 706 2488 se
737 2449 852 2490 vellet
883 2463 993 2503 aequo
1021 2449 1172 2502 judicio
1201 2445 1429 2493 defendere,
1463 2445 1531 2484 iste
1565 2445 1666 2485 viros
