2201 2792
592 136 937 176 ACTIONIS
979 137 1033 174 ΙΙ.
1095 136 1303 174 LIBER
1337 137 1409 175 111.
1618 151 1692 189 315

289 239 443 292 ereptis,
466 237 719 292 profugerunt
737 239 750 275 ?
781 251 857 290 qua
879 237 1021 276 ratione
1043 237 1070 274 ii
1092 237 1371 275 revocabuntur
1390 237 1402 273 ?
1435 246 1529 288 quot
1551 237 1692 274 Praeto-

290 318 379 343 rum
399 306 632 350 innocentia,
663 305 920 357 sapientiaque
947 317 1042 358 opus
1073 303 1139 348 est,
1171 312 1214 341 ut
1233 303 1300 341 illa
1330 312 1521 341 aratorum
1557 302 1695 340 multi-

290 370 386 408 tudo
405 371 612 423 aliquando
632 371 672 408 in
692 371 767 408 suis
788 371 901 423 agris,
932 383 975 408 ac
995 369 1146 408 sedibus
1167 369 1408 408 collocetur?

344 437 455 475 LVI.
498 439 587 482 Ac,
624 450 670 475 ne
705 437 905 475 miremini
937 445 1083 474 tantam
1118 435 1418 474 multitudinem
1452 431 1662 487 profugisse
1685 463 1695 477 ,

290 512 475 555 quantam
507 518 554 542 ex
575 504 696 542 literis
727 503 909 557 publicis,
932 513 1203 554 aratorumque
1234 501 1528 555 profeffionibus
1549 514 1696 553 cogno-

289 569 421 614 vistis;
454 570 600 614 scitote,
624 579 770 608 tantam
791 570 1037 608 acerbitatem
1057 569 1178 613 istius,
1201 577 1355 606 tantum
1376 567 1495 606 scelus
1511 568 1552 605 in
1573 576 1696 604 arato—

290 648 347 673 res
369 635 491 682 fuisse,
516 636 761 688 (incredibile
781 636 887 674 dictu
906 635 971 680 est,
993 635 1150 686 Judices
1168 653 1179 680 3
1211 634 1274 672 sed
1300 644 1338 672 et
1358 633 1520 678 factum,
1551 643 1587 671 et
1619 642 1699 670 tota

292 702 422 740 Sicilia
441 703 731 756 pervulgatum)
755 711 798 740 ut
817 701 1012 747 homines,
1034 711 1188 755 propter
1219 701 1392 753 injurias,
1423 700 1699 751 licentiamque

291 767 610 814 decumanorum,
652 778 821 807 mortem
858 769 929 807 fibi
966 768 1036 822 ipsi
1075 767 1342 807 consciverint.
1395 767 1699 819 Centuripinum

290 834 488 881 Dioclem,
511 835 715 874 hominem
745 835 997 888 locupletem,
1032 833 1259 888 suspendisse
1280 834 1315 872 se
1334 833 1493 878 constat,
1525 847 1604 885 quo
1639 833 1699 870 die

291 900 335 939 fit
355 901 391 939 ei
419 902 656 946 nuntiatum,
689 902 912 954 Apronium
947 901 1128 940 decumas
1149 899 1359 938 redemisse,
1392 898 1697 951 Dyrrachinum,

291 968 466 1019 primum
501 969 681 1012 civitatis,
713 968 846 1005 eadem
878 968 1025 1005 ratione
1057 977 1226 1005 mortem
1261 965 1445 1019 oppetisse
1473 966 1571 1003 dixit
1598 965 1698 1017 apud

292 1047 358 1072 vos
379 1033 500 1073 homo
519 1034 791 1079 nobiliffimus,
823 1032 1066 1072 Archonidas
1087 1034 1286 1078 Elorinus,
1317 1047 1411 1071 cum
1437 1031 1593 1070 audisset
1615 1043 1699 1070 tan-

294 1109 380 1138 tum
415 1101 675 1139 decumanum
707 1099 916 1153 professum
958 1100 1028 1138 esse
1063 1114 1110 1138 ex
1146 1100 1270 1138 edieto
1311 1099 1416 1137 istius
1452 1099 1521 1137 fibi
1554 1098 1697 1143 deberi,

293 1175 485 1219 quantum
506 1167 572 1204 ille
606 1167 717 1204 bonis
739 1166 813 1204 suis
834 1167 1019 1205 omnibus
1055 1167 1205 1204 efficere
1236 1179 1314 1204 non
1345 1164 1476 1218 posset.
1510 1166 1606 1203 Haec
1641 1175 1699 1209 tu,

293 1233 442 1271 tametsi
463 1233 642 1271 omnium
658 1231 869 1271 hominum
888 1232 1206 1277 dissolutissimus,
1224 1231 1579 1283 crudeliffimusque
1600 1231 1700 1269 sem-

293 1312 360 1352 per
379 1298 499 1344 fuisti,
531 1308 660 1337 tamen
690 1312 892 1351 nunquam
924 1308 1173 1351 perpeterere,
1205 1307 1403 1351 propterea
1422 1297 1526 1349 quod
1553 1297 1612 1334 illi
1631 1310 1700 1349 ge-

279 1365 428 1410 .mitus‚
450 1364 651 1417 luctusque
669 1365 876 1417 provinciae
897 1364 942 1401 ad
964 1365 1020 1402 tui
1041 1364 1176 1416 capitis
1197 1363 1413 1416 periculum
1432 1362 1700 1415 pertinebant;

295 1445 386 1477 non,
419 1433 594 1484 inquam,
630 1441 878 1484 perpeterere,
912 1441 954 1469 ut
988 1430 1167 1469 homines
1201 1431 1350 1483 injuriae
1381 1440 1455 1468 tuae
1487 1430 1704 1467 remedium

294 1508 433 1543 morte,
470 1513 512 1536 ac
545 1498 746 1551 suspendio
766 1508 991 1551 quaererent,
1029 1498 1097 1536 nifi
1124 1512 1166 1536 ea
1186 1511 1243 1536 res
1278 1497 1324 1535 ad
1354 1497 1556 1550 quaestum,
1588 1506 1627 1534 et
1657 1496 1703 1534 ad

293 1565 459 1617 praedam
481 1574 587 1603 tuam
608 1565 827 1617 pertineret.

352 1631 489 1682 Qid?
521 1630 620 1668 illud
640 1640 874 1683 perpeterere
894 1631 906 1666 ?
939 1630 1154 1674 Attendite,
1177 1629 1358 1681 Judices3
1391 1629 1574 1667 omnibus
1595 1629 1703 1666 enim

297 1698 421 1735 nervis
443 1695 544 1734 mihi
565 1695 846 1734 connitendum
863 1695 929 1740 est,
961 1704 1075 1748 atque
1095 1696 1134 1733 in
1163 1694 1239 1733 hoc
1259 1694 1527 1738 laborandum,
1551 1703 1593 1732 ut
1613 1708 1702 1732 om-

297 1775 362 1800 nes
383 1761 618 1814 intelligant,
649 1775 766 1814 quam
787 1761 1021 1814 improbam,
1044 1775 1162 1813 quam
1184 1760 1440 1805 manifestam,
1467 1773 1585 1812 quarn
1606 1773 1702 1798 con-

296 1828 430 1867 fessam
456 1842 536 1866 rem
559 1828 724 1881 pecunia
750 1828 932 1865 redimere
953 1837 1155 1866 conentur.
1188 1828 1315 1865 Grave
1346 1826 1493 1864 crimen
1526 1826 1578 1864 est
1611 1825 1702 1872 hoc,

296 1905 334 1933 et
353 1894 574 1939 vehemens,
596 1904 647 1939 et,
670 1894 753 1946 post
773 1893 983 1932 hominum
1005 1894 1249 1938 memoriam,
1271 1893 1494 1945 judiciaque
1514 1893 1560 1930 de
1580 1906 1702 1945 pecu-

298 1962 371 2000 niis
394 1961 611 2015 repetundis
632 1961 852 2007 constituta,
873 1960 1152 2013 gravissimum,
1175 1961 1379 1999 Praetorem
1400 1960 1536 2013 populi
1554 1960 1702 1998 Roma-

299 2029 338 2066 ni
359 2029 478 2066 socios
499 2027 669 2065 habuisse
685 2028 933 2066 decumanos.

354 2094 487 2132 LVII.
511 2093 605 2131 Non
625 2092 701 2131 hoc
722 2107 825 2132 nunc
846 2094 1018 2146 primum
1039 2093 1146 2132 audit
1166 2094 1333 2145 privatus
1355 2093 1401 2131 de
1420 2092 1598 2137 inimico,
1620 2106 1702 2130 reus

298 2161 344 2199 ab
361 2159 574 2198 accusatore
593 2174 601 2197 :
628 2160 711 2211 jam
732 2169 840 2197 antea
860 2160 900 2197 in
921 2159 1010 2197 sella
1030 2159 1159 2198 sedens
1181 2160 1336 2204 Praetor‚
1356 2173 1447 2197 cum
1466 2159 1702 2211 provinciam

300 2226 469 2265 Siciliam
490 2226 693 2270 obtineret,
725 2239 816 2264 cum
837 2226 884 2264 ab
916 2226 1097 2264 omnibus
1120 2239 1197 2264 non
1218 2226 1340 2264 solum
1373 2225 1429 2276 (id
1456 2224 1561 2277 quod
1591 2237 1702 2262 com·

300 2306 418 2331 mune
438 2293 507 2345 est)
531 2302 686 2345 propter
706 2293 930 2346 imperium,
967 2292 1029 2330 sed
1053 2293 1170 2330 etiam
1207 2293 1266 2344 (id
1297 2291 1399 2343 quod
1431 2291 1535 2334 istius
1567 2289 1701 2341 pra-<ci-

301 2373 425 2412 puum
444 2359 513 2412 est)
538 2369 692 2412 propter
712 2359 979 2398 crudelitatem
1001 2369 1249 2403 metueretur,
1272 2358 1414 2395 millies
1433 2355 1591 2400 audivit,
1611 2369 1703 2393 cum

301 2426 381 2477 ejus
412 2426 586 2464 animum
618 2426 664 2463 ad
695 2426 999 2479 persequendum
1034 2440 1111 2464 non
1145 2423 1379 2476 negligentia
1414 2421 1598 2466 tardaret,
1641 2422 1703 2459 sed

301 2491 534 2530 conscientia
566 2491 739 2537 sceleris,
771 2494 1009 2546 avaritiaeque
1040 2492 1111 2531 sua:
1145 2490 1372 2530 ressa—naret.
1426 2488 1705 2540 Loquebantur

1282 2555 1317 2591 R
1339 2568 1354 2592 r
1379 2567 1399 2592 2
