2201 2792
396 191 446 231 88
918 187 1272 226 ORATIO

392 293 561 332 dicimus
582 298 620 328 et
641 288 751 328 nobis
772 286 930 332 obstare,
962 295 1001 323 et
1019 284 1177 339 perferri
1203 285 1312 322 nullo
1334 283 1450 322 modo
1470 281 1571 335 poffe
1584 301 1597 328 5
1628 290 1665 320 et
1684 295 1706 320 a
1723 294 1792 320 vo-

393 359 468 403 bis,
491 356 675 410 quoniam
694 353 855 406 potestas
877 353 963 390 data
980 351 1046 396 est,
1067 364 1147 389 non
1166 350 1284 389 modo
1303 348 1504 393 infirmari,
1524 361 1659 386 verum
1678 347 1794 385 etiam

394 423 580 463 vindicari
599 430 788 474 oportere.

450 491 537 542 Ego
568 488 618 525 fic
649 485 826 524 existimo
842 502 853 528 3
886 484 954 536 qui
976 483 1093 535 quaeri
1125 482 1217 520 velit
1237 495 1284 520 ex
1304 482 1364 526 iis,
1396 492 1493 532 quos
1513 480 1671 524 constat,
1703 491 1795 517 cum

395 556 515 594 caedes
536 553 632 592 faena
653 553 710 596 fit,
739 550 895 594 affuisse,
931 563 1022 586 eum
1053 561 1192 601 cupere
1212 561 1345 585 verum
1366 547 1562 591 invenire3
1594 546 1663 598 qui
1682 557 1794 582 recu-

397 621 462 664 set,
494 633 583 657 eum
605 616 790 670 profecto,
823 614 970 652 tametsi
992 613 1105 651 verbo
1133 627 1210 651 non
1230 614 1377 657 audeat,
1413 620 1543 649 tamen
1573 623 1612 648 re
1642 609 1721 662 ipsa
1749 609 1797 646 de

396 685 587 724 maleficio
609 683 674 720 suo
693 681 883 720 confiteri.
935 680 1032 717 Dixi
1053 679 1179 724 initio,
1211 678 1382 730 Judices,
1404 677 1509 716 nolle
1528 690 1591 714 me
1622 675 1731 728 plura
1749 676 1800 713 de·

396 753 555 790 istorum
575 749 711 789 scelere
731 748 869 791 dicere,
902 759 1020 799 quam
1040 745 1148 784 causa
1178 744 1396 799 postularet,
1428 758 1470 782 ac
1497 743 1689 781 necestitas
1718 742 1797 795 ipsa

396 827 561 871 cogeret.
594 816 701 854 Nam
721 823 759 852 et
779 813 912 851 multae
934 826 990 851 res
1009 812 1133 850 afferri
1153 812 1319 865 possunt,
1351 820 1388 849 et
1404 823 1643 863 unaquaeque
1663 821 1795 846 earum

395 885 531 922 multis
551 895 644 920 curn
662 879 899 933 argumentis
920 878 997 916 dici
1016 877 1152 931 potest.
1190 878 1338 916 Verum
1357 890 1443 930 ego,
1465 875 1571 928 quod
1591 875 1734 914 invitus
1754 887 1795 912 ac

395 949 596 988 neceffario
615 947 729 990 facio,
752 958 876 997 neque
897 945 978 989 diu,
1001 957 1124 996 neque
1143 944 1348 996 diligenter
1366 942 1490 980 facere
1508 941 1673 994 pofl‘um.
1699 942 1797 991 Qae

396 1015 576 1068 praeteriri
608 1013 717 1051 nullo
739 1011 855 1049 modo
875 1020 1063 1062 poterant,
1096 1022 1138 1046 ea
1168 1009 1316 1052 leviter,
1338 1008 1509 1058 Judices,
1542 1007 1680 1059 attigi:
1712 1019 1805 1057 quae-

394 1081 513 1132 pofita
533 1079 620 1117 sunt
640 1079 680 1114 in
701 1075 993 1128 suspicionibus,
1029 1074 1077 1112 de
1096 1074 1239 1126 quibus
1260 1073 1286 1111 fi
1317 1085 1469 1125 coepero
1502 1073 1639 1117 dicere,
1671 1071 1796 1124 pluri-

395 1147 466 1184 bus
487 1145 611 1183 verbis
625 1142 669 1180 fit
690 1140 958 1185 differendum,
973 1152 1017 1178 ea
1034 1139 1163 1179 vestris
1183 1139 1347 1191 ingeniis
1361 1139 1665 1190 conjedturaeque
1684 1149 1795 1175 com-

395 1213 524 1250 mitto.
1079 1242 1087 1248 ,

450 1276 602 1314 XLIII.
640 1273 767 1310 Venio
789 1284 892 1310 nunc
912 1270 958 1308 ad
979 1270 1076 1308 illud
1097 1283 1240 1308 nomen
1260 1283 1419 1307 aureum
1441 1267 1697 1321 Chrysogoni,
1728 1267 1797 1306 sub

395 1356 473 1395 quo
494 1341 653 1379 nomine
674 1347 753 1376 tota
773 1337 927 1375 societas
948 1336 1147 1374 statuitur:
1176 1335 1223 1373 de
1244 1348 1336 1387 quo,
1359 1334 1530 1386 Judices,
1552 1347 1678 1386 neque
1697 1347 1799 1386 quo·

395 1408 514 1446 modo
535 1407 676 1449 dicam,
700 1417 823 1457 neque
844 1402 1042 1456 quomodo
1064 1410 1224 1446 taceam,
1246 1401 1410 1454 reperire
1429 1401 1593 1454 possum.
1632 1401 1671 1438 Si
1691 1400 1798 1438 enim

395 1482 502 1512 taceo
515 1491 526 1518 ;
559 1471 618 1510 vel
638 1461 849 1508 maximam
870 1477 1018 1521 partem
1038 1467 1214 1520 relinquo
1233 1481 1242 1505 :
1274 1466 1328 1505 fin
1349 1475 1477 1504 autem
1507 1466 1621 1511 dico;
1653 1478 1798 1510 vereor,

396 1553 445 1578 ne
465 1552 543 1577 non
573 1537 639 1575 ille
659 1536 758 1574 solus
790 1534 847 1586 (id
868 1534 973 1586 quod
999 1533 1045 1572 ad
1076 1547 1139 1572 me
1169 1531 1268 1571 nihil
1290 1533 1443 1585 attinet)
1466 1532 1530 1570 sed
1549 1532 1615 1570 alii
1642 1544 1798 1584 quoque

396 1606 524 1658 plures
546 1603 647 1641 laesos
669 1601 704 1639 se
723 1600 793 1638 effe
814 1608 964 1653 putent.
1007 1598 1177 1637 Tametsi
1198 1599 1252 1636 ita
1272 1598 1306 1636 se
1338 1612 1394 1637 res
1415 1598 1545 1643 habet,
1574 1607 1617 1636 ut
1637 1596 1738 1635 mihi
1759 1597 1799 1634 in

396 1682 652 1708 communem
673 1666 822 1704 causam
843 1666 1031 1703 se&0rum
1059 1664 1270 1714 dicendum
1290 1662 1390 1702 nihil
1417 1676 1649 1716 magnopere
1668 1662 1798 1700 videa-

397 1746 472 1775 tur.
505 1736 604 1774 Haec
625 1733 728 1771 enim
750 1732 857 1770 causa
874 1745 970 1769 nova
985 1730 1171 1784 profedio,
1193 1740 1231 1769 et
1250 1731 1448 1784 fingularis
1468 1731 1534 1769 est.

454 1804 652 1840 Bonorum
675 1801 760 1837 Sex.
784 1797 915 1836 Roscii
947 1807 1100 1850 emptor
1131 1797 1183 1835 est
1203 1796 1491 1849 Chrysogonus.
1524 1792 1702 1834 Primum
1722 1793 1798 1831 hoc

395 1868 605 1911 videamus,
639 1866 718 1916 ejus
753 1863 924 1901 hominis
953 1864 1052 1900 bona
1073 1877 1148 1914 qua
1178 1862 1323 1900 ratione
1354 1863 1568 1905 venierunt,
1599 1868 1664 1897 aut
1698 1872 1798 1911 quo-

395 1933 514 1971 modo
534 1932 662 1970 venire
683 1928 921 1981 potuerunt?
954 1929 1085 1979 Atque
1119 1926 1195 1964 hoc
1229 1941 1306 1965 non
1339 1927 1392 1964 ita
1420 1940 1601 1978 quaeram,
1625 1925 1796 1976 Judices,

398 2008 442 2036 ut
472 1998 511 2035 id
546 1996 672 2033 dicam
707 1994 777 2031 effe
812 1993 1033 2045 indignum,
1068 1992 1239 2030 hominis
1271 1992 1487 2030 innocentis
1517 1992 1617 2030 bona
1647 1989 1798 2028 venisse.

399 2064 434 2100 Si
458 2063 562 2101 enim
584 2061 665 2099 hsce
685 2060 902 2103 audientur,
933 2072 976 2096 ac
998 2058 1115 2096 libere
1146 2058 1349 2103 dicentur;
1382 2072 1459 2096 non
1480 2057 1555 2095 fuit
1577 2065 1703 2095 tantus
1725 2054 1799 2093 ho-

397 2143 464 2167 mo
494 2130 578 2166 Sex.
614 2125 775 2164 Roscius
808 2125 846 2162 in
876 2125 1041 2169 civitate,
1088 2133 1131 2162 ut
1160 2125 1206 2162 de
1240 2138 1284 2162 eo
1314 2124 1554 2177 potiffimum
1584 2136 1798 2175 conquera-

398 2209 500 2232 mur.
534 2194 680 2230 Verum
702 2191 776 2228 hoc
798 2204 868 2242 egr)
890 2204 1032 2242 quaero,
1064 2191 1132 2243 qui
1151 2200 1361 2242 potuerunt
1388 2190 1455 2228 istst
1474 2189 1554 2242 ipszi
1583 2189 1680 2240 lege,
1714 2200 1798 2239 quae

396 2262 443 2298 de
464 2259 739 2313 proscriptione
772 2256 836 2300 est,
871 2256 943 2292 five
965 2256 1114 2293 Valeria
1143 2256 1209 2300 est,
1246 2256 1317 2294 five
1339 2255 1532 2298 Cornelia,
1567 2254 1661 2304 (non
1692 2253 1796 2289 enim

399 2327 502 2370 novi,
538 2338 607 2362 nec
638 2324 731 2374 scio)
769 2335 901 2359 verum
936 2321 1003 2358 ista
1034 2321 1114 2373 ipsa
1141 2321 1238 2373 lege,
1276 2322 1376 2358 bona
1405 2323 1488 2358 Sex.
1514 2319 1643 2357 Roscii
1667 2318 1798 2355 *venire

398 2392 465 2442 qui
497 2389 735 2442 potuerunt?
769 2387 964 2438 Scriptum
995 2387 1100 2424 enim
1132 2387 1183 2423 ita
1215 2387 1350 2423 dicunt
1377 2385 1460 2429 effe,
1495 2386 1544 2423 Ut
1564 2398 1679 2422 eorum
1710 2382 1799 2420 bona

397 2465 565 2499 veneant,
599 2457 661 2508 qui
681 2454 880 2507 pmsc'v‘ipti
897 2454 1019 2506 fimt3
1053 2466 1131 2505 quo
1163 2453 1201 2489 in
1234 2465 1394 2489 numero
1416 2453 1499 2489 Sex.
1525 2450 1686 2488 Roscius
1722 2463 1798 2486 non

397 2522 475 2560 cst:
508 2532 573 2560 aut
599 2536 729 2565 eorum,
763 2520 826 2573 qni
857 2520 893 2558 in
913 2519 1200 2573 advmsszriorztm
1222 2518 1399 2571 prass'dils
1418 2517 1627 2570 occg'ſsstmt.
1688 2516 1798 2554 Dum
