2201 2792
543 189 622 228 422
973 175 1074 214 IN
1146 174 1528 214 VERREM

541 279 716 331 ignorare
735 275 879 328 poffitis
897 293 908 320 3
932 288 1010 313 non
1030 275 1076 313 ad
1096 274 1343 324 QMaximi
1364 274 1602 326 sapientiam,
1624 285 1749 325 neque
1769 272 1815 311 ad
1835 272 1939 310 illius

540 343 743 397 superioris
766 341 941 380 Africani
972 342 1013 379 in
1045 354 1083 378 re
1109 341 1274 392 gerenda
1293 340 1542 385 celeritatem,
1579 353 1706 392 neque
1740 340 1785 377 ad
1807 338 1937 391 huju8‚

534 411 613 462 .qui
634 409 757 462 postea
777 407 867 452 fuit,
888 407 1074 459 singulare
1095 406 1314 450 confilium,
1333 419 1456 457 neque
1475 406 1522 443 ad
1542 406 1653 444 Pauli
1674 406 1875 450 rationem,
1898 417 1940 442 ac

544 476 803 528 disciplinam,
826 487 950 525 neque
971 473 1017 510 ad
1039 474 1087 510 C.
1111 472 1229 510 Marii
1249 472 1346 516 vim,
1376 481 1492 523 atque
1522 471 1721 516 virtutem,
1755 471 1816 509 sed
1836 470 1941 509 aliud

544 556 665 596 genus
687 541 928 594 imperatoris
950 539 1034 577 sane
1055 538 1261 591 diligenter
1280 538 1542 583 retinendum,
1564 547 1602 576 et
1622 537 1939 581 conservandum,

547 608 686 662 quaeso,
708 607 942 660 cognoscite.

601 676 791 713 Itinerum
812 673 985 726 primum
1007 671 1194 716 laborem,
1229 671 1298 723 qui
1317 670 1377 709 vel
1398 670 1591 709 maximus
1618 670 1671 708 est
1700 671 1741 708 in
1762 683 1800 708 re
1835 668 1942 708 mili-

546 742 630 785 tari,
653 741 823 792 Judices,
859 748 896 777 et
918 741 958 776 in
989 738 1119 776 Sicilia
1139 738 1309 775 maxime
1344 736 1580 782 necessarius,
1612 737 1788 790 accipite,
1825 749 1944 788 quam

547 807 702 845 facilem
725 807 793 844 fibi
813 806 893 850 iste,
924 815 962 842 et
987 804 1226 856 jucundum,
1258 804 1416 848 ratione,
1452 803 1689 855 consilioque
1724 802 1943 840 reddiderit.

548 875 728 912 Primum
755 871 996 924 temporibus
1027 869 1215 915 hibernis,
1247 869 1291 906 ad
1327 869 1638 921 magnitudinem
1670 858 1876 920 frigorum,
1908 876 1945 904 et

548 941 593 978 ad
615 938 887 991 tempestatum
909 938 989 975 vim
1024 950 1066 974 ac
1093 936 1318 981 fluminum,
1350 935 1574 988 praeclarum
1608 935 1678 972 fibi
1710 933 1786 972 hoc
1821 947 1945 972 reme-

547 1008 658 1045 dium
689 1013 940 1057 compararat.
973 1003 1124 1040 Urbem
1156 1002 1350 1053 Syracusas
1387 1002 1580 1054 elegerat;
1612 1002 1721 1054 cujus
1742 1000 1808 1038 hic
1840 1000 1930 1038 situs

548 1084 663 1126 atque
684 1072 765 1110 haec
787 1080 920 1110 natura
939 1069 1009 1107 esse
1043 1070 1135 1114 loci,
1167 1069 1327 1121 caelique
1347 1069 1503 1114 dicitur,
1537 1078 1580 1107 ut
1609 1068 1740 1106 nullus
1776 1080 1948 1119 unquam

549 1141 628 1178 dies
651 1150 728 1178 tam
761 1151 912 1190 magna,
945 1136 1243 1188 turbulentaque
1274 1135 1498 1188 tempestate
1531 1134 1663 1180 fuerit,
1694 1134 1791 1186 quin
1819 1134 1950 1185 aliquo

550 1218 724 1259 tempore
758 1207 839 1256 ejus
861 1204 937 1241 diei
958 1203 1076 1241 solem
1108 1201 1286 1240 homines
1308 1202 1492 1239 viderent.
1525 1203 1606 1240 Hic
1632 1202 1684 1239 ita
1703 1201 1854 1238 vivebat
1884 1199 1949 1237 iste

548 1274 671 1310 bonus
707 1272 914 1322 imperator
947 1267 1119 1305 hibernis
1156 1267 1362 1311 mensibus,
1395 1276 1437 1304 ut
1468 1280 1559 1304 eum
1591 1281 1668 1305 non
1702 1265 1829 1310 facile,
1869 1278 1946 1302 non

551 1338 668 1376 modo
690 1347 795 1374 extra
815 1337 974 1379 tectum,
1010 1334 1071 1372 sed
1093 1347 1140 1371 ne
1167 1343 1272 1371 extra
1305 1333 1450 1370 lectum
1482 1333 1642 1384 quidem
1664 1332 1868 1384 quisquam
1890 1332 1949 1368 vi-

552 1406 670 1442 deret.
719 1404 776 1440 Ita
811 1402 885 1439 dici
922 1402 1100 1444 brevitas,
1132 1400 1345 1443 convivii&
1379 1400 1500 1437 noctis
1536 1399 1765 1451 longitudo,
1798 1398 1948 1450 stupris,

551 1481 590 1508 et
625 1470 779 1522 flagitiis
814 1468 1097 1505 conterebatur.
1144 1467 1249 1503 Cum
1281 1475 1409 1503 autem
1445 1465 1599 1503 vereffe
1630 1473 1810 1517 coeperat,
1841 1465 1950 1516 cujus

552 1537 713 1575 initium
734 1534 800 1572 iste
821 1548 898 1572 non
919 1547 940 1570 a
960 1532 1145 1577 Favonio,
1177 1545 1302 1583 neque
1325 1531 1371 1568 ab
1392 1531 1523 1583 aliquo
1543 1530 1638 1569 astro
1658 1530 1841 1576 notabat3
1874 1530 1950 1575 sed,

553 1617 645 1642 cum
667 1601 787 1639 rosam
808 1600 966 1644 viderat,
998 1608 1091 1637 tunc
1111 1598 1281 1650 incipere
1300 1611 1364 1635 ver
1395 1596 1648 1635 arbitrabatur
1663 1615 1675 1643 ς
1707 1597 1820 1634 dabat
1840 1597 1874 1634 se
1894 1596 1951 1634 la-

554 1669 652 1714 bori,
684 1677 799 1720 atque
829 1666 1047 1711 itineribus,
1079 1665 1119 1702 in
1141 1664 1285 1718 quibus
1317 1663 1437 1716 usque
1457 1677 1502 1701 eo
1523 1663 1558 1701 se
1589 1663 1782 1716 praebebat
1802 1663 1952 1716 patien-

554 1747 649 1780 tem,
671 1743 787 1786 atque
807 1734 1037 1786 impigrum,
1061 1742 1104 1770 ut
1120 1744 1211 1769 eum
1230 1744 1346 1769 nemo
1368 1743 1541 1783 unquam
1563 1730 1604 1768 in
1631 1743 1732 1783 equo
1759 1729 1953 1769 sedentem

554 1803 712 1844 videret.

610 1868 682 1906 XI.
715 1866 837 1910 Nam,
874 1874 917 1902 ut
938 1878 1022 1903 mos
1057 1863 1133 1902 fuit
1167 1862 1359 1915 Bithyniae
1390 1862 1557 1915 regibus,
1589 1862 1723 1899 lectica
1742 1860 1954 1914 octophoro

557 1934 772 1976 ferebatur5
805 1932 844 1968 in
866 1945 941 1982 qua
961 1931 1142 1983 pulvinus
1163 1938 1241 1966 erat
1268 1929 1502 1981 perlucidus,
1535 1927 1730 1966 Melitenfi
1754 1928 1832 1966 rosa
1851 1927 1953 1966 farc-

559 2010 647 2038 tus:
680 1997 757 2049 ipse
778 2005 908 2033 autem
943 2008 1126 2034 coronam
1152 1993 1318 2032 habebat
1342 2007 1457 2031 unam
1489 1994 1528 2031 in
1556 1994 1693 2046 capite,
1728 1993 1884 2031 alteram
1915 1994 1955 2032 in

557 2064 674 2109 collo,
694 2062 977 2114 reticulumque
998 2062 1043 2099 ad
1060 2074 1164 2099 nares
1179 2061 1248 2098 fibi
1269 2061 1509 2104 admovebat,
1536 2060 1853 2105 tenuiffirnolino,
1877 2061 1956 2099 mi-

559 2132 664 2170 nutis
686 2130 863 2173 maculis,
883 2130 1040 2181 plenum
1063 2128 1164 2166 rosae.
1189 2128 1249 2165 Sic
1263 2127 1441 2166 confeCro
1462 2128 1609 2172 itinere,
1627 2141 1719 2165 cum
1736 2127 1781 2164 ad
1801 2127 1957 2179 aliquod

549 2198 749 2251 ,oppidum
772 2204 937 2239 venerat,
955 2195 1086 2233 eadem
1108 2194 1243 2231 lectica
1263 2193 1382 2246 usque
1399 2195 1439 2232 in
1453 2194 1680 2232 cubiculum
1702 2191 1955 2231 deferebatur.

560 2265 621 2302 Eo
643 2262 845 2300 veniebant
861 2260 1079 2298 Siculorum
1101 2259 1356 2310 magistratus,
1375 2259 1578 2297 veniebant
1594 2259 1742 2310 equites
1758 2258 1924 2295 Romani
1943 2276 1954 2302 3

562 2331 601 2369 id
622 2329 726 2382 quod
747 2342 793 2366 ex
826 2327 960 2365 multis
982 2326 1119 2379 juratis
1142 2325 1320 2364 audistis:
1354 2325 1614 2363 controversiae
1640 2324 1781 2362 secreto
1807 2323 1956 2361 defere-

562 2398 728 2440 bantur;
761 2394 874 2448 paulo
911 2393 993 2446 post
1024 2392 1150 2445 palam
1182 2391 1331 2429 decreta
1361 2390 1643 2429 auferebantur.
1687 2390 1853 2436 Deinde,
1890 2391 1958 2428 ubi

562 2463 750 2517 paulisper
770 2462 809 2499 in
828 2460 1025 2505 cubiculo,
1044 2459 1180 2513 pretio,
1196 2472 1272 2495 non
1293 2459 1470 2510 acquitate
1485 2459 1572 2509 jura
1588 2457 1853 2511 descripseram
1875 2458 1956 2496 Ve-

560 2530 644 2570 neri
659 2529 757 2581 jam,
778 2539 815 2566 et
837 2528 980 2566 Libero
1001 2527 1197 2579 reliquum
1218 2533 1371 2578 tempus
1393 2524 1521 2563 deberi
1541 2524 1806 2563 arbitrabatur.
