2201 2792
591 189 937 229 ACTIONIS
975 191 1027 229 ΙΙ.
1089 191 1298 231 LIBER
1337 195 1410 233 III.
1621 198 1693 237 281

290 286 435 326 mirum
456 285 680 326 videretur?
714 289 824 340 Qid
851 303 953 336 vero,
990 290 1018 329 fi
1037 304 1163 344 praeco
1194 292 1374 331 decumas
1405 295 1669 346 pronuntiavit
1685 316 1695 339 ;

290 366 330 391 re
349 367 448 400 vera,
469 353 546 393 hoc
566 355 632 400 est,
656 356 752 409 lege,
775 356 914 402 edicto,
934 358 1157 396 conditione
1177 358 1265 411 plus
1286 360 1418 405 etiam,
1439 374 1557 412 quam
1578 361 1697 399 dimi—

289 420 420 459 midiae
440 422 673 461 venierunt?
706 433 835 461 tamen
866 423 942 462 hoc
963 425 1036 463 tibi
1066 426 1292 478 praeclarum
1318 427 1488 480 putabis,
1522 436 1557 465 te
1578 428 1698 481 pluris

289 488 396 540 quod
416 503 495 527 non
516 489 670 535 licebat,
693 504 810 543 quam
831 500 986 530 caeteros
1007 493 1112 545 quod
1133 494 1347 546 oportebat,
1370 494 1605 533 vendidiffe?

345 555 472 594 Pluris
493 556 649 595 vendidi
669 558 864 603 decumas,
898 572 1016 611 quam
1046 560 1186 598 caeteri.
1230 561 1385 613 Qibus
1407 562 1519 600 rebus
1546 562 1586 599 id
1607 561 1698 599 asse-

289 629 402 660 cutus
423 623 490 660 es?
521 623 776 662 Innocentia?
808 624 958 678 adspice
988 625 1109 664 aedem
1132 625 1320 665 Castoris:
1350 627 1500 674 deinde,
1524 628 1549 666 s1
1570 628 1699 672 audeS‚

289 685 351 725 fac
371 689 614 727 mentionem
640 690 883 730 innocentiae.
915 691 1160 744 Diligentia?
1196 693 1340 731 codicis
1360 693 1493 733 lituras
1526 695 1583 732 tui
1604 708 1700 733 con-

289 755 476 807 templare
505 755 546 794 in
568 754 719 795 Sthenii
739 756 992 796 Thermitani
1011 759 1170 797 nomine
1190 773 1198 797 ε
1236 760 1373 798 deinde
1392 761 1490 799 aude
1520 771 1557 800 te
1577 762 1702 799 dicere

290 819 536 873 diligentem.
569 823 732 876 Ingenio
750 823 762 860 ?
785 824 853 876 qui
874 824 983 863 testes
1005 826 1230 878 interrogari
1250 827 1375 880 priore
1394 828 1542 866 actione
1562 828 1698 865 nolue-

289 887 356 932 ris,
384 896 422 926 et
442 888 489 926 iis
506 888 670 928 tacitum
686 903 726 928 os
745 898 857 928 tuum
875 891 1041 944 praebere
1062 892 1257 938 malueris,
1273 895 1523 945 quantumvis
1540 903 1577 932 et
1594 904 1644 939 te,
1662 903 1699 931 et

292 962 472 1005 patronos
493 963 595 1001 tuos,
617 956 834 1009 ingeniosos
855 958 926 996 effe
946 958 1079 997 dicito.
1120 960 1210 1011 Qa
1230 973 1268 997 re
1288 960 1408 1012 igitur
1426 960 1480 1006 id,
1505 962 1611 1013 quod
1631 961 1698 1005 ais,

291 1019 476 1059 assecutus
497 1034 535 1059 es
555 1022 567 1058 ?
598 1022 746 1075 Magna
776 1023 829 1061 est
857 1024 962 1062 enim
984 1025 1078 1070 laus,
1108 1025 1133 1063 fi
1153 1026 1362 1079 superiores
1384 1027 1543 1065 confilio
1562 1028 1698 1071 vicisti,

289 1086 563 1139 posterioribus
590 1089 816 1142 exemplum
837 1099 951 1142 atque
972 1092 1235 1130 auctoritatem
1268 1093 1467 1145 reliquisti.
1501 1095 1596 1132 Tibi
1618 1093 1700 1132 for-

291 1152 380 1191 taffe
400 1153 561 1192 idoneus
582 1153 659 1192 fuit
680 1169 809 1200 nemo,
831 1170 949 1209 quem
970 1158 1177 1196 imitarere.
1210 1161 1264 1197 At
1286 1169 1321 1197 te
1343 1159 1534 1204 videlicet,
1562 1161 1699 1199 inven-

292 1227 418 1257 torem
438 1233 567 1257 rerum
587 1221 839 1272 optimarum,
862 1236 904 1260 ac
924 1223 1156 1276 principem,
1178 1225 1436 1263 imitabuntur
1455 1239 1605 1264 omnes,

348 1286 449 1336 Qis
470 1295 677 1333 aratorum,
699 1297 736 1325 te
757 1289 936 1334 Praetore,
970 1289 1177 1328 decumam
1198 1290 1331 1328 dedit?
1360 1292 1446 1344 quis
1468 1291 1559 1330 duas
1579 1292 1592 1328 ?
1615 1294 1701 1345 quis

260 1400 265 1403 ‚
289 1365 370 1391 non
390 1353 565 1392 maximo
585 1353 620 1392 se
654 1353 836 1394 affectum
858 1356 1046 1395 beneficio
1064 1357 1229 1410 putavit,
1262 1371 1355 1395 cum
1377 1358 1499 1396 tribus
1528 1359 1702 1397 decumis

289 1433 362 1474 pro
395 1434 472 1459 una
505 1419 803 1474 defungeretur,
835 1433 970 1477 praeter
996 1438 1163 1477 paucos,
1197 1425 1266 1478 qui
1297 1434 1452 1478 propter
1482 1426 1703 1465 societatem

289 1485 485 1526 furtorum
517 1497 675 1527 tuorum
703 1488 804 1527 nihil
836 1490 1000 1529 omnino
1027 1491 1241 1529 dederunt?
1273 1492 1387 1537 Vide,
1420 1492 1520 1530 inter
1550 1493 1701 1546 impor-

291 1554 500 1594 tunitatem
532 1563 654 1600 tuam,
688 1555 912 1609 senatusque
946 1557 1176 1603 bonitatem,
1207 1558 1303 1610 quid
1334 1559 1494 1597 interfit.
1527 1560 1701 1605 Senatus,

292 1633 387 1658 curn
407 1621 649 1673 temporibus
675 1623 897 1675 reipublicoe
917 1624 1082 1676 cogitur,
1116 1633 1160 1662 ut
1180 1624 1371 1670 decernat,
1404 1634 1448 1663 ut
1481 1626 1606 1664 alterae
1633 1627 1702 1665 de-

291 1699 417 1726 cumae
437 1688 654 1740 exigantur,
686 1689 740 1726 ita
770 1689 956 1736 decernit,
990 1700 1033 1728 ut
1053 1691 1216 1743 pecunia
1246 1705 1316 1744 pro
1336 1691 1397 1730 his
1429 1692 1604 1731 decumis
1626 1693 1701 1731 sol-

292 1761 403 1791 vatur
422 1753 632 1792 aratoribus
648 1773 661 1800 3
694 1764 750 1800 ut,
773 1755 878 1808 quod
899 1756 985 1809 plus
1006 1756 1185 1802 sumitur,
1207 1771 1324 1810 quam
1345 1757 1519 1803 debetur,
1552 1758 1592 1796 id
1609 1760 1701 1804 emi,

291 1833 371 1857 non
388 1818 540 1865 auferri,
558 1829 729 1873 putetur.
752 1823 833 1867 Tu,
850 1835 943 1861 cum
965 1832 1022 1861 tot
1037 1823 1217 1862 decumas
1237 1837 1315 1862 non
1336 1824 1701 1871 senatus-consulto,

291 1885 355 1924 sed
375 1887 482 1925 novis
506 1887 640 1926 edictis
663 1889 753 1934 tuis,
786 1888 1016 1942 nefariisque
1036 1889 1219 1928 institutis
1240 1890 1423 1943 exigereS,
1455 1901 1493 1929 et
1523 1892 1701 1945 eriperes,

292 1965 482 2006 magnum
517 1961 555 1991 te
588 1952 715 1993 fecisse
748 1955 993 2001 arbitrabere,
1025 1956 1049 1994 fi
1085 1956 1205 2009 pluris
1237 1957 1463 2001 vendideris,
1501 1972 1619 2010 quam
1652 1959 1701 1997 L.

293 2018 539 2064 Hortensius,
560 2029 665 2072 pater
685 2020 791 2060 istius
811 2023 1096 2075 QHortenfii‚
1119 2036 1236 2074 quam
1251 2024 1327 2061 Cn.
1344 2024 1567 2076 Pompeius,
1585 2038 1702 2077 quam

294 2083 358 2121 M.
382 2084 620 2131 Marcellus,
653 2087 721 2139 qui
741 2088 788 2126 ab
808 2089 1000 2140 aequitate,
1023 2089 1069 2127 ab
1090 2089 1187 2142 lege,
1209 2089 1256 2128 ab
1276 2090 1460 2128 institutis
1483 2105 1559 2130 non
1582 2090 1701 2129 secesm

295 2150 421 2188 serunt
440 2151 454 2187 ?

349 2218 483 2256 XVII.
516 2220 580 2257 An
602 2219 675 2258 tibi
696 2220 810 2259 unius
837 2221 927 2259 anni
948 2231 1012 2260 aut
1034 2222 1179 2261 biennii
1201 2223 1296 2261 ratio
1316 2222 1490 2262 habenda
1509 2223 1612 2267 fuit3
1646 2222 1700 2260 fii—

293 2283 352 2322 lus
387 2285 614 2337 provinciae,
649 2287 857 2326 commoda
892 2289 945 2326 rei
975 2288 1248 2335 frumentariae,
1282 2292 1376 2328 ratio
1409 2288 1629 2342 reipublicae
1660 2289 1700 2325 in

291 2350 487 2402 posterum
507 2351 585 2391 fuit
618 2354 877 2407 negligenda?
908 2369 1001 2394 cum
1033 2356 1085 2394 ita
1105 2371 1185 2394 rem
1208 2357 1456 2394 constitutam
1488 2353 1700 2407 accepisses,

294 2424 339 2453 ut
369 2425 407 2455 et
436 2419 584 2471 populo
604 2420 786 2460 Romano
811 2421 896 2461 satis
927 2421 1115 2461 frumenti
1148 2437 1194 2460 ex
1227 2422 1356 2459 Sicilia
1386 2420 1701 2473 suppeditaretur,

294 2490 333 2520 et
362 2485 571 2525 aratoribus
605 2496 734 2528 tamen
760 2503 875 2535 arare,
907 2499 1021 2542 atque
1052 2503 1160 2541 agros
1181 2489 1305 2527 coiere
1335 2488 1564 2540 expediret?
1597 2488 1702 2538 Qid

377 2549 416 2588 T
431 2563 454 2588 ο
470 2563 522 2590 Μ.
554 2553 627 2593 IV.
1305 2555 1345 2593 N
1376 2569 1401 2592 n
