2201 2792
562 231 639 271 310
988 217 1079 256 IN
1150 217 1534 256 VERREM

548 318 621 358 ‘ore
641 317 765 358 fecisti
782 319 794 356 ?
827 317 1028 356 Nummos
1050 316 1163 354 dabat
1183 325 1317 355 arator.
1354 316 1566 368 Qomodo
1584 316 1598 354 ?
1629 324 1695 355 aut
1715 316 1816 355 unde
1834 317 1847 354 ?
1879 317 1962 370 qui,

557 386 583 424 s1
605 385 832 439 largiffimus
853 383 924 422 effe
943 383 1072 427 vellet,
1104 382 1360 421 cumulatiore
1381 383 1555 421 mensura
1575 392 1759 428 uteretur,
1792 393 1836 422 ut
1856 393 1964 422 antea

557 451 728 491 solebant
747 451 871 489 facere
903 451 943 488 in
970 450 1160 494 decumis,
1191 463 1285 487 cum
1315 463 1421 501 aequa
1451 449 1550 502 lege,
1581 459 1619 489 et
1652 450 1876 488 conditione
1896 463 1963 488 ve-

557 519 706 557 nibant.
731 518 766 555 Is
785 530 996 555 nummum
1017 515 1152 553 dabat?
1175 515 1305 553 unde?
1327 515 1373 553 de
1391 514 1619 554 frumento?
1641 516 1743 568 quasi
1761 515 1962 561 habuiffet,

557 594 595 623 te
616 587 793 628 Praetore,
816 583 921 636 quod
942 582 1133 620 venderet.
1166 582 1229 619 De
1249 582 1336 619 vivo
1356 581 1475 634 igitur
1506 590 1584 619 erat
1617 582 1764 634 aliquid
1793 582 1964 620 resecan-

557 652 667 697 dum,
691 660 734 690 ut
754 651 856 695 effet,
889 649 989 688 unde
1008 648 1184 702 Apronio
1203 648 1249 686 ad
1270 648 1356 687 illos
1377 647 1524 687 fruetus
1546 649 1763 687 arationum
1798 647 1873 686 hoc
1894 662 1964 687 co-

557 719 757 757 rollarium
779 729 1034 755 nummorum
1065 714 1278 752 adderetur.
1312 716 1400 766 Jam
1431 715 1471 752 id
1491 728 1605 768 porro
1631 724 1764 753 utrum
1785 715 1963 759 libentes,

556 799 603 822 an
625 784 750 828 inviti,
769 782 938 821 dabant?
960 781 1173 820 Libentes?
1196 780 1389 825 amabant,
1410 780 1538 825 credo,
1557 781 1793 833 Apronium.
1818 780 1961 819 Inviti?

556 865 632 903 qua
653 864 704 895 re,
728 850 795 888 nisi
817 849 868 893 vi,
890 858 927 886 et
948 847 1065 892 malo,
1088 847 1324 899 cogebantur
1342 847 1355 882 ?
1387 848 1475 897 Jam
1495 847 1574 892 iste,
1611 846 1731 885 homo
1752 846 1963 885 amentiffi-

555 930 659 961 mim,
683 917 722 954 in
744 915 952 953 vendendis
974 913 1162 958 decumis,
1195 926 1450 951 nummorum
1479 913 1644 951 faciebat
1663 913 1888 951 acceffiones
1919 912 1965 950 ad

556 983 720 1036 fingulas
742 982 921 1020 decumas
940 999 951 1025 ;
986 993 1111 1032 neque
1131 979 1320 1024 multum,
1353 978 1456 1024 bina,
1484 988 1549 1017 aut
1570 988 1675 1017 terna
1705 979 1831 1017 millia
1849 979 1966 1016 adde-

558 1051 635 1088 bat.
669 1050 789 1088 Fiunt
816 1062 882 1102 per
916 1047 1128 1085 triennium
1160 1046 1252 1084 H-S
1287 1045 1438 1084 fortaffe
1473 1059 1517 1085 11)
1548 1045 1685 1084 millia.
1714 1047 1806 1084 Hoc
1840 1052 1966 1098 neque

555 1116 738 1169 exemplo
757 1114 1000 1167 cujusquam,
1022 1126 1148 1166 neque
1168 1112 1249 1150 ullo
1264 1113 1351 1165 jure
1371 1111 1463 1150 fecit
1477 1131 1490 1157 ;
1513 1125 1637 1164 neque
1656 1126 1739 1151 eam
1760 1113 1966 1165 pecuniam

557 1183 688 1220 retulit
705 1201 715 1226 ;
750 1195 887 1234 neque,
921 1179 996 1218 hoc
1018 1193 1179 1232 parvum
1208 1179 1359 1216 crimen
1390 1179 1721 1231 quemadmodum
1742 1177 1964 1217 defensurus

556 1250 615 1294 fit,
636 1248 759 1287 homo
779 1247 985 1300 quisquam
1007 1259 1180 1297 unquam
1200 1245 1446 1297 excogitavit.

613 1315 732 1367 Qod
751 1328 842 1353 cum
863 1313 917 1350 ita
936 1313 994 1358 fit,
1025 1312 1139 1350 audes
1161 1311 1299 1357 dicere,
1322 1321 1359 1349 te
1379 1326 1522 1364 magno
1541 1311 1722 1350 decumas
1743 1311 1963 1357 vendidiss'e,

555 1397 650 1421 cum
671 1382 715 1420 fit
735 1380 996 1434 perspicuum,
1018 1388 1056 1417 te
1076 1379 1190 1423 bona,
1225 1377 1471 1431 fortunasque
1491 1388 1698 1424 aratorum,
1728 1392 1807 1417 non
1826 1378 1965 1432 populi

557 1448 744 1493 Romani,
767 1447 829 1486 sed
850 1447 907 1485 tui
927 1446 1090 1498 quaestus
1111 1444 1232 1490 causa,
1253 1443 1460 1483 vendidiffe
1479 1445 1491 1482 ?
1530 1446 1601 1490 Ut,
1635 1446 1661 1484 s1
1692 1445 1779 1498 quis
1810 1445 1964 1484 villicus

556 1529 604 1554 ex
625 1529 669 1554 eo
689 1513 825 1559 fundo,
858 1513 923 1550 cui
954 1513 1046 1550 H-S
1077 1511 1175 1549 dena
1200 1524 1345 1550 merces
1377 1510 1479 1556 effer,
1510 1511 1642 1550 excisis
1677 1511 1890 1557 arboribus,
1921 1524 1965 1550 ac

556 1583 736 1628 venditis,
754 1581 922 1634 demptis
944 1579 1098 1632 teguliS,
1116 1579 1386 1625 instrumento,
1403 1592 1539 1632 pecore
1558 1579 1784 1625 abalienato,
1803 1579 1966 1618 domino

558 1663 617 1687 xx
639 1648 765 1687 millia
796 1644 1006 1685 nummum
1036 1659 1106 1699 pro
1138 1659 1164 1683 x
1197 1644 1356 1690 miserit,
1387 1644 1457 1683 fibi
1491 1645 1564 1683 alia
1594 1653 1772 1698 praeterea
1803 1654 1965 1684 centum

557 1714 793 1758 confecerit;
826 1713 954 1766 primo
986 1711 1183 1756 dominus,
1213 1711 1374 1764 'ignarus
1406 1711 1650 1750 incommodi
1681 1712 1751 1757 sui,
1787 1712 1965 1765 gaudeat,

556 1782 767 1833 villicoque
787 1779 1009 1824 dele&etur‚
1041 1778 1145 1831 quod
1167 1787 1273 1816 tanto
1293 1778 1361 1816 fibi
1381 1778 1468 1831 plus
1489 1778 1677 1817 mercedis
1698 1767 1883 1817 ex‘fundo
1903 1791 1964 1816 re-

558 1847 705 1886 fectum
727 1847 798 1890 fit;
830 1845 981 1889 deinde,
1004 1858 1096 1882 cum
1117 1843 1291 1888 audierit,
1325 1857 1384 1881 eas
1406 1857 1476 1888 res,
1504 1844 1646 1895 quibus
1667 1843 1779 1882 fundi
1801 1843 1963 1890 fruetus,

558 1923 597 1950 et
631 1912 783 1950 cultura
815 1910 1056 1953 continetur,
1085 1919 1244 1954 amotas,
1281 1918 1318 1946 et
1352 1909 1552 1954 venditas,
1588 1910 1740 1948 summo
1775 1909 1965 1963 supplicio

558 1979 737 2016 villicum
772 1977 925 2020 afficiat,
957 1986 995 2013 et
1027 1975 1157 2014 secum
1194 1975 1294 2013 male
1326 1976 1456 2013 aestum
1490 1984 1628 2028 putet:
1667 1977 1760 2014 item
1797 1977 1964 2030 populus

561 2045 776 2087 Romanus,
809 2056 901 2080 cum
933 2042 1054 2087 audit,
1096 2041 1217 2094 pluris
1254 2041 1434 2080 decumas
1469 2042 1675 2080 vendidiffe
1709 2044 1757 2080 C.
1787 2042 1963 2088 Verrem,

560 2124 678 2163 quam
699 2108 1054 2147 innocentissimum
1075 2108 1294 2153 hominem,
1330 2108 1394 2146 cui
1414 2108 1481 2146 iste
1502 2107 1686 2153 succeffit,
1713 2110 1761 2146 C.
1784 2109 1964 2147 Sacerdo-

561 2186 656 2220 tem,
688 2185 797 2228 putat
820 2174 852 2211 se
871 2175 1019 2212 bonum
1051 2175 1090 2211 in
1120 2174 1369 2218 arationibus,
1402 2173 1665 2227 fructibusque
1689 2175 1763 2212 suis
1796 2173 1966 2212 habuisse

560 2243 773 2286 custodem,
793 2254 834 2278 ac
855 2240 1031 2277 villicum
1052 2255 1060 2277 :
1089 2253 1181 2278 cum
1203 2240 1368 2285 senserit,
1391 2240 1506 2278 istum
1527 2254 1642 2278 omne
1664 2240 1964 2279 instrumentum

559 2318 765 2352 aratorum,
798 2306 928 2344 omnia
949 2305 1108 2343 subsidia
1139 2305 1386 2358 vectigalium
1418 2305 1635 2349 vendidiffe,
1668 2319 1826 2343 omnem
1860 2306 1964 2358 spem

562 2374 790 2428 posteritatis
826 2373 978 2410 avaritia
1012 2371 1075 2409 sua
1105 2371 1300 2416 sustuliffe,
1336 2372 1534 2415 arationes,
1565 2381 1603 2408 et
1635 2385 1741 2423 agros
1763 2372 1964 2424 vectigales

562 2440 725 2485 vastasse,
755 2449 869 2491 atque
899 2437 1115 2483 exinaniss‘e‚
1158 2437 1282 2490 ipsum
1316 2438 1506 2475 maximos
1538 2436 1715 2489 quaestuS,
1748 2438 1966 2491 praedasque

561 2505 701 2549 fecisse,
724 2505 913 2556 intelliget
934 2504 1060 2542 secum
1081 2505 1209 2542 aetum
1230 2503 1295 2544 effi
1323 2503 1503 2559 peffime5
1527 2503 1642 2542 istum
1663 2511 1791 2542 autem
1811 2504 1965 2543 summo

562 2570 752 2623 supplicio
772 2571 936 2623 dignum
957 2569 1203 2608 existimabit.
