2201 2792
608 145 952 189 ACTIONIS
994 145 1048 183 ΙΙ.
1108 144 1318 182 LIBER
1347 144 1398 181 V.
1619 157 1698 197 437

308 252 358 291 ris
378 251 531 306 penitus
551 247 690 288 exciso.
721 244 839 285 Nihil
858 253 939 283 tam
958 241 1131 281 clausum
1152 240 1198 278 ad
1218 239 1358 284 exitus,
1386 238 1485 277 nihil
1516 248 1595 277 tam
1616 239 1699 292 sep-

309 329 396 358 tum
417 318 602 369 undique,
616 313 716 353 nihil
738 322 817 351 tam
838 321 970 350 tutum
990 310 1036 348 ad
1053 308 1254 352 custodias,
1270 320 1338 345 nec
1357 305 1452 351 fieri,
1468 319 1537 343 nec
1554 307 1701 357 cogita-

309 387 342 425 ri
360 385 495 439 potest.
528 385 574 422 In
594 382 661 420 has
682 380 875 424 latumias,
894 379 920 416 fi
941 377 1009 430 qui
1030 375 1185 429 publice
1205 373 1442 412 custodiendi
1464 372 1564 416 sunt,
1586 373 1702 410 etiam

310 466 357 491 ex
377 451 520 491 caeteris
552 448 704 502 oppidiS
740 446 878 484 Siciliae
898 443 1037 482 deduci
1069 443 1320 494 imperantur.
1353 441 1412 477 Eo
1434 439 1539 492 quod
1559 439 1702 476 multos

309 519 481 572 captivos
497 517 596 556 cives
610 516 810 553 Romanos
825 512 1053 563 conjecerat,
1070 518 1108 546 et
1125 507 1230 560 quod
1245 506 1379 544 eodem
1396 515 1548 544 caeteros
1566 505 1702 557 piratas

245 623 254 627 r
310 585 491 624 contrudi
511 584 741 635 imperarat;
766 577 971 621 intellexit,
992 575 1019 613 s1
1038 575 1147 612 hunc
1167 573 1415 611 subdititium
1435 571 1704 624 archipiratam

310 653 352 690 in
372 651 530 690 eandem
553 646 765 686 custodiam
786 641 955 686 dedisset,
982 640 1077 685 fore,
1110 648 1152 677 ut
1172 653 1192 677 a
1212 638 1348 676 multis
1369 637 1445 675 illis
1471 638 1511 675 in
1532 638 1704 675 latumiis

310 730 421 756 verus
440 716 506 754 ille
525 714 605 753 dux
625 719 871 765 quaereretur.
918 709 1052 760 Itaque
1072 705 1277 744 hominem
1308 703 1401 742 huic
1432 704 1603 756 optimae,
1641 713 1703 742 tu-

312 783 540 834 tiffimaeque
570 777 749 817 custodiae
780 789 857 814 non
884 774 998 812 audet
1017 772 1290 811 committere:
1323 770 1489 821 denique
1511 770 1704 821 Syracusas

312 859 411 889 totas
433 849 546 886 timet
565 861 574 884 ε
606 843 783 882 amandat
803 841 1020 880 hominem.
1054 839 1173 891 Qo?
1206 836 1424 888 Lilybaeum
1445 834 1607 873 fortasse.
1631 836 1705 872 Vi-

313 916 385 954 deo
403 930 412 953 :
435 923 563 952 tamen
582 910 762 949 homines
784 907 998 946 maritimos
1020 919 1097 943 non
1118 904 1229 957 plane
1251 901 1486 940 reformidat.
1519 900 1704 945 Minime,

313 981 486 1034 Judices.
514 979 751 1017 Panormum
771 973 918 1027 igitur?
950 971 1105 1010 Audio:
1138 982 1359 1022 quanquam
1381 967 1582 1019 Syracusis,
1605 981 1705 1019 quo-

314 1050 419 1088 niam
440 1049 481 1087 in
503 1044 730 1099 Syracusano
751 1051 884 1095 captus
905 1049 996 1085 erat,
1029 1039 1213 1082 maxime,
1242 1037 1267 1074 fi
1289 1036 1418 1074 minus
1440 1035 1628 1088 supplicio
1648 1034 1705 1072 af-

314 1115 394 1161 fici,
418 1124 455 1153 at
474 1112 656 1152 custodiri
675 1109 888 1164 oportebat.
912 1107 976 1145 Ne
998 1107 1235 1144 panormum
1255 1102 1428 1154 quidem.

372 1180 482 1232 Qid
511 1177 658 1231 igitur?
690 1190 769 1229 quo
799 1173 970 1227 putatis?
1003 1171 1067 1209 Ad
1087 1169 1265 1208 homines
1297 1182 1318 1205 a
1344 1168 1552 1220 piratarum
1585 1175 1707 1210 metu,

316 1257 354 1286 et
374 1245 585 1299 suspicione
605 1241 849 1281 alienissimos
867 1258 880 1285 3
911 1253 932 1277 a
952 1236 1180 1289 navigando,
1216 1234 1401 1286 rebusque
1423 1233 1626 1271 maritimis
1649 1246 1708 1269 re-

317 1313 572 1357 mofiffimos,
604 1309 650 1347 ad
672 1307 962 1360 Centuripinos,
995 1303 1173 1341 homines
1205 1301 1374 1339 maxime
1398 1299 1708 1342 mediterraneos,

317 1380 491 1420 summos
508 1385 668 1417 aratores
684 1390 693 1414 z
713 1375 780 1428 qui
798 1386 940 1412 nomen
960 1382 1160 1422 nunquam
1178 1366 1389 1405 timuiss‘ent
1406 1365 1591 1404 maritimi
1612 1378 1712 1416 prae-

317 1448 428 1487 donis
449 1466 461 1492 ς
492 1459 631 1488 unum,
653 1452 690 1481 te
711 1443 888 1484 Praetore,
910 1436 1140 1476 horruiss‘ent
1161 1433 1396 1487 Apronium,
1419 1432 1629 1470 terrestrem
1650 1445 1710 1468 ar-

318 1514 563 1568 chipiratam.
595 1511 662 1554 Et,
700 1517 743 1545 ut
774 1506 899 1559 quivis
920 1503 1032 1542 facile
1064 1501 1305 1555 perspiceret,
1337 1499 1376 1537 id
1402 1499 1449 1536 ab
1481 1499 1551 1536 isto
1583 1500 1711 1534 actum

320 1581 404 1626 effe,
426 1589 470 1618 ut
490 1578 555 1617 ille
575 1574 803 1628 suppositus,
834 1570 947 1609 facile
966 1578 1003 1607 et
1029 1569 1195 1606 libenter
1217 1566 1250 1603 se
1270 1565 1400 1609 ilium,
1424 1565 1491 1616 qui
1513 1577 1589 1601 non
1619 1573 1711 1607 erat,

320 1647 391 1685 effe
411 1645 630 1687 fimularet;
663 1642 828 1692 imperat
846 1635 1126 1688 Centuripinis,
1159 1642 1201 1670 ut
1222 1632 1252 1669 is
1273 1632 1391 1675 viem,
1413 1630 1632 1681 caeterisque
1654 1643 1712 1667 re-

322 1714 394 1751 bus
415 1725 532 1764 quam
553 1706 823 1750 liberaliffime,
846 1701 1232 1751 commodiffimeque
1252 1697 1449 1735 habeatur.

377 1777 572 1818 XXVIII.
606 1776 754 1813 Interea
775 1769 1007 1824 Syracusani,
1030 1767 1208 1805 homines
1240 1764 1351 1817 periti
1372 1772 1409 1800 et
1439 1761 1615 1806 humani,
1647 1761 1715 1812 qui

324 1858 402 1884 non
423 1843 540 1882 modo
559 1854 614 1885 ea,
637 1854 721 1892 quae
742 1837 937 1891 perspicua
955 1833 1084 1878 effent,
1107 1831 1246 1875 videre,
1269 1843 1400 1868 verum
1422 1828 1537 1865 ctiam
1564 1826 1716 1864 occulta

324 1911 515 1965 suspicari,
530 1908 700 1962 possent,
722 1904 914 1943 habebant
933 1902 1120 1940 rationem
1141 1910 1274 1936 omnes
1296 1895 1468 1947 quotidie
1491 1894 1715 1946 piratarum,

326 1979 395 2031 qui
415 1977 534 2015 securi
554 1974 782 2013 ferirentur:
813 1983 930 2024 quam
951 1967 1096 2006 multos
1124 1964 1194 2003 esse
1215 1971 1418 2016 oporteret,
1441 1975 1486 1998 ex
1508 1960 1588 2012 ipso
1608 1960 1715 1997 navi-

326 2045 405 2098 gio,
427 2042 532 2095 quod
547 2049 624 2079 erat
644 2048 816 2091 captum,
831 2046 868 2074 et
884 2050 931 2074 ex
947 2046 1144 2073 remorum
1162 2044 1323 2069 numero
1339 2027 1610 2078 conjiciebant.
1630 2025 1716 2070 Iste,

326 2109 431 2163 quod
451 2120 600 2151 omnes,
623 2105 691 2157 qui
711 2103 863 2141 artificii
883 2100 1029 2152 aliquid
1049 2098 1273 2140 habuerant,
1291 2104 1355 2132 aut
1372 2093 1519 2137 formae,
1542 2105 1715 2130 remove-

328 2186 398 2221 rat,
420 2184 534 2227 atque
554 2172 787 2214 abduxerat;
811 2168 977 2219 reliquos
995 2166 1034 2210 fi,
1056 2173 1099 2202 ut
1119 2161 1354 2201 consuetudo
1373 2160 1437 2204 est,
1461 2157 1651 2197 universos
1672 2156 1717 2193 ad

329 2243 462 2296 palum
482 2237 676 2292 alligasset,
708 2237 917 2274 clamorem
938 2231 1073 2286 populi
1092 2229 1173 2268 fore
1193 2228 1464 2280 suspicabatur,
1497 2238 1588 2262 cum
1614 2231 1719 2260 tanto

330 2309 456 2362 plures
477 2306 632 2345 abducti
652 2303 782 2347 essent,
816 2314 934 2353 quam
966 2297 1102 2336 relicti.
1148 2297 1308 2347 Propter
1338 2293 1436 2330 hanc
1458 2289 1604 2328 causam
1626 2300 1718 2325 cum

331 2371 546 2411 instituisset
566 2372 658 2409 alios
679 2370 753 2407 alio
774 2377 945 2420 tempore
965 2364 1201 2418 producere,
1226 2371 1351 2398 tamen
1369 2359 1408 2394 in
1430 2364 1533 2394 tanto
1548 2367 1717 2391 conven-

333 2450 375 2477 tu
396 2452 510 2476 nemo
528 2445 618 2480 erat,
641 2436 735 2487 quin
756 2434 957 2476 rationem,
988 2440 1274 2478 numerumque
1293 2423 1462 2465 haberet,
1495 2430 1531 2458 ct
1553 2420 1718 2471 reliquos

333 2519 410 2544 non
431 2503 650 2542 desideraret
672 2501 809 2545 solum,
832 2499 892 2537 sed
913 2497 1027 2536 etiam
1050 2494 1232 2548 posceret,
1254 2500 1291 2529 ct
1311 2489 1509 2540 flagitaret.
