2201 2792
565 114 911 157 ACTIONIS
943 113 998 152 ΙΙ.
1058 111 1269 151 LIBER
1310 112 1384 149 III.
1595 122 1674 162 297

266 221 316 259 L.
338 218 455 272 Sylla.
486 216 570 256 Hic
589 223 742 254 tantum
772 212 916 267 potuit,
947 219 991 250 ut
1025 223 1156 255 nemo,
1187 209 1256 248 illo
1287 208 1426 252 invito,
1456 219 1527 245 nec
1558 206 1672 250 bona,

266 299 339 325 nec
368 284 546 339 patriam,
577 295 649 320 nec
682 280 804 319 vitam
834 278 997 317 retinere
1026 275 1173 331 posset}
1205 282 1360 312 tantum
1390 272 1512 311 animi
1539 271 1677 310 habuit

267 352 314 391 ad
334 350 547 394 audaciam,
579 357 622 387 ut
642 346 768 386 dicere
798 346 839 384 in
858 345 1045 384 concione
1075 356 1155 381 non
1175 340 1381 384 dubitaret,
1408 339 1510 377 bona
1529 338 1675 375 civium

267 421 540 458 Romanorum
571 429 665 454 cum
693 414 899 458 venderet,
941 412 976 450 se
1009 410 1176 466 praedam
1207 408 1315 447 suam
1344 406 1521 445 vendere.
1581 405 1679 456 Ejus

267 498 403 525 omnes
436 498 493 522 res
526 482 644 536 gestas
667 495 746 520 non
780 480 906 519 solum
937 478 1175 521 obtinemus,
1205 487 1341 514 verum
1372 473 1491 511 etiam
1524 479 1680 524 propter

268 552 463 604 majorum
485 547 830 588 incommodorum
856 553 895 584 et
921 544 1188 583 calamitatum
1209 550 1376 584 metum,
1407 537 1568 592 publica
1586 549 1678 575 auc-

270 618 424 658 toritate
443 615 703 655 defendimus.
736 615 875 652 Unum
907 610 983 650 hoc
1017 610 1138 655 illius,
1171 605 1522 646 senatus-consulto
1551 616 1679 657 repre-

269 684 437 724 hensum
456 684 732 734 decretumque
750 680 817 726 est,
848 688 906 725 ut,
936 678 1079 732 quibus
1114 676 1180 715 ille
1214 674 1261 713 de
1293 674 1420 727 capite
1451 670 1680 725 dempfiffet,

270 750 316 789 hi
344 750 527 804 pecunias
557 750 598 787 in
629 747 804 787 aerarium
835 744 1033 784 referrent.
1066 742 1208 781 Statuit
1241 740 1404 785 senatus,
1435 737 1510 777 hoc
1542 750 1590 775 ne
1624 736 1683 774 illi

273 816 526 870 quidem-effe
544 815 719 859 licitum,
747 814 811 852 cui
832 811 1062 851 concefferat
1083 810 1228 853 omnia,
1259 822 1280 846 a
1314 806 1460 860 populo
1495 804 1683 843 saetarum

273 881 593 936 quaesitarumque
614 895 743 919 rerum
759 880 928 918 summas
950 878 1197 916 imminuere.
1223 875 1343 913 Illum
1360 873 1450 911 viris
1471 870 1689 909 fortiffimis

269 951 494 1004 judicarunt
515 958 637 1002 patres
658 947 866 999 conscripti
888 946 1081 984 remittere
1100 943 1146 981 de
1166 942 1317 980 summa
1336 953 1413 978 non
1434 937 1597 992 potuiffe
1614 952 1623 975 :
1647 946 1685 975 te

275 1017 432 1055 mulieri
466 1015 671 1054 teterrimae
705 1012 884 1051 remisisse
914 1011 1100 1049 senatores
1126 1006 1392 1062 judicabunt?
1424 1005 1510 1049 Ille,
1541 1003 1588 1041 de
1607 1017 1687 1056 quo

274 1084 360 1137 lege
391 1082 559 1136 populus
582 1081 784 1119 Romanus
810 1077 980 1130 jufferat,
1011 1085 1055 1114 ut
1089 1075 1204 1128 ipsius
1235 1073 1412 1112 voluntas
1433 1070 1579 1124 populo
1600 1071 1685 1108 Ro-

276 1163 392 1188 mano
413 1148 502 1187 effet
519 1161 590 1201 pro
610 1147 708 1199 lege,
727 1154 857 1183 tamen
878 1144 918 1181 in
939 1142 1015 1181 hoc
1037 1155 1115 1180 uno
1135 1153 1286 1194 genere,
1308 1148 1481 1176 veterum
1502 1136 1687 1188 religione

275 1217 423 1270 legum,
455 1212 772 1266 reprehenditur:
806 1219 863 1254 tu,
899 1209 968 1262 qui
988 1208 1171 1246 omnibus
1202 1206 1352 1258 legibus
1384 1203 1608 1256 implicatus
1627 1211 1686 1239 te-

276 1283 429 1326 nebare,
459 1280 665 1319 libidinem
686 1278 758 1316 tibi
779 1286 887 1315 tuam
907 1290 976 1329 pro
996 1275 1080 1327 lege
1100 1273 1172 1311 effe
1190 1271 1341 1310 voluisti
1360 1271 1372 1307 ?
1406 1271 1451 1308 In
1472 1270 1539 1307 illo
1560 1282 1687 1321 repre-

277 1350 477 1404 henditur,
509 1347 614 1400 quod
645 1359 693 1384 ex
723 1358 765 1382 ea
784 1343 947 1397 pecunia
978 1341 1176 1384 remiserit,
1209 1352 1327 1392 quam
1360 1337 1438 1389 ipse
1467 1336 1687 1389 quaefierat:

279 1417 355 1456 tibi
375 1415 620 1458 concedetur,
642 1412 712 1465 qui
733 1412 779 1449 de
798 1411 923 1463 capite
942 1407 1189 1461 vestigalium
1222 1404 1356 1459 popuii
1378 1403 1549 1441 Romani
1571 1403 1689 1440 remi-

278 1483 353 1522 fisti
373 1483 385 1519 ?

316 1547 510 1588 XXXVI.
542 1548 675 1598 Atque
695 1545 735 1582 in
756 1543 831 1582 hoc
851 1555 989 1596 genere
1010 1540 1174 1579 audaciae
1200 1538 1327 1576 multo
1347 1537 1462 1575 etiam
1480 1534 1691 1587 impuden-

281 1616 358 1653 tius
394 1615 434 1652 in
469 1613 643 1651 decumis
666 1610 941 1663 Segestenfium
961 1607 1124 1645 versatus
1145 1605 1223 1648 est;
1256 1617 1350 1656 quas
1370 1616 1462 1640 cum
1494 1601 1693 1639 addixisset

281 1680 409 1719 eidem
440 1679 499 1716 illi
535 1677 719 1721 Docimo,
750 1674 825 1713 hoc
860 1673 926 1718 est,
960 1673 1119 1716 Tertiae,
1155 1670 1274 1708 tritici
1306 1668 1484 1707 modium
1519 1667 1693 1719 quinque

284 1746 476 1790 millibus,
500 1755 538 1783 et
558 1743 807 1782 acceffionem
828 1738 1069 1792 adscripfiffet
1090 1739 1182 1776 H-S
1206 1750 1289 1780 MD,
1313 1735 1440 1787 coegit
1463 1732 1693 1785 Segestenses

283 1827 304 1851 a
324 1813 497 1852 Docimo
517 1810 705 1849 tantidem
736 1807 892 1861 publice
912 1807 1109 1858 accipere:
1143 1803 1182 1841 id
1217 1803 1322 1854 quod
1353 1815 1399 1838 ex
1422 1799 1695 1852 Segestenfium

283 1879 444 1933 publico
478 1876 698 1915 testimonio
732 1872 965 1926 cognoscite.
998 1871 1137 1909 Recita
1168 1868 1436 1906 testimonium
1472 1865 1692 1918 publicum.

285 1948 634 1985 TESTIMONIUM
659 1952 913 1980 PUBL1C1JM.
944 1937 1132 1982 Audistis,
1154 1936 1290 1988 quanti
1322 1934 1503 1971 decumas
1535 1944 1694 1984 accepe-

286 2012 336 2050 rit
355 2025 375 2048 a
395 2011 567 2048 Docimo
587 2008 736 2053 civitas,
767 2006 888 2045 tritici
908 2003 1087 2044 modium
1108 2003 1284 2055 quinque
1304 1999 1494 2043 millibus,
1513 2006 1550 2036 et
1569 1996 1694 2036 acces-

287 2078 446 2116 fionem.
480 2074 713 2128 Cognoscite
746 2087 866 2117 nunc,
902 2071 1036 2124 quanti
1059 2070 1093 2108 se
1124 2066 1329 2106 vendidiffe
1354 2066 1543 2115 retulerit.
1601 2059 1693 2102 Lssx

291 2156 493 2183 DECUMIS
518 2154 776 2180 VENDENms
801 2140 850 2178 C.
872 2139 1030 2177 VERRE
1054 2138 1130 2176 PR.
1176 2136 1266 2173 Hoc
1287 2134 1445 2172 nomine
1466 2132 1601 2170 videtis
1626 2132 1695 2169 tri—

289 2211 359 2248 tici
380 2208 560 2248 modium
582 2221 654 2247 clo
680 2220 753 2248 cm
779 2219 851 2245 elo
874 2205 921 2242 de
953 2205 1078 2258 capite
1104 2202 1174 2240 effe
1207 2201 1377 2253 dempta,
1411 2213 1495 2251 quae
1526 2210 1617 2235 cum
1650 2195 1698 2232 de

289 2276 424 2330 populi
447 2275 618 2314 Romani
637 2274 756 2320 victu,
787 2273 834 2311 de
855 2271 1099 2324 vectigalium
1122 2268 1261 2312 nervis,
1280 2265 1526 2317 defimguine
1544 2263 1695 2299 detrax-

293 2343 374 2380 iffet
408 2341 551 2386 aerarii,
583 2340 728 2379 Tertiae
755 2339 891 2378 mimae
906 2336 1152 2376 condonavit.
1200 2335 1346 2371 Utrum
1383 2327 1647 2382 impudentius
1678 2339 1698 2362 a

294 2408 402 2447 sociis
424 2408 610 2445 abstulit?
642 2421 689 2446 an
709 2406 859 2461 turpius
880 2404 1074 2444 meretrici
1095 2400 1227 2440 dedit?
1249 2413 1294 2437 an
1315 2395 1531 2449 improbius
1551 2392 1702 2449 populo

377 2476 449 2512 To
466 2487 517 2513 M.
550 2474 622 2513 IV.
1321 2465 1349 2502 P
1372 2477 1396 2515 p
