2201 2792
482 179 562 232 364
906 176 1008 215 IN
1080 174 1463 216 VERREM

480 276 626 330 negasse
646 275 786 315 habere
799 275 894 314 sese:
918 275 1020 329 apud
1040 276 1160 314 alium
1178 289 1335 328 quoque
1352 289 1411 314 eas
1431 273 1601 313 habuiffe
1621 273 1821 328 depositas,
1838 285 1887 311 ne

481 358 556 396 qua
576 345 868 382 invenirentur:
901 352 1008 381 tuam
1045 352 1191 380 tantam
1226 341 1336 380 fuiffe
1368 342 1624 395 sagacitatem,
1657 350 1701 380 ut
1731 354 1791 378 eas
1821 352 1889 394 per

481 410 596 448 illum
617 410 744 463 ipsum
765 409 981 461 inspiceres,
1005 409 1072 446 ubi
1093 417 1199 447 erant
1220 408 1420 461 depofitae:
1443 418 1530 447 tum
1551 409 1586 447 se
1606 406 1889 462 deprehensum

482 490 620 529 negare
640 490 717 515 non
738 475 900 529 potuisse
918 490 926 514 :
959 476 1012 513 ita
1031 475 1078 513 ab
1095 475 1130 513 se
1150 475 1273 514 invito
1293 475 1435 513 ablatas
1456 475 1627 527 phaleras
1648 475 1779 527 gratis.

538 543 654 581 XIII.
687 543 776 593 Jam
798 551 841 580 ut
860 540 943 580 haec
975 541 1108 579 omnia
1138 542 1314 594 reperire,
1347 554 1389 578 ac
1422 540 1646 593 perscrutari
1678 540 1809 578 solitus
1829 539 1888 584 fit,

483 609 654 660 Judices,
673 608 725 646 est
745 622 868 661 operae
887 608 1058 661 pretium
1073 607 1314 660 cognoscere.
1339 607 1530 659 Cybiratae
1546 607 1632 645 sunt
1651 605 1785 644 fratres
1800 605 1892 658 qui—

483 675 588 719 dam,
611 674 881 727 TlepolemuS,
911 683 948 712 et
976 674 1128 712 Hiero:
1161 688 1329 726 quorum
1356 673 1519 711 alterum
1541 672 1685 726 fingere
1714 672 1853 725 opinor
1872 683 1894 708 e

484 755 569 779 cera
590 742 746 780 solitum
781 740 866 786 effe,
897 740 1062 778 alterum
1083 740 1153 778 esse
1175 741 1375 793 pietorem.
1408 740 1537 778 Hosce
1566 740 1704 793 opinor
1725 738 1892 790 Cybirae,

485 822 578 846 cum
600 809 639 846 in
661 808 916 860 suspicionem
938 807 1121 846 venissent
1142 807 1216 845 suis
1237 807 1402 852 civibus,
1420 807 1556 845 fanum
1576 806 1752 859 expilasse
1766 804 1893 858 Apol-

485 875 589 919 linis,
621 875 760 912 veritos
782 888 938 926 poenam
966 874 1122 926 judicii,
1157 887 1198 911 ac
1229 874 1340 926 legis,
1374 874 1492 911 domo
1523 872 1742 926 profugisse.
1775 871 1895 921 Qod

486 942 649 980 Verrem
686 941 839 980 artificii
874 941 929 978 sui
962 941 1151 993 cupidum
1188 950 1445 992 cognoverant
1479 949 1580 984 tum,
1616 953 1708 977 cum
1744 938 1823 982 iste,
1856 937 1895 975 id

487 1009 592 1060 quod
628 1022 675 1046 ex
712 1007 869 1045 testibus
901 1006 1102 1051 didicistis,
1140 1007 1326 1058 Cybiram
1347 1020 1439 1044 cum
1474 1006 1651 1043 inanibus
1672 1002 1896 1057 syngraphis

487 1085 655 1120 venerat,
678 1075 797 1112 domo
818 1073 1082 1127 profugientes
1104 1073 1149 1111 ad
1170 1087 1261 1111 eum
1283 1072 1317 1111 se
1336 1072 1482 1118 exules,
1514 1086 1607 1110 curn
1636 1072 1703 1110 iste
1733 1071 1821 1109 effet
1855 1070 1897 1108 in

488 1143 590 1188 Asia,
621 1141 886 1181 contulerunt.
921 1141 1073 1179 Habuit
1093 1140 1224 1179 secum
1245 1154 1307 1178 eos
1330 1140 1376 1179 ab
1398 1140 1466 1178 illo
1487 1148 1660 1193 tempore
1678 1158 1688 1184 ;
1720 1147 1758 1176 et
1778 1138 1819 1176 in
1839 1137 1897 1175 le-

488 1210 653 1263 gationis
676 1209 810 1262 praedis
842 1217 958 1260 atque
978 1207 1106 1252 furtis,
1139 1207 1310 1245 multum
1332 1207 1492 1245 illorum
1512 1220 1638 1260 opera,
1661 1205 1898 1256 consilioque

488 1275 577 1314 usus
598 1275 663 1312 est.
697 1274 755 1312 Hi
776 1273 862 1311 sunt
893 1273 966 1318 illi,
997 1273 1154 1324 quibus,
1190 1273 1230 1310 in
1252 1273 1392 1310 tabulis
1415 1272 1546 1310 retulit
1577 1271 1649 1309 sese
1671 1269 1896 1323 QTadius

490 1341 630 1381 dedisse
646 1340 748 1393 juffu
769 1339 889 1384 istius,
912 1339 1060 1377 Graec15
1081 1339 1308 1391 pictoribus.
1332 1340 1409 1376 Eos
1425 1339 1510 1391 jam
1530 1338 1627 1376 bene
1647 1337 1837 1390 cognitOS,
1860 1343 1898 1373 et

488 1423 530 1447 re
551 1409 730 1461 probatos
752 1406 881 1444 secum
902 1406 943 1444 In
967 1406 1138 1444 Siciliam
1160 1406 1284 1444 duxit.
1318 1406 1410 1454 Qo
1429 1405 1675 1458 posteaquam
1697 1411 1897 1447 venerunt,

492 1474 715 1513 mirandum
736 1474 777 1511 in
805 1472 968 1510 modum
993 1473 1121 1524 (canes
1153 1472 1347 1510 venaticos
1379 1472 1539 1524 diceres)
1571 1471 1625 1510 ita
1643 1470 1900 1509 odorabantur

491 1542 637 1586 omnia,
659 1548 697 1578 et
717 1538 1034 1592 pervestigabant,
1053 1547 1096 1576 ut
1118 1538 1184 1576 ubi
1205 1538 1378 1590 quidque
1397 1537 1499 1583 esset,
1521 1537 1649 1590 aliqua
1668 1537 1814 1575 ratione
1834 1536 1897 1573 in-

492 1608 679 1645 venirent.
713 1604 835 1644 Aliud
868 1604 1099 1649 minitando,
1132 1604 1236 1642 aliud
1263 1604 1497 1656 pollicendo,
1528 1602 1632 1641 aliud
1664 1616 1731 1655 per
1761 1601 1898 1646 serVOS,

493 1673 597 1711 aliud
618 1686 684 1725 per
704 1671 860 1714 liberos,
892 1683 960 1722 per
990 1670 1163 1708 amicum
1195 1669 1314 1714 aliud,
1345 1669 1450 1707 aliud
1475 1683 1542 1723 per
1562 1668 1770 1706 inimicum
1790 1667 1900 1705 inve-

494 1740 667 1779 niebant.
699 1737 905 1789 Qidquid
925 1737 1002 1775 illis
1025 1737 1231 1790 placuerat,
1262 1736 1500 1789 perdendum
1520 1744 1611 1774 erat.
1651 1733 1767 1774 Nihil
1798 1733 1903 1771 aliud

496 1805 694 1860 optabant,
714 1817 882 1857 quorum
904 1803 1130 1856 poscebatur
1149 1811 1367 1855 argentum,
1390 1803 1458 1841 nisi
1480 1811 1523 1840 ut
1543 1801 1723 1846 Hieroni,
1745 1810 1784 1837 et
1803 1799 1902 1837 Tle-

497 1873 652 1927 polemo
673 1870 903 1922 displiceret.

559 1937 673 1975 XIV.
705 1936 806 1973 Vere
827 1933 1066 1972 mehercules
1098 1933 1187 1978 hoc,
1210 1933 1382 1984 Judices,
1405 1934 1545 1971 dicam.
1579 1932 1751 1970 Memini
1784 1932 1902 1970 Pam-—

498 2003 654 2056 philum
690 2001 992 2053 Lilybaetanum,
1029 1999 1220 2053 hospitem
1256 2013 1404 2045 meum,
1442 2010 1480 2038 et
1505 1999 1692 2043 amicum,
1729 1998 1904 2036 nobilem

498 2069 717 2113 hominem,
740 2066 838 2105 mihi
861 2080 1033 2112 narrare;
1065 2080 1157 2104 cum
1179 2065 1246 2103 iste
1266 2067 1312 2104 ab
1333 2066 1405 2104 sese
1425 2065 1603 2118 hydriam
1626 2064 1765 2103 Boethi
1786 2077 1905 2103 manu

500 2136 655 2180 saetam,
677 2134 856 2187 praeclaro
890 2147 1017 2185 opere,
1049 2142 1086 2171 et
1113 2133 1246 2185 grandi
1266 2132 1447 2186 pondere,
1480 2146 1548 2186 per
1579 2132 1803 2186 potestatem
1835 2131 1904 2168 ab·

501 2201 670 2246 stuliffet‚
716 2200 751 2238 se
786 2199 869 2237 sane
903 2198 1073 2244 tristem,
1120 2209 1158 2237 et
1191 2199 1466 2237 conturbatum
1498 2199 1662 2236 domum
1703 2196 1903 2241 revertisse,

501 2268 609 2321 quod
631 2280 692 2305 vas
713 2265 914 2318 ejusmodi,
946 2265 1051 2317 quod
1072 2265 1140 2302 fibi
1167 2279 1186 2302 a
1216 2274 1335 2317 patre,
1366 2274 1404 2303 et
1433 2279 1453 2303 a
1487 2264 1694 2316 majoribus
1727 2262 1815 2300 efl'et
1844 2275 1904 2299 re-

503 2336 655 2378 lietum,
678 2346 757 2385 quo
778 2331 909 2370 solitus
930 2330 1018 2368 efl‘et
1050 2331 1107 2368 uti
1128 2330 1173 2368 ad
1195 2330 1306 2368 festos
1337 2331 1431 2375 dies,
1466 2330 1512 2367 ad
1536 2328 1734 2381 hospitum
1763 2328 1906 2365 adven-

503 2410 604 2444 tum,
636 2413 656 2437 a
677 2399 712 2437 se
742 2397 830 2436 esset
862 2397 1049 2435 ablatum.
1110 2397 1215 2434 Cum
1247 2395 1428 2440 sederem,
1459 2395 1603 2447 inquit,
1638 2395 1745 2432 domi
1777 2394 1905 2438 tristis,

505 2467 668 2506 accurrit
700 2465 888 2505 Venerius
906 2483 918 2511 ς
958 2465 1071 2517 jubet
1105 2478 1168 2503 me
1205 2462 1366 2517 scyphos
1401 2463 1583 2516 iigillatos
1617 2463 1662 2501 ad
1700 2464 1906 2501 Praetorem
