2201 2792
530 197 658 238 PRO
701 197 1058 249 QROSCIO
1103 197 1463 238 COMOEDO.
1642 216 1714 256 107

308 299 484 344 redemit,
506 311 599 337 cum
619 297 788 337 fundum
810 312 830 335 a
850 298 986 337 Flavio
1006 298 1167 352 accepit.
1201 298 1310 349 Qid
1329 299 1408 336 ita?
1443 299 1527 338 satis
1550 314 1627 338 non
1647 304 1714 340 de-

307 365 378 409 dit,
401 365 567 417 amplius
597 378 618 402 a
637 364 671 403 se
692 365 891 403 neminem
913 365 1144 417 petiturum.
1177 365 1258 416 Qi
1279 365 1326 402 de
1342 365 1406 402 sua
1432 375 1537 417 parte
1558 366 1714 413 decidit,

306 430 462 483 reliquis
483 432 674 484 integram
695 431 881 484 relinquit
901 432 1106 471 actionem.
1130 431 1213 484 Qi
1234 445 1305 484 pro
1325 431 1435 470 sociis
1458 432 1642 485 transigit,
1660 434 1716 471 sa·

306 495 432 543 tisdat,
463 498 663 536 neminem
689 512 824 537 eorum
856 498 980 549 postea
1012 499 1238 551 petiturum.
1272 498 1381 549 Qid
1413 499 1464 536 ita
1484 498 1619 536 Flavio
1649 500 1717 538 fibi

305 575 436 601 cavere
477 577 554 602 non
584 565 690 602 venit
720 565 760 602 in
802 565 1010 602 mentem?
1057 564 1246 602 nesciebat
1276 564 1457 602 videlicet
1493 565 1717 617 Panurgum

306 626 417 666 fuisse
438 630 478 667 in
498 629 704 668 societate?
737 630 901 669 Sciebat.
936 630 1155 675 Nesciebat,
1186 631 1381 668 Fannium
1403 630 1544 668 Roscio
1565 631 1636 668 effe
1657 631 1717 669 so-

305 695 444 733 cium?
475 696 671 735 Praeclare.
718 697 825 736 Nam
847 697 914 735 iste
935 711 1028 735 cum
1049 711 1094 735 eo
1115 697 1227 735 litem
1254 697 1503 735 contestatam
1536 696 1715 736 habebat.

307 762 388 799 Cur
408 761 528 814 igitur
548 763 706 808 decidit,
738 772 776 802 et
797 777 875 802 non
908 763 1162 816 restipulatur,
1196 763 1395 801 neminem
1426 764 1594 816 amplius
1618 765 1717 816 peti-

305 835 439 866 turum
457 829 469 866 ?
500 842 569 867 cur
589 829 635 867 de
654 828 778 868 fundo
798 829 957 875 decidit,
975 831 1036 882 etj
1045 830 1173 868 udicio
1189 843 1267 868 non
1285 829 1493 868 absolvitur
1509 830 1520 866 Ρ
1549 843 1618 867 cur
1639 840 1717 868 tarn

305 893 484 946 imperite
505 894 611 941 facit,
634 906 678 934 ut
698 910 768 934 nec
782 896 973 934 Roscium
994 897 1240 949 stipulatione
1257 897 1402 949 alliget,
1425 910 1550 949 neque
1572 911 1592 934 a
1612 897 1716 934 Fan-

307 959 539 1012 niojudicio
560 961 595 998 se
615 961 809 1000 absolvat?
844 963 912 1000 Est
931 961 1007 1001 hoc
1028 963 1217 1015 primum,
1240 972 1277 1001 et
1298 977 1344 1002 ex
1365 964 1588 1002 conditione
1603 963 1716 1014 juris,

307 1033 345 1062 et
365 1039 412 1063 ex
434 1026 710 1064 consuetudine
731 1027 935 1072 cautionis,
967 1028 1231 1079 graviffirnum
1258 1038 1296 1067 et
1316 1029 1582 1067 firmissimum
1603 1043 1716 1081 argu-

307 1100 510 1129 mentum:
544 1091 650 1142 quod
670 1105 741 1143 ego
760 1091 937 1144 pluribus
958 1093 1084 1131 verbis
1105 1094 1367 1146 amplecterer,
1397 1095 1422 1132 fi
1443 1108 1521 1132 non
1541 1095 1613 1132 alia
1633 1108 1717 1133 cer-

306 1157 403 1194 tiora
422 1166 460 1195 et
480 1158 638 1195 clariora
659 1157 875 1195 testimonia
895 1159 935 1196 in
956 1159 1063 1196 causa
1082 1159 1280 1198 haberem.

351 1223 468 1261 XIII.
492 1224 558 1268 Et,
574 1236 622 1261 ne
641 1222 741 1261 forte
761 1236 825 1261 me
844 1222 921 1262 hoc
941 1223 1078 1262 frustra
1097 1225 1323 1277 pollicitum
1344 1226 1416 1264 effe
1436 1228 1615 1280 praedices
1632 1243 1640 1267 ε
1665 1239 1716 1274 te,

303 1298 356 1334 te,
378 1290 553 1342 inquam,
586 1289 725 1333 Fanni,
759 1289 805 1327 ab
827 1290 902 1328 tuis
924 1288 1112 1329 subselliis
1139 1300 1272 1329 contra
1294 1301 1331 1330 te
1360 1293 1492 1331 testem
1514 1293 1715 1335 suscitabo.

306 1356 541 1395 Criminatio
565 1364 628 1394 tua
647 1370 733 1409 quae
755 1356 835 1394 est?
869 1356 1057 1395 Roscium
1084 1371 1177 1396 cum
1198 1358 1334 1397 Flavio
1360 1373 1430 1412 pro
1450 1360 1629 1399 societate
1650 1362 1718 1400 de-

247 1411 251 1415 *
303 1422 448 1461 cidiffe.
482 1423 574 1474 Qo
594 1423 796 1475 ternpore?
819 1422 980 1462 Abhinc
1001 1424 1110 1462 annis
1133 1439 1193 1464 1v.
1227 1424 1410 1464 Defensio
1431 1441 1515 1466 mea
1531 1443 1615 1481 quae
1635 1431 1717 1469 est?

305 1489 494 1528 Roscium
524 1503 593 1542 pro
614 1489 678 1526 sua
697 1498 803 1541 parte
830 1503 922 1527 cum
946 1490 1080 1528 Flavio
1112 1492 1340 1544 transegifie.
1387 1494 1646 1547 Repromittis
1675 1506 1719 1536 tu

303 1554 446 1594 abhinc
473 1555 684 1594 triennium
716 1555 871 1594 Roscio.
923 1555 1060 1607 Qid?
1104 1557 1220 1595 recita
1250 1558 1359 1597 istam
1389 1560 1721 1613 restipulationem

304 1621 458 1659 clarius.
490 1621 675 1666 Attende,
698 1621 838 1673 quaes0‚
861 1622 962 1660 Piso.
1006 1624 1201 1661 Fannium
1224 1624 1408 1671 invitum,
1435 1636 1473 1664 et
1492 1626 1572 1666 huc
1603 1639 1720 1682 atque

305 1686 401 1725 illuc
431 1687 754 1740 tergiversantem,
785 1687 1053 1726 testimonium
1089 1699 1222 1727 contra
1242 1691 1277 1727 se
1303 1691 1428 1729 dicere
1453 1706 1565 1744 cogo.
1609 1696 1719 1745 Qid

304 1753 412 1791 enim
433 1752 669 1805 restipulatio
689 1752 830 1791 clamat
846 1754 858 1790 ?
904 1753 1011 1805 Qcod
1035 1769 1059 1791 a
1079 1755 1211 1793 Flavio
1231 1755 1414 1807 abstulero,
1442 1766 1590 1810 partem
1610 1759 1716 1799 dimi-

303 1818 397 1862 diam
417 1818 496 1857 inde
515 1819 636 1872 Rqfiio
655 1819 1093 1872 mesbluturmnspondeo.
1126 1821 1216 1858 Tua
1236 1835 1310 1860 vox
1331 1823 1396 1867 est,
1420 1824 1560 1863 Fanni.

360 1885 469 1937 Qid
491 1893 533 1922 tu
553 1884 700 1922 auferre
735 1895 844 1937 potes
864 1899 884 1922 a
915 1886 1061 1930 Flavio,
1102 1886 1128 1923 s1
1149 1886 1304 1925 Flavius
1327 1887 1425 1926 nihil
1447 1890 1589 1928 debet?
1621 1891 1718 1943 quid

303 1950 370 1990 hic
392 1965 504 2004 porro
525 1965 630 1990 nunc
662 1952 918 2005 restipulatur,
946 1953 1050 2005 quod
1071 1953 1309 2006 jampridem
1329 1955 1408 2008 ipse
1429 1956 1556 2009 exegit
1576 1958 1589 1994 ?
1621 1959 1718 2010 quid

305 2030 393 2055 vero
414 2017 568 2056 Flavius
597 2018 670 2056 tibi
696 2019 852 2057 daturus
886 2019 966 2063 est,
999 2021 1067 2071 qui
1089 2019 1232 2058 Roscio
1263 2035 1379 2059 omne
1414 2023 1519 2074 quod
1552 2023 1715 2070 debuit,

303 2081 502 2121 dissolvit?
534 2083 660 2122 curin
681 2098 719 2122 re
752 2093 828 2123 tam
852 2085 982 2130 veteri,
1005 2085 1045 2123 in
1079 2086 1235 2138 negotio
1262 2096 1341 2125 tam
1362 2087 1553 2134 confecto,
1586 2090 1627 2128 in
1654 2091 1719 2129 so-

303 2147 441 2187 cietate
471 2147 662 2194 dissoluta,
693 2162 791 2187 nova
820 2149 902 2188 haec
937 2150 1174 2204 restipulatio
1204 2151 1494 2206 interponitur?
1527 2156 1628 2208 Qis
1663 2157 1717 2195 est

301 2213 419 2267 hujus
441 2215 738 2268 restipulationis
759 2216 919 2270 scriptor
937 2218 949 2255 ἓ
973 2218 1103 2256 testis?
1125 2219 1286 2257 arbiter?
1308 2221 1437 2272 Qis?
1461 2231 1503 2260 tu
1525 2222 1623 2260 Piso.
1648 2224 1716 2261 Tu

304 2282 411 2321 enim
433 2283 498 2334 Q
517 2282 706 2321 Roscium
727 2297 796 2336 pro
815 2297 941 2337 opera,
962 2299 1033 2338 pro
1054 2286 1196 2331 labore,
1230 2287 1337 2340 quod
1365 2289 1543 2340 cognitor
1571 2286 1714 2334 fuiffet,

303 2349 410 2400 quod
429 2349 647 2388 vadimonia
667 2350 816 2397 obiffet,
848 2352 998 2405 rogasti,
1022 2362 1064 2391 ut
1087 2354 1235 2392 Fannio
1256 2354 1360 2392 daret
1387 2355 1478 2392 H-S
1501 2365 1713 2401 eceman,

303 2411 377 2452 hac
407 2416 646 2462 conditione,
678 2427 734 2462 ut,
772 2418 797 2456 s1
819 2419 914 2471 quid
936 2419 1001 2457 ille
1021 2419 1200 2472 exegisset
1232 2434 1251 2456 a
1272 2419 1419 2462 Flavio,
1452 2428 1602 2471 partem
1633 2422 1716 2474 ejus

306 2477 511 2519 dimidiam
531 2482 671 2520 Roscio
703 2483 929 2522 diss‘olveret.
978 2485 1120 2522 Satisne
1145 2485 1212 2522 ista
1233 2484 1467 2537 restipulatio
1489 2484 1613 2524 dicere
1643 2487 1715 2525 tibi

306 2544 457 2584 videtur
477 2557 617 2600 aperte,
641 2549 827 2589 Roscium
849 2565 918 2603 pro
939 2552 975 2589 se
994 2551 1170 2590 decidifi'e
1190 2551 1202 2587 ?

1328 2619 1364 2656 O
1390 2630 1410 2657 2
