2201 2792
703 179 840 220 PRO
898 178 950 216 A.
1011 174 1323 214 CAECINA.
1636 184 1711 225 525

322 286 377 325 est
395 296 544 327 eorum,
561 280 703 334 quibus
724 279 777 317 est
796 277 948 316 deditus
966 294 978 322 3
1010 275 1037 314 fi
1067 287 1145 313 non
1171 272 1382 325 accipiunt,
1417 279 1458 308 ut
1480 270 1715 308 Mancinum

324 348 576 393 Numantini,
607 346 746 384 retinet
775 345 964 396 integram
991 339 1154 384 causam,
1187 347 1224 376 et
1249 339 1313 390 jus
1334 336 1514 375 civitatis.
1549 336 1587 373 Si
1613 345 1717 387 pater

326 417 497 456 vendidit
517 427 621 459 eum,
643 426 760 465 quem
782 411 822 449 in
843 410 947 448 suam
969 407 1193 461 potestatem
1217 403 1439 456 susceperat,
1469 415 1516 440 ex
1536 400 1718 454 potestate

326 483 506 522 dimittit.
538 482 626 532 Jam
648 477 814 532 populus
834 489 926 514 cum
946 488 1037 512 eum
1058 470 1243 515 vendidit,
1277 470 1345 522 qui
1366 469 1477 507 miles
1498 467 1619 505 faetus
1641 481 1717 504 non

327 550 394 596 est,
416 563 493 588 non
513 547 651 586 adimit
682 545 716 583 ei
744 545 989 585 libertatem3
1022 539 1083 577 sed
1107 537 1271 591 judicat,
1303 550 1381 574 non
1408 534 1478 573 effe
1507 548 1597 572 eum
1618 534 1718 571 libe-

329 630 431 660 rum,
454 615 536 668 qui,
559 622 602 651 ut
621 612 720 650 liber
747 611 806 655 fit,
837 608 940 646 adire
960 605 1178 660 periculum
1200 602 1339 641 noluit.
1376 603 1487 640 Cum«
1505 610 1633 639 autem
1655 599 1719 636 in-

329 682 487 721 censum
507 679 652 722 vendit,
674 675 749 715 hoc
765 674 942 728 judicat;
974 685 1066 710 cum
1087 671 1133 715 is,
1166 669 1233 722 qui
1255 669 1295 706 in
1321 668 1499 706 servitute
1514 667 1613 719 justa
1633 665 1719 703 fue-

329 748 393 793 rit,
415 745 528 786 censu
548 744 745 786 liberetur,
775 754 881 784 eum,
903 738 986 791 qui,
1018 750 1110 776 cum
1128 735 1226 772 liber
1246 732 1349 778 estet,
1377 732 1518 770 censeri
1539 731 1725 775 noluerit,

330 813 459 866 ipsum
478 811 547 849 fibi
568 809 787 846 libertatem
807 802 1046 857 abjudicaffe.
1080 800 1200 852 Qod
1230 799 1256 837 fi
1288 798 1459 836 maxime
1489 796 1578 835 iisce
1609 796 1721 833 rebus

331 878 451 917 adimi
471 876 625 915 libertas
646 881 711 911 aut
730 872 863 910 civitas
884 868 1019 923 potest,
1046 881 1124 906 non
1146 865 1371 917 intelligunt
1401 863 1470 916 qui
1501 862 1582 900 haec
1610 876 1721 900 com-

333 952 564 987 memorant,
600 940 626 978 fi
657 953 723 993 per
753 937 820 976 has
841 936 1004 975 rationes
1034 932 1153 972 adimi
1181 932 1341 984 majores
1372 928 1472 983 poffe
1505 929 1722 972 voluerunt,

334 1011 409 1050 alio
430 1009 546 1048 modo
566 1004 752 1046 noluisse?

389 1076 512 1120 Nam,
546 1082 589 1112 ut
608 1071 690 1110 haec
709 1085 756 1110 ex
784 1071 871 1123 jure
904 1068 1010 1107 civili
1039 1066 1297 1120 protulerunt,
1333 1064 1381 1102 fic
1413 1061 1570 1100 afferant
1590 1060 1723 1105 velim,

333 1142 476 1196 quibus
508 1140 592 1193 lege
626 1147 691 1176 aut
718 1139 894 1176 Romana
928 1135 1061 1173 civitas
1092 1140 1158 1170 aut
1187 1131 1340 1169 libertas
1371 1137 1498 1182 erepta
1528 1127 1585 1165 fit.
1618 1127 1724 1165 Nam

336 1208 441 1262 quod
461 1207 508 1245 ad
527 1205 691 1244 exilium
722 1203 872 1247 attinet,
910 1199 1106 1254 perspicue
1136 1197 1304 1249 intelligi
1336 1194 1470 1249 potest,
1506 1193 1618 1245 quale
1653 1192 1723 1230 s1t:

335 1274 500 1313 exilium
531 1272 638 1310 enim
667 1283 744 1308 non
779 1267 1016 1321 supplicium
1050 1264 1130 1309 est,
1167 1262 1229 1301 sed
1262 1261 1486 1315 perfugium
1520 1258 1728 1311 portusque

335 1339 529 1394 supplicii.
560 1337 668 1375 Nam
701 1335 770 1389 qui
800 1334 937 1372 volunt
968 1344 1124 1385 poenam
1157 1329 1327 1381 aliquam
1357 1324 1632 1378 subterfugere,
1663 1333 1728 1361 aut

338 1406 611 1448 calamitatem,
643 1415 689 1440 eo
710 1401 834 1439 solum
856 1407 1009 1437 vertunt
1025 1415 1037 1442 3
1068 1395 1145 1434 hoc
1165 1395 1232 1438 est,
1264 1393 1389 1431 sedem
1411 1405 1452 1429 ac
1484 1391 1616 1428 locum
1638 1403 1729 1427 mu-

339 1481 435 1512 tant.
468 1472 603 1522 Itaque
623 1467 729 1506 nulla
748 1467 788 1504 in
808 1466 892 1517 lege
917 1463 1041 1502 nostra
1061 1461 1281 1514 reperietur,
1313 1467 1356 1496 ut
1376 1457 1476 1511 apud
1497 1465 1647 1494 caeteras
1669 1455 1727 1493 ci-

339 1539 489 1582 vitates,
520 1533 757 1574 maleficium
779 1531 905 1570 ullum
925 1528 1043 1568 exilio
1063 1526 1133 1565 effe
1164 1526 1374 1564 multatum
1393 1538 1402 1562 :
1434 1523 1510 1568 sed,
1543 1536 1635 1560 cum
1655 1520 1730 1558 ho-

341 1605 464 1643 mines
485 1600 652 1645 vincula,
687 1611 813 1643 neces,
849 1592 1157 1650 ignominiasque
1182 1592 1317 1636 vitant,
1349 1604 1433 1642 quae
1462 1588 1549 1627 sunt
1579 1587 1730 1640 legibus

341 1669 583 1712 constitutae3
614 1664 862 1717 confugiunt,
893 1661 996 1715 quafi
1029 1659 1076 1698 ad
1101 1672 1220 1702 aram,
1251 1657 1290 1695 in
1312 1656 1502 1695 exilium:
1535 1654 1617 1706 qui,
1646 1653 1671 1691 fi
1692 1653 1732 1690 in

342 1736 496 1775 civitate
516 1733 611 1786 legis
632 1732 712 1770 vim
734 1730 858 1768 subire
877 1728 1032 1772 vellent,
1064 1739 1141 1763 non
1162 1723 1267 1777 prius
1293 1722 1505 1764 civitatem,
1534 1732 1652 1772 quam
1672 1719 1732 1756 vi·

343 1812 439 1847 tam,
460 1801 694 1839 amitterent.
727 1797 832 1847 Qia
851 1794 1016 1838 nolunt;
1049 1805 1126 1830 non
1147 1790 1332 1828 adimitur
1351 1787 1411 1825 his
1434 1786 1580 1829 civitas,
1603 1784 1663 1822 sed
1686 1785 1732 1822 ab

343 1867 405 1907 his
426 1865 660 1918 relinquitur
680 1872 795 1915 atque
815 1860 1019 1914 deponitur
1039 1873 1048 1896 :
1073 1871 1178 1901 nam,
1200 1868 1293 1893 cum
1315 1867 1361 1892 ex
1390 1852 1516 1891 nostro
1532 1852 1617 1903 jure
1638 1850 1733 1888 dua-

346 1948 433 1973 rum
454 1934 657 1971 eivitatum
678 1942 795 1968 nemo
814 1926 885 1965 effe
905 1925 1030 1979 poffit,
1052 1933 1137 1962 tum
1159 1920 1350 1960 amittitur
1370 1918 1451 1957 haec
1472 1918 1604 1955 civitas
1625 1917 1734 1954 deni-

347 2013 437 2053 que,
458 2012 550 2036 cum
571 1998 618 2042 is,
653 1996 721 2049 qui
741 1993 929 2048 profugit,
963 1999 1135 2044 receptus
1157 1987 1209 2026 est
1229 1988 1268 2025 in
1289 1986 1468 2030 exilium,
1503 1982 1578 2022 hoc
1598 1983 1663 2028 est,
1697 1983 1735 2020 in

348 2067 461 2105 aliam
483 2065 694 2102 civitatem.

394 2130 566 2170 XXXV.
599 2128 693 2166 Non
716 2140 777 2164 me
799 2124 976 2178 praeterit,
1000 2124 1313 2174 Recuperatores,
1336 2116 1482 2155 tametsi
1503 2116 1548 2154 de
1567 2114 1737 2166 hocjure

351 2196 474 2236 multa
495 2203 688 2248 praetereO,
721 2201 849 2229 tamen
878 2202 941 2227 me
967 2188 1120 2240 longius
1140 2183 1360 2239 prolapsum
1381 2182 1464 2226 effe,
1496 2194 1613 2232 quam
1644 2179 1738 2215 ratio

350 2263 461 2301 vestri
489 2260 628 2313 judicii
663 2257 886 2312 postularit:
919 2267 1052 2293 verum
1084 2253 1123 2290 id
1155 2251 1243 2295 feci,
1276 2264 1351 2288 non
1376 2248 1478 2300 quod
1509 2259 1573 2283 vos
1595 2246 1633 2282 in
1665 2243 1736 2281 hac

352 2328 459 2367 causa
477 2327 576 2365 hanc
597 2324 853 2364 defensionem
874 2321 1076 2360 defidcrare
1096 2319 1304 2360 arbitrarer,
1329 2315 1388 2352 sed
1411 2323 1450 2350 ut
1472 2324 1602 2349 omnes
1621 2310 1736 2347 intel-

353 2395 529 2446 ligerent,
562 2406 629 2430 nec
651 2392 872 2443 ademptam
892 2388 1074 2439 cuiquam
1096 2385 1289 2422 civitatem
1310 2380 1393 2423 esse,
1425 2392 1493 2416 nec
1512 2377 1628 2414 adimi
1651 2376 1737 2428 pos-

355 2460 403 2498 se.
434 2460 524 2498 Hoc
546 2471 638 2496 cum
654 2469 716 2494 eos
734 2455 826 2494 scire
842 2454 960 2498 volui,
979 2452 1118 2503 quibus
1137 2448 1238 2500 Sylla
1259 2446 1380 2484 voluit
1404 2444 1580 2495 injuriam
1603 2441 1736 2485 facere,
