2201 2792
498 201 577 238 214
923 187 1012 226 IN
1088 187 1467 227 VERREM

496 289 687 341 adjectum
716 286 786 325 effe
807 286 965 325 oculum
985 285 1250 324 haerereditati.
1283 287 1431 324 Interea
1449 286 1528 324 dies
1546 286 1712 332 advenit,
1734 301 1813 339 quo
1833 288 1893 326 die

498 354 569 393 sese
589 367 635 392 ex
655 353 841 396 instituto,
873 365 915 390 ac
936 352 1018 403 lege
1040 351 1212 402 Rupilia,
1243 351 1344 388 dicas
1375 351 1598 389 sortiturum
1620 353 1805 403 Syracusis
1826 353 1893 390 iste

497 420 665 457 edixerat
683 434 691 457 :
720 428 868 470 paratus
890 417 935 454 ad
955 415 1054 453 hanc
1074 416 1201 453 dicam
1221 415 1451 454 sortiendam
1470 427 1637 456 venerat.
1673 418 1782 456 Tum
1803 431 1895 456 eum

496 486 608 524 docet
643 484 874 527 Heraclius,
919 495 998 520 non
1028 480 1128 534 poffe
1158 495 1203 518 eo
1237 481 1298 518 die
1327 481 1475 526 sortiri,
1506 483 1611 533 quod
1639 483 1702 521 lex
1733 484 1894 534 Rupilia

495 560 636 589 vetaret
656 550 790 587 diebus
812 562 899 586 xxx
922 548 1045 585 sortiri
1065 547 1206 591 dicam,
1234 547 1376 598 quibus
1397 547 1534 599 scripta
1554 548 1655 586 effet.
1688 549 1782 586 Dies
1802 563 1889 588 xxx

497 616 673 654 nondum
706 614 870 652 fuerant.
916 612 1092 664 Sperabat
1114 612 1330 656 Heraclius,
1362 613 1388 648 fi
1416 612 1531 649 illum
1562 613 1665 650 diem
1691 612 1892 665 effugisset,

496 691 583 720 ante
600 682 757 718 alteram
778 680 1017 717 sortitionem
1037 679 1286 728 QArrium,
1307 691 1425 729 quem
1445 679 1642 729 provincia
1662 687 1747 716 tum
1768 679 1895 716 maxi-

497 762 560 786 me
579 747 811 799 expedtabat,
843 744 1111 783 successurum.
1144 744 1216 781 Iste
1246 744 1426 781 omnibus
1458 744 1553 781 dicis
1586 745 1689 783 diem
1720 744 1891 789 distulit,

495 822 534 851 et
553 827 636 851 eam
657 813 759 850 diem
780 811 991 854 constituit,
1022 819 1066 847 ut
1093 809 1191 847 hanc
1212 810 1386 848 Heraclii
1408 809 1532 847 dicam
1553 810 1675 847 sortiri
1705 810 1786 862 post
1815 810 1894 847 dies

497 893 586 916 xxx
608 891 654 915 ex
675 878 756 928 lege
776 875 907 928 posset.
941 875 1189 926 Posteaquam
1209 888 1251 912 ea
1281 875 1361 912 dies
1381 875 1499 919 venit,
1531 874 1598 912 iste
1618 875 1755 927 incipit
1776 875 1894 912 simu-

496 945 572 981 lare
592 943 627 980 se
648 943 744 980 velle
764 942 901 980 sortiri.
934 941 1137 979 Heraclius
1159 954 1251 978 cum
1271 941 1459 978 advocatis
1480 940 1572 983 adit,
1596 949 1633 977 et
1653 940 1830 991 postulat,
1853 949 1896 977 ut

495 1010 565 1048 fibi
586 1023 677 1047 cum
698 1008 919 1061 palaestritis,
941 1006 1016 1044 hoc
1036 1006 1102 1050 est,
1135 1019 1227 1043 cum
1248 1006 1393 1058 populo
1415 1004 1656 1056 Syracusano,
1686 1019 1796 1057 aequo
1810 1006 1897 1057 jure

496 1076 701 1127 disceptare
732 1074 856 1111 liceat.
902 1072 1116 1110 Adversarii
1147 1070 1353 1123 postulant,
1390 1079 1433 1108 ut
1460 1071 1501 1108 in
1520 1083 1604 1108 eam
1636 1084 1717 1108 rem
1745 1070 1897 1123 judices

495 1142 647 1186 dentur,
679 1154 726 1179 ex
746 1138 806 1177 his
828 1138 1063 1182 civitatibus,
1096 1151 1180 1189 quae
1201 1138 1240 1174 in
1264 1137 1303 1174 id
1327 1136 1456 1174 forum
1478 1137 1740 1180 convenirent,
1771 1137 1896 1181 electi,

495 1208 565 1260 qui
585 1208 695 1244 Verri
716 1206 946 1243 viderentur.
975 1203 1178 1241 Heraclius
1198 1211 1342 1246 contra,
1365 1211 1407 1239 ut
1422 1202 1572 1253 judices
1594 1216 1614 1238 e
1633 1202 1716 1253 lege
1737 1202 1896 1254 Rupilia

497 1274 661 1317 dentur5
695 1281 737 1308 ut
768 1271 813 1307 ab
834 1269 1016 1308 institutis
1037 1268 1290 1320 superiorum,
1326 1267 1372 1305 ab
1403 1268 1624 1306 auctoritate
1655 1267 1816 1312 senatus,
1848 1267 1894 1304 ab

491 1339 578 1390 jure
597 1338 774 1376 omnium
797 1335 1015 1374 Siculorum
1038 1348 1083 1372 ne
1105 1334 1313 1372 recedatur.

552 1404 663 1440 XVI.
697 1402 804 1453 Qid
825 1415 896 1453 ego
926 1401 1029 1438 istius
1052 1401 1091 1437 in
1107 1401 1192 1452 jure
1213 1399 1376 1437 dicendo
1397 1399 1615 1443 libidinem,
1648 1399 1798 1443 scelera,
1826 1398 1894 1437 de-

497 1469 707 1507 monstrem
728 1469 740 1504 ?
773 1467 858 1518 quis
880 1465 1044 1503 vestrum
1065 1478 1142 1502 non
1166 1478 1213 1502 ex
1234 1465 1376 1502 urbana
1401 1464 1664 1515 jurisdictione
1685 1464 1894 1516 cognovit?

497 1535 584 1586 quis
607 1547 793 1586 unquam,
816 1533 885 1570 isto
913 1534 1089 1576 Praetore,
1113 1530 1329 1569 Chelidone
1350 1531 1482 1575 invita,
1506 1531 1587 1582 lege
1607 1544 1714 1582 agere
1736 1530 1894 1582 potuit?

497 1613 576 1638 non
597 1599 733 1642 istum,
749 1607 790 1635 ut
812 1612 888 1635 non
910 1597 1121 1641 neminem,
1141 1597 1338 1648 provincia
1358 1597 1531 1648 corrupit
1550 1611 1558 1633 z
1591 1596 1692 1632 idem
1714 1594 1801 1640 fuit,
1829 1595 1898 1646 qui

496 1666 648 1703 Romae.
697 1666 799 1701 Cum
822 1663 874 1706 id,
906 1662 1012 1713 quod
1037 1674 1170 1699 omnes
1202 1661 1482 1716 intelligebant,
1515 1661 1655 1698 diceret
1676 1660 1896 1704 Heraclius,

490 1731 554 1782 jus
575 1729 646 1767 effe
665 1738 814 1766 certum
837 1728 989 1772 Siculis,
1020 1728 1118 1764 inter
1145 1726 1179 1764 se
1209 1741 1286 1778 quo
1311 1727 1397 1778 jure
1423 1735 1634 1771 certarent,
1667 1726 1793 1778 legem
1827 1724 1898 1763 effe

497 1795 716 1847 Rupiliam,
750 1807 868 1845 quam
890 1794 934 1830 P.
959 1793 1141 1844 Rupilius
1165 1791 1307 1829 Consul
1335 1792 1381 1829 de
1411 1792 1546 1828 decem
1567 1792 1782 1843 legatorum
1812 1790 1897 1827 sen-

498 1861 618 1897 tentia
637 1859 819 1902 dedisset;
851 1857 926 1894 hoc
945 1871 1077 1895 omnes
1100 1857 1244 1908 semper
1264 1858 1303 1893 in
1324 1857 1452 1894 Sicilia
1473 1856 1671 1899 Consules,
1696 1854 1896 1892 Praetores-

498 1939 572 1977 que
594 1925 767 1967 servaffe5
792 1923 942 1975 negavit
963 1922 997 1959 se
1012 1922 1162 1973 judices
1183 1935 1202 1958 e
1223 1922 1305 1972 lege
1326 1921 1486 1973 Rupilia
1505 1920 1740 1958 sortiturum.
1766 1920 1898 1971 Qin-

497 2004 573 2042 que
588 1990 752 2041 judices,
775 2002 869 2039 quos
891 1987 1146 2025 commodum
1166 1986 1232 2038 ipsi
1254 1985 1342 2030 fuit,
1364 1986 1481 2024 dedit.

554 2056 661 2106 Qid
695 2054 768 2092 hoc
799 2054 959 2091 homine
980 2052 1125 2090 facias?
1157 2053 1261 2103 quod
1293 2052 1527 2105 supplicium
1562 2052 1724 2103 dignum
1745 2051 1899 2089 libidini

499 2124 580 2174 ejus
601 2122 768 2159 invenias
789 2121 800 2156 ?
835 2119 1102 2171 Praescriptum
1135 2119 1206 2156 tibi
1227 2132 1319 2155 cum
1340 2118 1440 2162 effet,
1472 2117 1593 2155 homo
1614 2117 1829 2162 deterrime,
1860 2126 1898 2155 et

500 2186 840 2241 impudentissime,
856 2184 1186 2236 quemadmodum
1205 2184 1303 2221 inter
1321 2184 1466 2221 Siculos
1482 2183 1631 2235 judices
1652 2183 1755 2220 dares
1772 2199 1782 2226 3
1806 2195 1898 2219 cum

500 2252 736 2305 imperatoris
770 2250 904 2302 populi
927 2249 1094 2286 Romani
1125 2249 1339 2292 auctoritas,
1373 2248 1586 2300 legatorum
1617 2248 1764 2290 decem,
1794 2246 1899 2283 sum—

500 2331 656 2355 morum
677 2316 898 2358 hominum,
920 2314 1098 2365 dignitas,
1131 2312 1522 2351 senatus-consultum
1543 2310 1804 2354 intercederet,
1827 2324 1897 2348 cu-

495 2386 558 2435 jus
580 2381 754 2420 consulto
778 2382 820 2418 l'.
843 2380 1025 2431 Rupilius
1058 2379 1103 2415 de
1124 2378 1256 2415 decem
1288 2378 1502 2430 legatorum
1523 2376 1705 2414 sententia
1737 2376 1837 2427 leges
1860 2377 1898 2414 in

503 2449 632 2487 Sicilia
651 2447 923 2490 constituerat,
955 2459 1045 2483 cum
1067 2457 1199 2482 omnes
1221 2453 1305 2481 ante
1328 2454 1362 2481 te
1386 2445 1579 2486 Praetores,
1604 2442 1779 2494 Rupilias
1798 2441 1900 2493 leges

496 2524 539 2556 (τί
559 2515 598 2553 in
620 2514 763 2552 cacteris
785 2514 911 2556 rebus,
943 2522 979 2550 et
1002 2513 1038 2549 in
1055 2510 1211 2563 judiciis
1234 2510 1402 2548 maxime
1424 2508 1699 2553 observass‘ent5
1733 2517 1773 2546 tu
1793 2507 1901 2547 ausus
