2201 2792
731 171 1274 211 DIVINATIO.
1635 187 1709 229 127

300 277 524 334 provincia:
557 287 647 314 nam
678 274 876 328 provincia
907 273 1070 319 accusat,
1102 287 1195 312 cum
1227 273 1258 311 is
1280 273 1359 326 agit
1391 273 1557 319 causam,
1591 289 1711 328 quem

299 345 372 383 fibi
389 344 456 382 illa
475 341 714 381 defensorem
734 341 792 379 sui
805 341 920 393 juris,
951 340 1119 380 ultorem
1139 340 1384 393 injuriarum,
1406 341 1575 379 actorem
1595 343 1712 382 causae

298 411 417 450 totius
437 410 647 464 adoptavit.
1533 449 1535 451 ,

354 478 488 517 XVII.
521 479 577 516 At
597 490 683 515 eam
713 476 785 515 tibi
807 477 855 515 C.
880 476 1018 514 Verres
1047 475 1140 514 fecit
1160 475 1358 528 injuriam,
1381 489 1466 528 quae
1486 484 1713 515 caeterorum

299 558 458 598 quoque
477 545 628 583 animos
647 543 769 598 poffet
788 544 914 582 alieno
933 543 1188 582 incommodo
1215 556 1478 582 commovere.
1510 544 1685 582 Minime
1703 559 1713 583 ε

299 625 392 650 nam
407 612 448 650 id
468 625 625 664 quoque
653 611 700 649 ad
720 624 802 649 rem
823 611 1013 664 pertinere
1033 611 1210 656 arbitror,
1242 611 1367 663 qualis
1389 610 1529 663 injuria
1549 610 1716 657 dicatur,

301 666 387 732 quae
404 679 513 718 causa
531 679 830 717 inimicitiarum
850 677 1078 731 proferatur.
1111 677 1345 730 Cognoscite
1365 692 1412 716 ex
1428 691 1492 716 me
1507 693 1516 716 z
1539 692 1630 717 nam
1648 678 1718 717 iste

300 758 385 784 eam
402 744 588 799 profecto,
605 746 675 783 nifi
691 744 806 798 plane
824 743 926 783 nihil
942 745 1051 798 sapit,
1071 758 1274 796 nunquam
1293 743 1476 798 proferet.
1497 745 1647 797 Agonis
1664 745 1716 784 est

300 812 499 865 quaedam‚
534 812 799 864 Lilybaetana,
836 811 976 850 liberta
1009 811 1170 849 Veneris
1207 812 1385 863 Erycinae
1400 830 1417 857 5
1459 826 1546 864 quae
1575 812 1718 850 mulier

303 888 390 918 ante
408 878 515 918 hunc
550 879 791 930 Qaestorem
819 879 972 932 copiosa
1000 878 1113 932 plane
1145 888 1184 917 et
1212 878 1387 932 locuples
1418 878 1509 917 fuit.
1559 879 1624 917 Ab
1645 878 1718 917 hac

305 944 503 996 praefeffitus
536 946 701 984 Antonii
734 946 896 997 quidam
928 945 1226 998 symphoniacos
1251 945 1374 984 servos
1406 945 1622 984 abducebat
1651 959 1721 999 per

306 1009 503 1062 injuriam,
525 1010 667 1062 quibus
689 1009 724 1047 se
744 1011 785 1047 in
805 1010 916 1048 claffe
939 1012 998 1049 uti
1017 1012 1117 1049 velle
1137 1012 1303 1050 dicebat.
1335 1013 1446 1050 Tum
1466 1012 1547 1057 illa,
1570 1021 1614 1050 ut
1632 1025 1719 1051 mos

306 1075 349 1113 in
371 1075 499 1114 Sicilia
529 1075 582 1114 est
611 1076 792 1114 omnium
811 1076 1091 1122 Venereorum,
1124 1086 1163 1115 et
1192 1090 1343 1122 eorum,
1375 1078 1444 1129 qui
1464 1091 1485 1115 a
1503 1079 1654 1116 Venere
1683 1079 1720 1117 se

306 1141 578 1186 liberaverunt,
611 1151 654 1179 ut
673 1141 854 1194 praefecto
874 1143 933 1180 illi
953 1144 1183 1195 religionem
1204 1144 1381 1189 Veneris,
1403 1157 1626 1198 nomenque
1645 1145 1721 1184 ob-

298 1207 449 1260 jiceret,
481 1206 580 1246 dixit
601 1216 638 1245 et
656 1207 704 1252 se,
726 1216 763 1245 et
783 1208 915 1245 omnia
934 1208 1013 1253 sua,
1033 1209 1195 1247 Veneris
1216 1209 1303 1248 esse.

361 1273 444 1311 Ubi
463 1272 540 1311 hoc
557 1274 747 1328 Quaestori
768 1274 942 1320 Caecilio,
970 1275 1052 1313 viro
1070 1274 1239 1328 optimo,
1259 1284 1297 1314 et
1315 1274 1472 1314 homini
1491 1277 1719 1330 aequifiimo,

304 1340 531 1379 nuntiatum
553 1341 618 1386 est,
651 1342 777 1379 vocari
797 1342 843 1380 ad
864 1341 900 1380 se
921 1342 1146 1395 Agonidem
1166 1343 1281 1395 jubet
1298 1362 1309 1389 3
1336 1343 1535 1396 judicium
1556 1345 1620 1383 dat
1645 1345 1720 1384 sta-

247 1411 252 1415 ”
307 1406 396 1452 tim,
429 1406 456 1444 fi
481 1417 642 1459 pareret,
673 1421 772 1451 eam,
806 1408 842 1446 se
873 1418 911 1446 et
942 1409 1007 1447 sua
1027 1409 1187 1448 Veneris
1219 1409 1304 1456 effe,
1338 1409 1485 1449 dixisse.
1535 1412 1722 1462 Judicant

306 1482 588 1526 recuperatores
609 1473 663 1518 id,
697 1473 803 1526 quod
824 1473 969 1512 neceffe
1002 1483 1107 1513 erat:
1140 1490 1265 1528 neque
1294 1478 1402 1515 enim
1433 1487 1512 1516 erat
1536 1478 1723 1531 cuiquam

305 1540 487 1586 dubium,
511 1541 608 1594 quin
628 1539 696 1578 illa
714 1540 879 1580 dixiffet.
913 1541 987 1580 Iste
1006 1541 1047 1580 in
1069 1541 1333 1595 poffeffionem
1359 1543 1555 1583 bonorum
1575 1545 1722 1583 mulie-

308 1606 359 1644 ris
380 1607 531 1645 mittit:
564 1607 685 1659 ipsam
707 1607 848 1645 Veneri
879 1608 920 1645 in
950 1608 1172 1647 servitutem
1203 1610 1423 1662 adjudicat:
1457 1611 1596 1649 deinde
1621 1612 1725 1650 bona

307 1672 467 1710 vendit:
501 1673 708 1724 pecuniam
741 1673 893 1724 redigit.
941 1674 1011 1717 Ita,
1044 1674 1140 1712 dum
1170 1688 1292 1726 pauca
1322 1676 1529 1729 mancipia,
1557 1677 1720 1715 Veneris

308 1738 481 1782 nomine,
514 1738 678 1790 Agonis,
711 1751 753 1775 ac
774 1738 958 1791 religIOne
979 1739 1141 1777 retinere
1161 1740 1260 1784 vult,
1296 1739 1470 1779 fortunas
1491 1755 1640 1787 omnes,
1669 1743 1720 1780 li-

308 1805 576 1857 bertatemque
596 1804 703 1842 suam
724 1805 829 1843 istius
851 1805 992 1858 injuria
1010 1806 1191 1858 perdidit.
1215 1806 1437 1859 Lilybaeum
1459 1808 1594 1847 Verres
1615 1810 1722 1848 venit

306 1872 463 1926 postea:
507 1885 587 1910 rem
623 1871 821 1925 cognoscit
844 1887 852 1910 z
895 1871 1044 1910 [38111111
1075 1873 1298 1926 improbat:
1341 1876 1449 1927 cogit
1480 1875 1722 1925 Qaestorem

308 1939 421 1978 suum
458 1939 678 1992 pecuniam,
714 1952 832 1992 quam
863 1953 911 1978 ex
931 1940 1124 1992 Agonidis
1146 1941 1258 1979 bonis
1279 1941 1490 1995 redegiffet,
1523 1956 1610 1981 eam
1629 1957 1722 1983 mu-

309 2005 395 2044 lieri
415 2020 576 2045 omnem
596 2020 861 2052 annumerare,
883 2016 921 2045 et
942 2007 1108 2046 reddere.

366 2072 435 2110 Est
467 2071 608 2117 adhuc,
641 2073 681 2110 id
713 2074 818 2125 quod
849 2087 915 2111 vos
936 2087 1071 2111 omnes
1103 2074 1282 2112 admirari
1312 2075 1436 2121 video,
1468 2090 1547 2115 non
1568 2078 1720 2123 Verres,

310 2137 373 2176 sed
390 2138 642 2189 QMucius.
676 2138 785 2189 Qid
801 2139 905 2176 enim
922 2138 1045 2177 facere
1064 2140 1194 2192 potuit
1213 2141 1425 2194 elegantius
1446 2143 1491 2181 ad
1511 2142 1723 2182 hominum

310 2204 637 2243 existimationem
656 2204 669 2240 ?
693 2205 838 2258 aequius
860 2205 906 2242 ad
927 2205 1129 2244 levandam
1149 2207 1323 2246 mulieris
1341 2209 1600 2247 calamitatem
1617 2210 1629 2245 ?
1654 2222 1721 2246 ve-

309 2269 532 2310 hementius
564 2271 611 2309 ad
647 2271 855 2323 Qaestoris
891 2272 1098 2312 libidinem
1129 2276 1411 2314 coercendam?
1448 2278 1608 2313 Summe
1637 2273 1721 2312 haec

310 2339 443 2377 omnia
473 2337 575 2377 mihi
607 2338 888 2377 videntur-effe
915 2339 1116 2379 laudanda.
1159 2342 1230 2380 Sed
1248 2352 1403 2394 repente
1423 2355 1443 2378 e
1462 2341 1634 2392 vestigio,
1674 2355 1722 2381 ex

310 2403 486 2451 homine,
508 2414 693 2458 tanquam
714 2406 846 2458 aliquo
868 2407 1017 2446 Circaeo
1035 2408 1192 2460 poculo,
1213 2407 1336 2445 [361115
1357 2407 1409 2444 est
1429 2407 1562 2446 Verres
1581 2423 1591 2446 z
1623 2408 1721 2447 redit

313 2471 360 2508 ad
379 2471 428 2516 se,
459 2481 574 2525 atque
604 2473 651 2510 ad
681 2487 806 2512 mores
827 2474 912 2513 suos
931 2490 939 2512 :
972 2489 1063 2513 nam
1084 2489 1131 2512 ex
1152 2475 1217 2511 illa
1246 2474 1409 2526 pecunia
1428 2488 1611 2527 magnam
1630 2489 1721 2529 pare

313 2544 396 2574 tem
415 2537 462 2575 ad
480 2537 516 2576 se
535 2539 647 2578 vertit
659 2556 672 2586 3
704 2540 860 2579 mulieri
880 2540 1047 2580 reddidit
1067 2540 1303 2594 quantulum
1324 2539 1448 2580 visum
1468 2540 1535 2581 est.
