2201 2792
574 139 919 179 ACTIONIS
962 140 1015 179 ΙΙ.
1075 141 1287 181 LIBER
1318 144 1370 182 11.
1598 159 1676 200 259

269 239 414 294 perfeci
428 258 441 286 ς
464 247 507 278 ut
525 238 642 278 etiam
662 239 785 277 obeffe
805 239 973 285 deberet,
991 249 1033 278 tu
1056 249 1120 278 tua
1139 239 1320 294 sapientia
1335 241 1485 281 curasti.
1517 243 1678 282 Etenim

270 319 352 345 rem
372 314 508 350 totam,
530 305 702 357 Judices‚
725 306 890 344 breviter
908 305 1141 359 cognoscite.
1509 356 1513 358 ῃ

324 371 454 410 LXX.
487 372 533 409 In
554 370 739 423 scriptura
758 371 899 409 Siciliae
919 385 989 425 pro
1010 372 1190 425 magistro
1210 372 1263 410 est
1282 373 1442 425 quidam
1467 374 1515 412 L.
1540 375 1679 427 Carpi-

269 438 410 482 natius,
432 437 501 490 qui
521 446 559 475 et
578 436 634 475 sui
654 437 817 490 quaestus
837 437 960 484 causa,
990 447 1028 477 et
1046 437 1197 477 fortaffe
1216 439 1322 492 quod
1341 439 1533 478 sociorum
1557 440 1678 478 inter-

270 503 341 541 effe
361 504 629 549 arbitrabatur,
666 504 763 542 bene
782 504 936 557 penitus
956 505 996 542 in
1017 504 1124 544 istius
1145 504 1445 544 familiaritatem
1468 505 1539 544 sese
1558 506 1678 545 dedit.

270 569 321 614 Is,
355 582 447 608 cum
468 571 676 608 Praetorem
707 570 858 609 circum
893 571 1026 609 omnia
1055 569 1137 610 fora
1155 571 1368 617 sedtaretur,
1400 585 1526 624 neque
1556 573 1602 610 ab
1634 586 1679 610 eo

270 649 446 688 unquam
466 636 688 682 discederet,
722 637 763 675 in
783 651 867 675 eam
892 638 975 689 jam
994 647 1149 676 venerat
1168 636 1486 684 familiaritatem,
1519 639 1680 677 consue-

271 704 530 757 tudinemque
560 704 601 742 in
631 704 839 742 vendendis
859 704 966 742 istius
997 704 1158 743 decretis
1190 713 1228 743 et
1256 705 1432 758 judiciis,
1469 706 1679 758 transigen-

271 769 406 822 disque
427 771 607 823 negotiis,
639 779 683 808 ut
711 784 831 824 prope
852 770 945 808 alter
965 770 1237 809 Timarchides
1264 781 1542 811 numeraretur.
1588 772 1682 811 Hoc

269 845 349 875 erat
367 837 484 875 etiam
504 837 716 890 capitalior,
734 837 840 889 quod
859 837 966 875 idem
985 838 1190 890 pecuniam
1206 838 1268 883 iis,
1287 838 1355 890 qui
1374 838 1422 877 ab
1442 838 1512 876 isto
1532 837 1680 890 aliquid

271 903 719 961 mercabantur,'foenori
739 904 866 942 dabat,
897 905 955 942 Ea
974 914 1103 943 autem
1123 903 1326 943 foeneratio
1345 914 1423 943 erat
1442 903 1680 957 hujusmodi,

272 970 443 1021 Judices‚
476 979 519 1009 ut
549 971 666 1009 etiam
696 969 763 1009 hic
784 970 946 1023 quaestus
977 970 1072 1009 huic
1092 971 1256 1010 cederet.
1288 972 1410 1017 Nam,
1445 985 1539 1024 quas
1558 985 1681 1025 pecu-

271 1038 352 1075 nias
382 1038 428 1076 iis
461 1036 607 1076 ferebat
640 1036 847 1090 expensa3‚
877 1037 1112 1089 quibuscum
1145 1036 1424 1084 contrahebat,
1459 1047 1524 1077 aut
1553 1038 1682 1077 scribae

270 1104 394 1150 istius,
412 1113 477 1142 aut
496 1102 756 1148 Timarchidi,
771 1112 836 1141 aut
855 1103 972 1141 etiam
990 1103 1055 1156 ipsi
1076 1104 1137 1142 isti
1156 1103 1341 1143 referebat
1359 1114 1547 1158 acceptaS.
1570 1104 1679 1143 Idem

270 1178 449 1223 praeterea
466 1169 647 1222 pecunias
678 1169 784 1207 istius
805 1168 1119 1208 extraordinarias
1138 1171 1298 1223 grandes
1328 1170 1395 1209 suo
1423 1171 1584 1209 nomine
1603 1169 1679 1209 foe-

269 1237 486 1276 nerabatur.

327 1305 410 1343 Hic
430 1305 558 1358 primo
579 1304 838 1358 Carpinatius,
871 1312 1080 1357 antequam
1103 1305 1144 1343 in
1178 1305 1284 1344 istius
1311 1314 1457 1344 tantam
1477 1305 1680 1345 familiari-

251 1380 392 1410 ·tatem
424 1370 664 1424 perveniffet,
694 1371 898 1423 aliquoties
932 1371 978 1409 ad
1008 1371 1127 1410 socios
1158 1372 1282 1410 literas
1315 1373 1361 1410 de
1394 1372 1500 1411 istius
1530 1373 1681 1425 injuriis

273 1438 438 1477 miserat.
472 1437 682 1476 Canuleius
715 1450 818 1482 vero,
851 1437 919 1490 qui
954 1438 994 1476 in
1025 1447 1140 1491 portu
1169 1439 1354 1490 Syracufis
1388 1452 1518 1492 operas
1553 1439 1680 1484 dabat,

271 1503 375 1542 furta
406 1517 561 1556 quoque
592 1503 697 1541 istius
729 1503 921 1556 permulta
941 1504 1175 1542 nominatim
1209 1505 1255 1542 ad
1275 1504 1395 1542 socios
1422 1503 1682 1557 perscripserat

272 1584 328 1615 ea,
362 1584 446 1622 quae
467 1570 543 1608 fine
562 1569 732 1622 portorio
755 1569 941 1620 Syracusis
962 1579 1068 1608 erant
1087 1580 1310 1623 exportata:
1345 1581 1504 1624 portum
1535 1580 1679 1616 autem,

272 1646 310 1675 et
330 1636 557 1688 scripturam
591 1635 724 1672 eadem
745 1633 899 1673 societas
919 1634 1100 1674 habebat.
1146 1637 1205 1674 Ita
1225 1635 1371 1674 factum
1405 1637 1470 1682 est,
1503 1646 1546 1675 ut
1565 1637 1682 1675 effent

272 1703 478 1758 permulta,
510 1715 594 1754 quae
615 1714 663 1739 ex
694 1700 881 1740 societatis
910 1701 1028 1740 literis
1050 1702 1175 1740 dicere
1206 1703 1246 1740 in
1276 1703 1408 1747 istum,
1440 1717 1482 1741 ac
1513 1702 1682 1757 proferre

271 1769 478 1823 possemus.
526 1769 673 1806 Verum
707 1767 862 1813 accidit,
894 1777 937 1806 ut
968 1769 1228 1821 Carpinatius,
1274 1769 1342 1821 qui
1367 1770 1451 1821 jam
1484 1783 1576 1807 cum
1610 1769 1682 1809 isto

272 1837 423 1876 summa
442 1835 734 1880 consuetudine,
764 1844 942 1887 praeterea
973 1849 1026 1880 re,
1059 1849 1100 1873 ac
1131 1836 1290 1880 ratione,
1326 1837 1555 1888 conjunftus
1577 1836 1680 1882 effet,

273 1904 420 1941 crebras
441 1903 566 1956 postea
586 1901 710 1939 literas
731 1901 777 1939 ad
806 1901 926 1940 socios
960 1901 1006 1939 de
1036 1901 1142 1940 istius
1162 1902 1324 1940 summis
1356 1903 1494 1941 officiis
1529 1903 1570 1940 in
1599 1916 1681 1940 rem

274 1983 543 2014 communem,
575 1967 849 2020 beneficiisque
884 1968 1069 2006 mitteret.
1122 1969 1283 2006 Etenim
1313 1982 1404 2006 curn
1436 1969 1503 2007 iste
1534 1970 1679 2014 omnia,

275 2049 516 2088 quaecunque
549 2034 792 2087 Carpinatius
827 2034 1068 2086 postulabat,
1113 2033 1236 2073 facere
1270 2049 1313 2074 ac
1349 2035 1549 2074 decernere
1583 2035 1679 2074 sole-

276 2103 367 2147 bat;
399 2110 485 2139 turn
506 2101 572 2138 ille
592 2101 709 2138 etiam
729 2101 839 2153 plura
859 2100 1049 2139 scribebat
1068 2101 1113 2138 ad
1135 2101 1253 2140 socios
1273 2116 1281 2140 ε
1315 2111 1371 2147 ut,
1393 2103 1419 2140 si
1440 2102 1572 2155 posset,
1596 2117 1679 2154 quae

274 2178 383 2207 antea
404 2167 609 2220 scripserat,
640 2180 682 2204 ea
701 2167 813 2220 plane
833 2167 1087 2220 extingueret.
1121 2168 1184 2205 Ad
1214 2178 1432 2207 extremum
1454 2182 1557 2214 vero,
1588 2183 1678 2206 cuin

273 2235 341 2273 iste
369 2235 452 2286 jam
484 2233 705 2279 decedebat,
737 2233 925 2286 ejusmodi
956 2234 1081 2272 literas
1108 2235 1154 2272 ad
1183 2248 1246 2273 eos
1267 2235 1383 2280 mifit,
1417 2245 1459 2273 ut
1479 2235 1571 2272 huic
1601 2233 1678 2272 fre-

275 2311 434 2353 quentes
466 2300 622 2339 obviam
653 2300 875 2353 prodirent,
905 2300 1117 2354 gratiasque
1150 2311 1332 2354 agerent;
1364 2301 1527 2338 facturos
1562 2299 1622 2344 se,
1654 2301 1679 2337 1i

273 2368 368 2418 quid
385 2367 613 2420 imperasset,
629 2364 789 2405 studiose
810 2367 1100 2420 pollicerentur.
1125 2369 1258 2419 Itaque
1279 2367 1370 2404 socii
1391 2366 1587 2404 fecerunt:
1611 2380 1677 2403 ve-

275 2442 353 2470 tere
374 2433 549 2471 instituto
580 2433 892 2486 publicanorum,
926 2448 1003 2472 non
1036 2433 1141 2485 quod
1167 2434 1282 2470 istum
1303 2432 1384 2469 ullo
1414 2431 1560 2470 honore
1591 2433 1678 2484 dig-

275 2511 372 2537 num
391 2500 674 2546 arbitrarentur,
698 2500 758 2539 sed
778 2500 883 2553 quod
903 2500 967 2539 sua
987 2499 1157 2539 intereffe
1183 2499 1384 2552 putabant,
1417 2499 1452 2537 se
1474 2512 1679 2543 memores,

1242 2566 1279 2603 K
1300 2564 1326 2603 k
1355 2578 1376 2605 2
