2201 2792
522 138 595 190 198
948 135 1039 173 ΙΝ
1110 135 1491 173 VERREM

511 236 638 289 operis
672 235 713 274 in
747 234 815 273 ista
846 233 1036 272 locatione
1056 233 1146 278 fuit,
1178 244 1367 285 quantum
1402 247 1532 286 paucae
1565 246 1688 286 operae
1718 232 1917 272 fabrorum

514 302 700 341 mercedis
732 301 918 345 tulerunt,
949 310 987 338 et
1014 314 1149 337 manus
1178 301 1344 351 pretium
1374 299 1576 338 machinae.
1610 301 1755 339 Utrum
1786 299 1917 337 existi-

514 369 627 407 matis
662 368 792 406 minus
828 367 951 419 operis
981 366 1064 410 effe,
1103 379 1219 403 unam
1251 365 1478 403 columnam
1512 366 1660 404 efficere
1689 366 1736 403 ab
1767 366 1920 417 integro

514 449 655 473 novam
675 434 784 472 nullo
814 432 940 484 lapide
961 431 1142 475 redivivo,
1174 444 1219 468 an
1246 440 1410 482 quatuor
1429 431 1513 469 illas
1545 430 1754 484 reponere?
1786 431 1919 469 Nemo

514 500 690 544 dubitat,
722 499 818 551 quin
853 498 980 537 multo
1014 497 1138 547 majus
1169 496 1214 533 fit
1247 510 1387 534 novam
1420 496 1557 535 facere.
1606 497 1836 542 Ostendam,
1878 497 1920 534 in

514 566 658 605 aedibus
679 564 850 618 privatis,
882 563 997 615 longa
1017 562 1245 613 difficilique
1276 563 1426 600 vectura
1456 562 1657 600 columnas
1677 562 1842 614 singulas
1872 562 1919 600 ad

513 631 767 685 impluvium,
799 631 890 668 H-S
912 628 1161 682 quadragenis
1182 628 1375 673 millibus,
1406 641 1485 668 non
1505 628 1635 666 minus
1654 641 1826 682 magnas,
1857 628 1920 666 lo-

513 707 629 737 catas.

569 765 641 803 Sed
661 764 840 816 ineptum
873 762 926 800 est
946 762 992 800 de
1013 770 1092 799 tam
1112 761 1309 815 perspicua
1344 761 1449 800 istius
1470 760 1713 814 impudentia
1740 759 1919 813 pluribus

513 830 639 869 verbis
673 830 877 882 disputare,
909 828 1117 880 praesertim
1147 841 1240 865 cum
1270 828 1338 865 iste
1368 836 1494 880 aperte
1519 836 1600 866 tota
1628 826 1713 879 lege
1739 825 1920 864 omnium

514 898 744 941 sermonem,
780 905 893 948 atque
923 894 1247 933 existimationem
1281 893 1583 947 contempserit,
1628 893 1697 945 qui
1726 893 1843 931 etiam
1873 891 1920 929 ad

512 972 732 1001 extremum
753 960 977 1013 ascripserit,
1008 959 1192 998 Redivivcz
1206 959 1286 1011 fibi
1311 960 1451 997 habeto.
1484 958 1601 1009 Qafi
1622 958 1839 1010 quidquam
1858 970 1920 995 re-

514 1030 634 1069 divivi
654 1043 701 1067 ex
732 1041 845 1080 opere
874 1027 944 1064 illo
974 1026 1188 1070 tolleretur,
1219 1039 1262 1063 ac
1283 1039 1361 1063 non
1381 1034 1511 1063 totum
1541 1038 1638 1078 opus
1664 1037 1712 1063 ex
1742 1024 1920 1063 redivivis

513 1096 819 1135 constitueretur.
852 1094 907 1130 At
927 1092 1033 1129 enim
1064 1091 1090 1129 fi
1124 1091 1276 1144 pupillo
1296 1091 1435 1129 redimi
1465 1104 1543 1129 non
1563 1090 1717 1135 licebat,
1745 1103 1824 1128 non
1850 1103 1920 1128 ne-

514 1162 608 1200 ceffe
627 1169 704 1199 erat
725 1173 807 1198 rem
823 1159 869 1196 ad
887 1157 1014 1211 ipsum
1034 1157 1247 1209 pervenire:
1269 1164 1418 1208 poterat
1433 1156 1571 1207 aliquis
1593 1156 1639 1193 ad
1658 1156 1699 1193 id
1718 1155 1921 1207 negotium

513 1228 560 1266 de
579 1227 725 1280 populo
744 1224 935 1262 accedere.
960 1224 1110 1260 Omnes
1127 1221 1270 1259 exclufi
1287 1221 1373 1259 sunt
1393 1234 1471 1259 non
1491 1221 1628 1259 minus
1643 1230 1782 1273 aperte,
1801 1234 1921 1273 quam

513 1292 701 1346 pupillus.
734 1290 854 1327 Diem
874 1287 1075 1340 praestituit
1095 1287 1199 1338 operi
1219 1285 1411 1330 faciendo,
1443 1285 1633 1324 Kalendas
1654 1286 1918 1325 Decembres:

514 1359 615 1396 locat
634 1356 787 1394 circiter
808 1353 899 1393 Idus
921 1353 1168 1408 Septembres
1188 1367 1198 1391 ε
1229 1352 1411 1408 angustiis
1442 1352 1627 1406 temporis
1658 1353 1921 1392 excluduntur

515 1439 666 1465 omnes.

562 1491 691 1529 LVII.
716 1488 824 1540 Qid
842 1488 960 1540 ergo?
993 1487 1193 1526 Rabonius
1214 1487 1324 1526 istam
1341 1488 1445 1525 diem
1467 1487 1668 1539 quomodo
1686 1485 1919 1537 assequitur?

514 1558 647 1596 Nemo
668 1555 847 1593 Rabonio
868 1553 1047 1592 molestus
1068 1553 1134 1599 est,
1166 1567 1291 1606 neque
1311 1553 1494 1591 Kalendis
1516 1551 1818 1596 Decembribus,
1849 1564 1919 1589 ne-

514 1636 589 1675 que
610 1621 752 1665 Nonis,
775 1633 899 1672 neque
919 1620 1065 1658 Idibus.
1098 1620 1279 1671 Denique
1311 1619 1507 1670 aliquanto
1533 1618 1573 1655 in
1594 1617 1833 1670 provinciam
1852 1616 1921 1655 iste

513 1687 767 1740 proficiscitur
800 1685 920 1738 prius,
952 1698 1069 1736 quam
1101 1697 1197 1736 opus
1218 1683 1415 1721 effectum
1449 1683 1515 1721 est.
1549 1683 1801 1735 Posteaquam
1835 1694 1920 1720 reus

514 1753 636 1792 fanus
657 1752 722 1797 est,
755 1752 882 1804 primo
903 1751 1065 1803 negabat
1084 1764 1180 1802 opus
1201 1750 1241 1787 in
1262 1758 1464 1802 acceptum
1491 1747 1630 1787 referre
1649 1748 1763 1801 poffe.
1814 1749 1920 1786 Cum

514 1819 667 1858 instaret
688 1818 903 1861 Rabonius,
934 1818 974 1854 in
996 1830 1059 1854 me
1078 1816 1230 1854 causam
1250 1815 1487 1860 conferebat,
1511 1814 1616 1866 quod
1637 1823 1723 1852 tum
1743 1813 1920 1851 codicem

515 1884 778 1938 obfignaffem.
824 1883 924 1920 Petit
954 1895 975 1918 a
1007 1895 1072 1918 me
1103 1882 1318 1925 Rabonius,
1351 1889 1388 1918 et
1422 1881 1566 1918 amicos
1600 1880 1764 1931 allegat:
1806 1877 1920 1917 facile

515 1951 725 2002 impetrat:
771 1948 852 1991 iste,
885 1947 980 1998 quid
1015 1955 1155 1999 ageret,
1202 1946 1405 1984 nesciebat.
1457 1946 1495 1983 Si
1530 1946 1570 1983 in
1606 1954 1810 1997 acceptum
1842 1959 1920 1984 non

516 2015 713 2059 retuliffet,
745 2013 903 2066 putabat
933 2012 968 2050 se
988 2012 1135 2064 aliquid
1156 2011 1382 2050 defensionis
1414 2010 1654 2049 habiturum.
1694 2011 1921 2050 Rabonium

515 2094 629 2135 porro
660 2079 901 2131 intelligebat
935 2091 1016 2116 rem
1044 2087 1165 2117 totam
1197 2078 1267 2116 effe
1299 2077 1592 2130 patefaCturum.
1624 2078 1796 2115 Tametfi
1825 2077 1921 2129 quid

517 2155 664 2200 poterat
683 2145 753 2184 csse
774 2145 953 2197 apertius,
985 2158 1100 2197 quam
1122 2158 1224 2182 nunc
1245 2144 1311 2189 cst,
1343 2153 1386 2182 ut
1407 2158 1484 2182 uno
1504 2144 1632 2182 minus
1656 2144 1744 2182 teste
1763 2142 1920 2181 haberet

518 2213 728 2251 Rabonio?
777 2214 888 2263 Opus
923 2213 962 2248 in
993 2221 1195 2264 acceptum
1224 2211 1356 2249 retulit
1390 2210 1641 2263 quadriennio
1669 2209 1765 2262 post,
1802 2221 1920 2260 quam

518 2281 622 2318 diem
643 2279 747 2331 operi
769 2278 928 2316 dixerat.

574 2347 662 2384 Hac
707 2344 953 2389 conditione,
992 2343 1017 2381 s1
1053 2343 1139 2395 quis
1176 2343 1222 2381 de
1258 2343 1403 2396 populo
1446 2342 1665 2394 redemptor
1705 2340 1918 2386 accessisset,

519 2425 596 2449 non
617 2410 703 2448 effet
725 2410 825 2455 usus,
857 2423 949 2447 cum
980 2409 1040 2446 die
1060 2418 1212 2446 caeteros
1235 2409 1492 2460 redemptores
1513 2406 1735 2452 exclufiffet,
1768 2416 1851 2445 turn
1879 2407 1920 2444 in

519 2478 600 2532 ejus
622 2477 839 2522 arbitrium,
871 2490 912 2515 ac
943 2475 1167 2529 potestatem
1198 2475 1325 2514 venire
1346 2474 1542 2520 nolebant,
1575 2474 1643 2527 qui
1663 2473 1732 2512 fibi
1751 2482 1920 2527 ereptam
