2201 2792
504 158 579 197 192
929 142 1020 182 IN
1091 140 1475 181 VERREM

497 246 706 283 Praetorem
726 241 796 280 effe
814 250 1001 295 oportere.
1025 242 1089 279 An
1110 255 1197 279 vero
1217 241 1455 286 dubitamus,
1477 253 1555 293 quo
1576 253 1639 279 ore
1659 239 1725 278 iste
1745 246 1900 278 caeteros

496 309 675 349 homines
710 307 890 346 inferiore
921 308 1022 352 loco,
1053 308 1288 352 auooritate,
1322 307 1483 352 ordine,
1516 320 1594 358 quo
1627 319 1692 344 ore
1722 304 1900 344 homines

497 376 704 415 rusticanos
723 388 771 412 ex
793 374 1016 425 municipiis
1034 391 1045 417 ;
1078 387 1156 425 quo
1177 373 1340 425 denique
1361 386 1438 417 ore,
1461 386 1557 425 quos
1578 386 1779 424 nunquam
1801 372 1901 409 libe-

499 455 557 481 ros
578 442 740 494 putavit,
762 440 963 477 libertinos
984 437 1176 483 homines,
1210 438 1344 476 solitus
1365 439 1409 476 fit
1429 438 1631 491 appellare,
1664 439 1734 490 qui
1763 438 1814 476 ob
1838 438 1902 489 jus

497 508 707 547 dicendum
729 508 792 545 M.
817 505 1024 543 Octavium
1047 506 1248 557 Ligurem,
1270 503 1473 542 hominem
1499 504 1780 542 ornatiffimum
1800 503 1902 547 loco,

497 575 644 619 ordine,
667 573 839 617 nomine,
862 573 1016 616 virtute,
1052 571 1221 624 ingenio,
1258 571 1393 623 copiis,
1427 569 1579 623 poscere
1599 570 1806 623 pecuniam
1825 582 1904 608 non

498 640 683 678 dubitarit
702 640 714 676 ?

553 706 705 744 XLIX.
738 706 783 742 In
804 703 908 741 sartis
936 703 1042 741 tectis
1062 716 1152 740 vero
1172 701 1504 754 quemadmodum
1523 701 1596 739 sese
1615 700 1779 754 gesserit,
1811 698 1907 752 quid

499 786 571 825 ego
591 772 747 810 dicam?
770 771 979 814 Dixerunt,
1003 770 1071 822 qui
1092 769 1299 807 senserunt.
1333 770 1430 807 Sunt
1445 769 1524 813 alii,
1542 768 1611 820 qui
1632 768 1785 805 dicant:
1807 774 1907 804 notae

499 852 570 883 res,
589 852 630 876 ac
652 835 859 875 manifestae
876 836 1031 888 prolatae
1048 835 1148 880 sunt,
1167 843 1204 872 et
1218 833 1480 888 proferuntur.
1520 834 1635 871 Dixit
1652 834 1699 871 C.
1719 831 1905 875 Fannius,

499 918 613 957 eques
636 905 851 947 Romanus,
882 901 997 940 frater
1016 915 1219 955 germanus
1241 903 1303 951 Q
1318 902 1462 940 Titinii
1486 901 1629 953 judicis
1665 900 1736 943 tui,
1771 898 1843 936 tibi
1873 897 1909 935 se

498 971 704 1024 pecuniam
722 968 874 1007 dediffe.
909 969 1046 1005 Recita
1063 968 1328 1006 testimonium
1350 969 1398 1005 C.
1415 967 1568 1005 Fannii.
1602 967 1775 1003 FANNII
1801 976 1908 1002 TES-

502 1050 769 1075 T1MONIUM.
803 1035 940 1073 Nolite
962 1036 1009 1072 C.
1033 1034 1183 1071 Fannio
1214 1033 1359 1071 dicenti
1390 1032 1571 1070 credere:
1604 1031 1699 1075 noli,
1731 1031 1908 1083 inquam,

501 1114 558 1149 tu,
592 1102 812 1154 QTitini,
845 1102 893 1138 C.
918 1100 1080 1144 Fannio,
1116 1098 1225 1137 fratri
1245 1108 1326 1144 tuo,
1362 1098 1526 1137 credere.
1558 1098 1671 1136 Dicit
1700 1097 1806 1135 enim
1827 1109 1910 1134 rem

501 1168 771 1209 incredibilem
789 1183 798 1206 t
822 1168 870 1205 C.
888 1167 1050 1204 Verrem
1066 1166 1261 1203 infimulat
1281 1166 1459 1209 avaritiae,
1476 1173 1514 1202 et
1532 1164 1696 1202 audaciae
1711 1178 1720 1201 :
1743 1177 1829 1216 quae
1848 1163 1909 1200 vi-

502 1237 555 1274 tia
576 1235 752 1273 videntur
772 1233 812 1270 in
833 1231 1010 1283 quemvis
1031 1230 1174 1282 potius,
1192 1243 1310 1282 quam
1331 1230 1372 1266 in
1393 1228 1523 1273 istum,
1541 1228 1760 1266 convenire.
1796 1226 1912 1265 Dixit

502 1299 738 1352 QTadius,
760 1297 882 1335 homo
901 1294 1215 1333 familiariffimus
1237 1295 1354 1347 patris
1375 1294 1496 1338 istius,
1519 1307 1596 1332 non
1616 1294 1761 1331 alienus
1785 1306 1805 1330 a
1825 1306 1909 1330 ma-

502 1367 571 1405 tris
592 1367 672 1418 ejus
693 1377 829 1417 genere
848 1371 885 1399 et
906 1361 1087 1399 nomine:
1120 1361 1268 1399 tabulas
1290 1361 1466 1413 protulit,
1489 1360 1632 1412 quibus
1651 1359 1860 1412 pecuniam
1875 1358 1912 1396 se

503 1433 642 1472 dediffe
662 1431 840 1469 ostendit.
874 1429 1011 1468 Recita
1031 1429 1190 1466 nomina
1211 1428 1415 1479 QTadii.
1449 1427 1652 1466 NomiNA
1675 1427 1911 1478 QTADn.

503 1485 644 1537 Recita
662 1495 929 1536 testimonium
953 1494 1157 1546 QTadii.
1190 1495 1538 1532 TESTIMONIUM
1562 1493 1802 1544 QTADH.
1845 1490 1912 1529 Ne

503 1551 645 1604 tubulis
667 1563 827 1616 quidem
858 1561 1065 1612 QTadii,
1094 1574 1164 1599 nec
1186 1560 1405 1598 testimonio
1424 1559 1630 1597 credetur?
1663 1557 1773 1609 Qid
1793 1557 1913 1611 igitur

503 1633 544 1670 in
560 1630 718 1683 judiciis
738 1629 940 1680 sequemur
958 1628 970 1664 ?
1003 1627 1098 1679 quid
1128 1627 1180 1664 est
1201 1626 1318 1670 aliud,
1341 1626 1523 1663 omnibus
1543 1624 1675 1662 omnia
1693 1631 1851 1676 peccata
1875 1631 1915 1661 et

504 1696 692 1736 maleficia
707 1694 929 1738 concedere,
948 1693 1016 1731 nis1
1033 1692 1123 1738 hoc,
1143 1691 1353 1730 hominum
1369 1690 1721 1730 honestiffimorum
1738 1688 1914 1741 testimo-

504 1764 593 1808 niis,
615 1771 654 1800 et
669 1762 841 1800 virorum
862 1760 1056 1797 bonorum
1076 1758 1217 1796 tabulis
1239 1772 1317 1796 non
1338 1757 1520 1796 credere?

560 1828 669 1866 Nam
688 1826 784 1879 quid
804 1839 874 1877 ego
904 1825 950 1862 de
970 1824 1196 1877 quotidiano
1216 1824 1403 1868 sermone,
1439 1821 1759 1875 querimoniaque
1777 1819 1915 1872 populi

507 1894 678 1932 Romani
699 1893 834 1943 loquar
851 1891 862 1927 ?
895 1891 942 1927 de
960 1890 1067 1927 istius
1088 1889 1421 1941 impudentiffimo
1441 1887 1562 1932 furto,
1582 1887 1644 1924 seu
1663 1886 1791 1938 potius
1813 1898 1915 1923 novo

508 1973 550 1996 ac
573 1958 750 2010 singulari
768 1955 970 1994 latrocinio
989 1955 1001 1991 ?
1033 1954 1167 1992 ausum
1187 1953 1259 1992 effe
1279 1954 1320 1991 in
1341 1953 1418 1991 aede
1440 1952 1618 1997 Castoris,
1647 1951 1914 1996 celeberrimo,

509 2025 790 2076 clarissimoque
811 2030 1083 2066 monumento,
1105 2020 1210 2072 quod
1232 2020 1425 2073 templum
1446 2020 1486 2057 in
1507 2019 1644 2064 oculis,
1666 2017 1916 2070 quotidiano-

510 2099 585 2139 que
607 2085 756 2137 aspedtu
777 2083 913 2136 populi
934 2082 1103 2120 Romani
1124 2082 1176 2119 est
1196 2082 1389 2134 politum;
1423 2082 1501 2133 quo
1522 2080 1781 2133 saepenumero
1807 2079 1915 2117 sena-

513 2162 573 2190 tus
595 2158 827 2189 convocatur
839 2168 850 2194 5
880 2149 958 2200 quo
979 2149 1239 2186 maximarum
1260 2160 1387 2185 rerum
1407 2145 1721 2199 frequentiffimae
1742 2144 1916 2197 quotidie

511 2217 777 2256 advocationes
799 2215 898 2252 fiunt
914 2233 925 2259 5
958 2215 998 2252 in
1029 2228 1074 2251 eo
1094 2214 1194 2258 loco,
1229 2213 1268 2251 in
1290 2213 1461 2252 sermone
1491 2212 1715 2256 hominum,
1751 2209 1915 2248 audaciae

513 2285 586 2322 suae
606 2290 907 2321 monumentum
927 2288 1112 2318 aeternum
1134 2280 1349 2331 relinquere
1368 2280 1380 2316 ?

568 2351 618 2389 L.
660 2349 802 2388 AEdem
823 2346 1002 2391 Castoris,
1025 2346 1194 2397 Judices‚
1229 2347 1272 2383 P.
1295 2346 1435 2396 Junius
1467 2343 1603 2382 habuit
1635 2342 1832 2386 tuendam,
1863 2342 1913 2380 L.

516 2416 631 2468 Sylla,
653 2413 892 2467 QMetello
909 2411 1157 2451 Consulibus.
1180 2412 1216 2449 Is
1239 2421 1413 2449 mortuus
1431 2410 1494 2448 est.
1519 2409 1698 2461 Reliquit
1717 2408 1915 2461 pupillum

514 2494 678 2536 parvum
698 2481 841 2519 filium.
885 2481 990 2518 Cum
1011 2479 1060 2519 L.
1085 2477 1283 2522 Oetavius,
1315 2478 1362 2516 C.
1385 2476 1566 2515 Aurelius
1589 2474 1787 2520 Consules,
1819 2474 1915 2513 aedes
