2201 2792
392 211 441 249 26
896 211 1256 252 ORATIO

388 310 455 355 est,
486 310 579 363 qui,
615 319 659 349 ut
693 310 842 350 summa
877 309 1059 350 haberem
1088 320 1247 357 caetera,
1277 311 1461 365 temporis
1498 310 1656 364 quidem
1692 321 1793 350 certe

387 377 453 414 vix
483 377 568 415 satis
599 376 732 422 habui,
769 386 812 416 ut
842 391 924 416 rem
957 386 1118 423 tantam,
1154 387 1213 417 tot
1242 378 1504 417 controversiis
1535 378 1792 432 implicatam,

388 443 534 496 poffem
556 444 794 496 cognoscere.
841 446 911 489 Ita,
947 445 1051 498 quod
1083 444 1184 484 mihi
1202 445 1398 484 consuevit
1428 446 1469 483 in
1500 447 1642 484 caeteris
1674 445 1792 484 caufis

389 509 460 547 effe
479 510 717 563 adjumento,
745 511 787 549 id
808 524 964 564 quoque
984 511 1024 549 in
1054 510 1126 550 hac
1146 511 1254 550 causa
1273 511 1403 550 deficit
1422 527 1431 550 ι
1463 525 1568 556 nam,
1602 525 1679 564 quo
1711 512 1790 550 mi-

388 589 461 614 nus
488 577 645 629 ingenio
665 576 830 630 possum,
862 578 1026 616 subfidio
1046 577 1147 616 mihi
1166 578 1408 631 diligentiam
1429 579 1646 631 comparavi
1662 597 1674 623 ς
1707 592 1792 630 quae

389 651 530 693 quanta
548 643 607 687 fit,
630 643 699 681 nifi
719 652 872 696 tempus
892 653 929 682 et
950 643 1116 696 spatium
1135 644 1269 683 datum
1289 644 1347 689 fit,
1369 644 1535 697 intelligi
1555 657 1633 682 non
1653 643 1790 696 potest.

444 708 543 759 Qae
574 722 654 761 quo
683 708 791 761 plura
821 709 922 755 sunt,
954 711 1002 748 C.
1026 710 1179 764 Aquili,
1211 724 1256 749 eo
1287 719 1338 755 te,
1369 719 1406 748 et
1436 708 1521 755 hos,
1553 710 1621 762 qui
1646 709 1720 747 tibi
1749 709 1790 747 in

389 774 546 812 confilio
579 774 728 819 adsunt,
759 776 911 814 meliori
945 785 1075 814 mente
1106 776 1231 815 nostra
1261 776 1374 815 verba
1404 776 1533 814 audire
1562 776 1789 829 oportebit;

389 848 432 877 ut
453 841 586 879 multis
607 841 868 879 incommodis
889 842 1024 880 veritas
1046 842 1256 888 debilitata,
1280 842 1435 880 tandem
1456 842 1634 894 aequitate
1654 842 1792 880 talium

387 905 558 944 virorum
578 914 779 944 recreetur.
812 907 930 958 Qod
956 907 983 945 fi
1004 917 1046 946 tu
1074 908 1196 960 judex
1217 908 1326 947 nullo
1352 908 1521 961 praefidio
1552 907 1661 946 fuiffe
1682 907 1790 946 vide-

388 970 475 1008 bere
496 981 627 1010 contra
644 971 725 1010 vim
757 981 795 1010 et
827 973 1003 1025 gratiam,
1033 972 1247 1018 solitudini,
1282 983 1399 1026 atque
1431 973 1599 1026 inopiaeg
1631 973 1658 1011 fi
1690 972 1792 1026 apud

386 1035 462 1074 hoc
483 1037 686 1076 confilium
706 1050 752 1076 ex
778 1038 932 1090 opibus,
963 1051 1040 1076 non
1060 1051 1107 1076 ex
1126 1040 1296 1083 veritate,
1324 1037 1433 1076 causa
1451 1038 1640 1091 pendetur
1654 1056 1666 1083 ς
1698 1052 1790 1090 pro-

385 1100 486 1140 fee'to
517 1102 616 1140 nihil
637 1103 690 1140 est
714 1103 796 1155 jam
818 1103 1003 1148 sanetum,
1035 1112 1150 1156 atque
1170 1104 1360 1142 fincerum
1391 1104 1431 1142 in
1463 1104 1642 1149 civitate,
1675 1102 1791 1150 nihil,

385 1168 490 1220 quod
509 1167 774 1207 humilitatem
793 1169 1035 1221 cujusquam,
1068 1170 1230 1221 gravitas
1252 1179 1289 1207 et
1309 1170 1427 1207 virtus
1443 1169 1586 1220 judicis
1616 1169 1790 1207 console-

387 1243 462 1271 tur.
509 1235 624 1272 Certe
644 1242 709 1272 aut
735 1234 835 1287 apud
857 1243 907 1278 te,
944 1243 982 1272 et
1000 1247 1078 1279 eos,
1113 1235 1181 1287 qui
1203 1235 1274 1273 tibi
1294 1233 1442 1279 adsunt,
1465 1235 1599 1273 veritas
1618 1235 1786 1279 valebit,

385 1309 463 1346 aut,
479 1313 525 1339 ex
545 1299 621 1338 hoc
641 1300 728 1339 loco
747 1300 894 1354 repulsa
912 1300 950 1339 vi
969 1309 1007 1339 et
1026 1301 1161 1354 gratia,
1178 1301 1326 1347 locum,
1341 1301 1409 1340 ubi
1424 1300 1612 1347 consistat,
1627 1301 1790 1354 reperire

385 1379 462 1405 non
483 1366 638 1418 poterit.

441 1433 493 1470 II.
526 1432 619 1470 Non
653 1445 698 1470 eo
718 1432 819 1478 dic0,
852 1433 899 1471 C.
922 1433 1076 1485 Aquili,
1098 1447 1176 1486 quo
1196 1432 1297 1472 mihi
1327 1433 1454 1472 veniat
1475 1433 1514 1471 in
1537 1433 1704 1472 dubium
1726 1442 1790 1472 tua

385 1497 491 1542 fides,
527 1507 564 1536 et
597 1498 832 1543 constantia;
865 1508 929 1537 aut
949 1513 1027 1552 quo
1061 1513 1138 1538 non
1169 1500 1207 1538 in
1241 1499 1316 1544 his,
1348 1513 1444 1552 quos
1482 1501 1554 1538 tibi
1585 1500 1785 1544 advocasti,

383 1564 471 1602 viris
507 1564 737 1603 eleffififfimis
767 1565 932 1603 civitatis
953 1594 965 1611 ‚
996 1566 1102 1618 spem
1137 1566 1329 1604 summam
1359 1565 1498 1604 habere
1530 1567 1574 1605 P.
1599 1566 1786 1618 Qintius

384 1630 532 1668 debeat.
575 1631 683 1682 Qid
703 1644 794 1684 ergo
812 1630 865 1669 est
883 1631 896 1667 ?
928 1630 1107 1670 Primiim
1128 1631 1356 1685 magnitudo
1376 1632 1537 1684 periculi
1558 1632 1713 1670 summo
1734 1631 1786 1669 ti-

383 1709 489 1733 more
523 1695 725 1734 hominem
759 1697 891 1742 afficit,
923 1697 1027 1750 quod
1048 1698 1291 1750 unojudicio
1322 1698 1369 1736 de
1402 1697 1567 1736 fortunis
1601 1698 1785 1736 omnibus

382 1762 550 1799 decernit
568 1780 579 1807 3
612 1762 729 1814 idque
753 1762 847 1801 dum
869 1763 1027 1816 cogitat,
1059 1777 1135 1803 non
1166 1765 1296 1802 minus
1317 1763 1411 1817 saepe
1432 1765 1466 1802 ei
1486 1764 1591 1803 venit
1610 1764 1650 1801 in
1672 1778 1784 1802 men-

382 1837 461 1865 tem
492 1828 709 1880 potestatis‚
746 1842 863 1881 quam
899 1830 1088 1881 aequitatis
1120 1840 1194 1868 tuae
1211 1849 1223 1876 ;
1266 1840 1462 1882 propterea
1491 1831 1596 1882 quod
1627 1843 1782 1876 omnes,

382 1908 549 1945 quorum
584 1895 624 1932 in
658 1895 812 1933 alterius
844 1908 961 1932 manu
981 1897 1059 1934 vita
1078 1896 1196 1949 pofita
1216 1896 1283 1941 est,
1311 1896 1442 1949 saepius
1477 1896 1575 1934 illud
1596 1896 1782 1949 cogitant,

381 1960 475 2013 quid
495 1960 607 2013 poffit
641 1961 687 2007 is,
717 1961 826 2013 cujus
848 1961 887 1999 in
908 1961 1069 2008 ditione,
1102 1976 1144 2000 ac
1175 1962 1357 2016 potestate
1393 1963 1493 2009 sunt,
1530 1976 1662 2018 quam,
1690 1963 1785 2016 quid

382 2027 514 2065 debeat
533 2026 668 2066 facere.

438 2093 588 2131 Deinde
609 2092 724 2131 habet
744 2093 997 2133 adversarium
1018 2095 1062 2133 P.
1086 2096 1289 2147 Qintius,
1310 2097 1440 2142 verbo,
1464 2099 1548 2135 Sex.
1571 2096 1781 2142 Naevium3

381 2172 418 2196 re
450 2173 547 2204 vera,
584 2158 745 2211 hujusce
779 2160 898 2199 aetatis
929 2160 1107 2200 homines
1135 2161 1408 2208 disertiffimos,
1446 2162 1683 2207 fortissimos,
1720 2176 1784 2200 or-

380 2226 588 2264 natiffimos
609 2226 741 2264 nostrae
761 2228 940 2273 civitatis,
974 2228 1044 2280 qui
1063 2230 1267 2268 communi
1288 2230 1424 2275 studio,
1448 2230 1610 2268 summis
1642 2228 1782 2281 opibus

380 2292 465 2329 Sex.
490 2292 674 2331 Naevium
709 2293 947 2338 defendunt,
980 2294 1005 2331 fi
1041 2294 1080 2332 id
1113 2296 1165 2333 est
1199 2294 1413 2341 defendere,
1447 2296 1651 2348 cupiditati
1683 2294 1780 2332 alte·

379 2358 456 2394 rius
488 2358 766 2411 obtemperare,
802 2372 881 2411 quo
911 2359 942 2397 is
974 2358 1139 2406 facilius,
1175 2375 1292 2413 quem
1328 2361 1432 2406 velit,
1466 2362 1602 2413 iniquo
1632 2360 1784 2412 judicio

378 2424 594 2476 opprimere
628 2425 752 2478 poffit.
803 2426 910 2464 Nam
945 2426 1041 2478 quid
1074 2426 1149 2465 hoc
1184 2428 1370 2480 iniquiuS,
1409 2438 1473 2467 aut
1508 2428 1706 2481 indignius
1733 2428 1782 2464 C.

378 2490 529 2542 Aquili,
563 2490 653 2536 dici,
676 2501 739 2529 aut
769 2493 1065 2532 commemorari
1085 2494 1221 2546 potest,
1243 2508 1361 2547 quam
1383 2508 1459 2540 me,
1492 2495 1560 2547 qui
1590 2502 1705 2546 caput
1725 2492 1782 2530 al-

377 2557 508 2604 terius,
526 2556 684 2604 famam,
705 2557 949 2614 fortunasque
970 2558 1188 2609 defendam,
1205 2561 1331 2615 priore
1351 2562 1438 2602 loco
1458 2561 1609 2600 causam
1630 2561 1778 2600 dicere:
