2201 2792
529 257 606 284 202
958 242 1049 282 IN
1115 242 1498 284 VERREM

680 467 1779 530 ACCUSATIONIS

626 676 805 749 IN
905 676 1001 748 C.
1112 673 1824 749 VERREM

808 893 1086 934 LIBER
1144 889 1646 933 SECUNDUS.

648 1098 742 1138 DE
783 1094 1354 1151 JURISDIC‘I'IONE
1398 1095 1810 1137 SICILIENSI.

954 1281 1305 1321 ORATIO
1389 1278 1506 1320 VII.

527 1456 561 1496 1.
740 1456 903 1494 ULTA
929 1454 1030 1494 mihi
1050 1455 1265 1501 necessario,
1286 1455 1458 1507 Judices,
1478 1455 1805 1510 praetermittenda
1825 1457 1929 1502 funt,

565 1449 733 1582 M
767 1529 811 1560 ut
830 1520 967 1574 poffim
983 1522 1190 1574 aliquando
1209 1522 1256 1560 de
1275 1522 1322 1560 iis
1344 1522 1472 1567 rebus,
1491 1535 1578 1574 quae
1599 1535 1692 1560 meae
1708 1522 1798 1560 fidei
1814 1535 1927 1561 com-

771 1587 888 1625 miffae
908 1587 1008 1632 sunt,
1031 1587 1168 1626 dicere.
1211 1587 1357 1640 Recepi
1382 1586 1487 1625 enim
1508 1587 1657 1625 causam
1686 1587 1838 1626 Siciliae.
1870 1587 1928 1625 Ea

526 1666 589 1692 me
608 1653 654 1691 ad
673 1651 749 1691 hoc
769 1653 970 1705 negotium
1000 1653 1197 1706 provincia
1221 1653 1389 1692 attraxit.
1421 1653 1508 1705 Ego
1538 1661 1681 1699 tamen,
1711 1651 1790 1691 hoc
1816 1665 1930 1692 onere

525 1719 708 1773 suscepto,
736 1728 773 1757 et
793 1728 944 1772 recepta
973 1718 1082 1757 causa
1113 1712 1315 1764 Siciliensi,
1351 1719 1550 1773 amplexus
1577 1720 1707 1758 animo
1737 1719 1823 1758 sum
1853 1719 1924 1757 ali-

524 1794 670 1837 quanto
699 1785 893 1837 amplius:
936 1784 1081 1837 suscepi
1113 1785 1219 1823 enirn
1250 1784 1401 1823 causam
1431 1785 1549 1823 totius
1580 1785 1723 1823 ordinis
1742 1784 1926 1836 {suscepi

524 1850 673 1887 causam
694 1849 829 1901 populi
850 1850 1035 1894 Romani,
1057 1850 1163 1901 quod
1193 1850 1379 1902 putabam
1400 1857 1486 1888 tum
1506 1850 1672 1901 denique
1704 1849 1924 1900 rectejudi-

524 1916 599 1952 cari
620 1914 735 1967 poffe,
771 1914 796 1952 fi
819 1927 895 1952 non
917 1915 1034 1952 modo
1068 1927 1153 1952 reus
1184 1915 1384 1967 improbus
1419 1915 1682 1959 adduceretur,
1713 1915 1776 1952 sed
1805 1915 1924 1954 etiam

524 1980 687 2032 diligens
707 1988 746 2017 et
766 1979 900 2017 firmus
920 1979 1110 2017 accusator
1129 1980 1175 2017 ad
1190 1979 1387 2031 judicium
1408 1982 1567 2019 veniret.
1605 1982 1698 2032 Qo
1717 1979 1818 2019 mihi
1837 1993 1922 2019 ma·-

524 2045 647 2082 turius
679 2044 725 2082 ad
757 2044 893 2082 Siciliae
927 2044 1077 2082 causam
1110 2045 1345 2083 veniendum
1376 2046 1452 2091 est,
1488 2046 1629 2084 relictis
1663 2046 1807 2085 caeteris
1842 2048 1924 2099 ejus

524 2109 637 2148 furtis
668 2123 710 2148 ac
740 2109 908 2162 flagitiis,
941 2118 984 2148 ut
1009 2118 1047 2148 et
1077 2111 1222 2149 viribus
1243 2125 1361 2163 quam
1382 2112 1640 2165 integerrimis
1660 2118 1780 2165 agere,
1809 2121 1847 2150 et
1877 2112 1924 2150 ad

525 2175 732 2214 dicendum
754 2176 937 2229 temporis
958 2176 1042 2214 satis
1063 2176 1203 2216 habere
1222 2177 1374 2230 possim.

570 2244 702 2294 Atque
721 2242 825 2287 adeo,
844 2251 1048 2294 antequam
1069 2243 1115 2280 de
1129 2243 1390 2282 incommodis
1411 2243 1547 2282 Siciliae
1566 2243 1667 2287 dico,
1685 2255 1803 2294 pauca
1823 2241 1924 2280 mihi

524 2306 702 2345 videntur
720 2307 791 2345 esse
811 2307 857 2345 de
878 2308 1084 2361 provinciae
1104 2308 1304 2361 dignitate,
1334 2308 1528 2353 vetustate,
1552 2308 1716 2345 utilitate
1745 2307 1919 2346 dicenda.

525 2373 632 2411 Nam
658 2366 755 2411 ¹cum
786 2374 964 2412 omnium
995 2373 1200 2419 sociorum,
1234 2375 1597 2426 provinciarumque
1622 2373 1806 2410 rationem
1829 2373 1921 2410 dili—

524 2447 656 2490 genter
686 2437 824 2477 habere
844 2439 1005 2484 debetis,
1038 2448 1123 2477 tum
1158 2440 1347 2491 praecipue
1367 2439 1518 2483 Siciliae,
1541 2438 1710 2489 Judices,
1741 2438 1920 2490 plurimis

518 2502 805 2556 justiffimisquc
825 2505 871 2543 de
890 2505 1032 2543 caufis:
1064 2503 1235 2558 primum
1258 2505 1362 2557 quod
1388 2505 1567 2542 omnium
1592 2504 1790 2542 nationum
1812 2513 1920 2542 exte-

525 2581 651 2609 rarum
672 2569 849 2623 princeps
872 2571 1000 2609 Sicilia
1020 2571 1055 2609 se
1075 2571 1121 2609 ad
1141 2571 1367 2616 amicitiam,
1390 2570 1584 2623 fidemque
1605 2569 1738 2622 populi
1752 2569 1921 2608 Romani
