2201 2792
535 214 608 251 160
956 209 1047 248 IN
1118 209 1498 248 VERREM

528 310 633 348 nulla
665 308 813 348 mentio
847 307 940 345 fiat:
973 307 1124 351 damna,
1155 307 1350 352 dedecora,
1383 320 1467 358 quae
1488 319 1543 343 res
1575 305 1689 358 patris
1710 306 1805 356 ejus,
1837 312 1923 341 aetas

527 377 641 430 ipsius
674 374 845 428 pertulit,
877 381 1170 425 praetereantur:
1202 372 1371 410 lucretur
1402 371 1542 409 indicia
1568 372 1701 409 veteris
1722 369 1919 408 infamiae:

527 443 690 495 patiatur
709 442 788 493 ejus
819 440 896 477 vita
925 439 1069 490 reliqua
1097 452 1160 476 me
1193 436 1292 476 hanc
1320 446 1464 475 tantam
1493 438 1681 489 jacturam
1712 436 1923 474 criminum

526 508 661 546 facere.

582 572 758 624 Qaestor
779 572 853 609 Cn.
878 570 1028 622 Papirio
1055 568 1215 607 Consuli
1246 567 1351 606 fuisti
1382 567 1523 606 abhinc
1553 581 1670 605 annos
1691 565 1923 618 quatuorde-

526 640 620 677 cim.
667 639 729 675 Ex
749 650 790 674 ea
821 636 881 673 die
911 636 956 672 ad
988 634 1086 672 hanc
1118 636 1221 672 diem
1252 648 1336 686 quae
1356 633 1492 678 fecisti,
1521 635 1560 670 in
1584 633 1781 685 judicium
1812 643 1922 668 voco.

526 706 636 743 Hora
655 703 760 742 nulla
779 715 896 739 vacua
914 715 934 738 a
953 700 1072 745 furto,
1094 700 1244 745 scelere,
1266 700 1502 744 crudelitate,
1535 699 1680 751 flagitio
1701 697 1923 750 reperietur.

525 771 584 808 Hi
616 770 702 808 sunt
731 769 820 807 anni
852 766 1072 818 consumpti
1103 767 1143 803 in
1175 766 1372 818 quaestura,
1405 775 1442 803 et
1468 766 1658 817 legatione
1679 763 1855 807 Afiatica‚
1887 770 1925 798 et

524 846 688 889 praetura
706 835 861 877 urbana,
880 842 917 870 et
938 842 1099 884 praetura
1119 833 1316 870 Siciliensi.
1335 833 1464 882 Qare
1484 831 1565 869 haec
1585 831 1716 868 eadem
1735 830 1806 867 erit
1826 841 1923 880 qua-

524 900 722 953 dripartita
742 898 957 936 distributio
976 899 1093 935 totius
1114 897 1362 935 accusationis
1383 911 1491 934 meze.

590 967 705 1004 XIII.
738 963 914 1015 Qaestor
947 976 993 1000 ex
1026 963 1373 1000 senatus-consulto
1405 962 1646 1014 provinciam
1680 960 1832 997 sortitus
1868 971 1921 995 es·

526 1031 684 1082 Obtigit
704 1029 776 1068 tibi
797 1027 1017 1071 consularis,
1036 1036 1078 1064 ut
1099 1040 1191 1064 cum
1212 1026 1380 1064 Consule
1402 1027 1476 1063 Cn.
1500 1026 1676 1063 Carbone
1696 1024 1800 1069 effes,
1817 1037 1922 1062 eam-

523 1110 598 1150 que
628 1095 866 1147 provinciam
897 1092 1103 1130 obtineres.
1150 1093 1243 1129 Erat
1263 1100 1349 1129 tum
1369 1090 1539 1129 difl‘enfio
1565 1092 1741 1136 civium3
1774 1090 1820 1128 de
1849 1104 1924 1142 qua

523 1161 624 1200 nihil
645 1161 729 1199 sum
756 1160 927 1197 dicturus
962 1158 1057 1209 quid
1088 1157 1225 1194 sentire
1255 1157 1453 1194 debueris:
1486 1170 1610 1194 unum
1643 1155 1719 1194 hoc
1750 1156 1851 1201 dico,
1882 1157 1922 1194 in

520 1226 709 1279 ejusmodi
739 1234 926 1274 tempore,
958 1236 1000 1259 ac
1021 1221 1128 1265 sorte,
1164 1221 1323 1259 statuere
1354 1230 1390 1258 te
1410 1220 1591 1265 debuisse,
1625 1230 1757 1258 utrum
1788 1221 1922 1258 malles

521 1292 670 1335 sentire,
691 1298 807 1340 atque
827 1286 1041 1324 defendere.
1076 1286 1203 1324 Carbo
1223 1286 1386 1337 graviter
1405 1285 1563 1330 ferebat,
1596 1286 1665 1323 fibi
1686 1285 1922 1334 Qaestorem

521 1355 712 1408 obtigisse,
733 1353 936 1392 hominem
957 1352 1136 1403 fingulari
1156 1351 1320 1396 luxuria,
1349 1360 1463 1403 atque
1484 1352 1644 1389 inertia:
1673 1360 1922 1390 veruntamen

519 1423 678 1461 ornabat
698 1434 789 1458 eum
810 1418 1021 1463 beneficiis,
1043 1418 1255 1470 officiisque
1275 1418 1471 1456 omnibus.
1505 1418 1568 1456 Ne
1589 1417 1734 1455 diutius
1755 1426 1920 1463 teneam,

519 1488 683 1541 pecunia
701 1486 881 1524 attributa
904 1492 1100 1521 numerata
1119 1483 1184 1521 est.
1217 1483 1414 1522 Profectus
1435 1483 1487 1521 est
1508 1483 1681 1533 Qaestor
1699 1483 1741 1520 in
1762 1483 1920 1535 provin-

519 1554 636 1592 ciam.
660 1552 778 1590 Venit
791 1552 830 1588 in
845 1550 1016 1587 Galliam
1036 1551 1254 1602 expefiatus
1271 1550 1318 1588 ad
1337 1549 1550 1587 exercitum
1569 1548 1806 1587 consularem
1828 1562 1921 1587 cum

519 1619 696 1672 pecunia.
727 1616 850 1655 Simul
873 1629 916 1653 ac
935 1616 1108 1668 primum
1129 1616 1163 1652 ei
1184 1616 1327 1653 occasio
1346 1615 1422 1652 visa
1441 1614 1507 1659 est,
1530 1614 1768 1669 (cognoscite
1786 1613 1920 1653 homi-

515 1686 576 1724 nis
595 1683 833 1737 principium
852 1682 1145 1734 magistratuum
1165 1682 1435 1733 gerendorum,
1453 1690 1491 1718 et
1510 1681 1730 1733 reipublicae
1749 1680 1919 1720 admini-

518 1750 691 1801 strandae)
715 1747 840 1786 aversa
859 1746 1021 1799 pecunia
1046 1746 1217 1799 publica,
1241 1746 1413 1796 Qaestor
1435 1746 1659 1792 Consulem,
1691 1746 1918 1792 exercitum,

518 1816 671 1860 sortem,
694 1813 1010 1866 provinciamque
1030 1812 1205 1850 deseruit.

562 1880 687 1918 Video
707 1878 801 1931 quid
821 1878 966 1929 egerim
985 1892 993 1914 :
1023 1877 1136 1928 erigit
1154 1878 1213 1930 se,
1236 1877 1368 1928 sperat,
1391 1877 1459 1914 fibi
1479 1890 1609 1914 auram
1631 1875 1730 1928 poffe
1750 1875 1919 1928 aliquam

517 1944 649 1989 afflari,
682 1945 723 1981 in
756 1941 831 1979 hoc
863 1942 1040 1985 crimine,
1071 1941 1293 1986 voluntatis,
1325 1941 1610 1993 affenfionisque
1639 1955 1788 1986 eorum,
1825 1943 1916 1994 qui-

517 2011 590 2047 bus
612 2011 687 2047 Cn.
712 2008 899 2046 Carbonis
927 2007 1070 2044 mortui
1100 2020 1243 2044 nomen
1272 2007 1362 2045 odio
1389 2008 1460 2051 s1t3
1493 2008 1635 2059 quibus
1663 2007 1771 2045 illam
1802 2008 1916 2046 relic-

515 2076 677 2118 tionem,
713 2073 1049 2126 proditionemque
1080 2073 1258 2111 Consulis
1290 2072 1345 2110 sui
1365 2082 1511 2125 gratam
1533 2073 1652 2125 sperat
1674 2072 1781 2111 fore:
1814 2073 1917 2125 quafi

517 2154 604 2178 vero
639 2140 677 2177 id
711 2138 919 2191 cupiditate
954 2137 1198 2176 defendendae
1230 2138 1456 2183 nobilitatis,
1498 2147 1563 2176 aut
1594 2139 1718 2176 studio
1748 2139 1916 2191 partium

516 2205 664 2250 fecerit,
695 2218 737 2242 ac
769 2217 846 2241 non
877 2203 1103 2255 apertiffime
1125 2203 1350 2248 Consulem,
1386 2204 1613 2248 exercitum,
1653 2203 1914 2255 provinciam-

515 2284 591 2323 que
611 2270 844 2322 compilarit‚
875 2277 912 2306 et
943 2277 1096 2321 propter
1129 2269 1507 2320 impudentiffimum
1527 2268 1677 2306 furtum
1705 2266 1912 2319 aufugerit.

515 2337 582 2374 Est
613 2336 719 2374 enim
750 2335 970 2379 obscurum,
998 2343 1035 2372 et
1062 2334 1248 2385 ejusmodi
1269 2333 1415 2373 factum
1443 2336 1538 2386 ejus,
1570 2342 1613 2370 ut
1643 2332 1754 2385 poffit
1774 2333 1913 2385 aliquis

515 2401 705 2453 suspicari,
737 2401 785 2439 C.
808 2400 983 2444 Verrem,
1014 2399 1119 2451 quod
1138 2398 1234 2436 ferre
1264 2413 1382 2437 novos
1410 2399 1587 2438 homines
1619 2412 1696 2436 non
1728 2399 1911 2450 potuerit,

516 2466 561 2502 ad
593 2465 851 2509 nobilitatem,
882 2463 957 2502 hoc
977 2464 1044 2509 est,
1076 2464 1122 2501 ad
1154 2464 1237 2502 suos
1258 2463 1448 2509 tranfifl'e3
1481 2463 1580 2502 nihil
1612 2462 1738 2501 feciffe
1758 2472 1913 2516 propter

512 2530 733 2584 pecuniam.
766 2530 1004 2575 Videamus,
1036 2530 1197 2568 rationes
1232 2530 1564 2582 quemadmodum
1600 2529 1784 2568 retulerit.
1823 2530 1912 2580 Jam
