2201 2792
349 201 394 236 13
505 184 1052 239 ARGUMENTA
1116 165 1648 220 ORATIONUM.

347 275 451 318 (nam
477 279 553 306 tum
573 270 682 304 tribus
705 267 776 303 fere
796 267 988 302 afflonibus
1017 264 1123 300 causae
1151 265 1412 311 perorabantur,
1440 265 1490 299 uti
1509 277 1527 299 e
1546 266 1714 300 Cicerone
1731 263 1829 299 disci-

347 320 448 362 mus)
475 318 544 354 fuit
566 319 717 359 Cicero·,
754 329 826 363 quo
849 315 995 350 Consule
1020 316 1152 349 Praetor
1179 314 1290 348 fuerat
1308 314 1465 356 Flaccus,
1491 315 1767 360 Ciceronemque
1792 313 1828 347 in

346 369 553 404 vindicanda
571 366 806 413 conjuratione
819 365 967 411 juverat.
1003 363 1224 398 Defensionis
1243 373 1359 397 autem
1375 363 1448 397 haec
1466 363 1511 397 est
1526 363 1623 405 ratio,
1643 372 1682 397 ut
1699 362 1827 410 partim

346 430 366 452 a
385 417 562 463 superioris
578 417 661 450 vitae
679 414 887 455 innocentia,
915 426 932 447 a
951 413 1091 447 summis
1110 412 1142 446 in
1169 412 1340 458 rempubl.
1360 412 1490 446 meritis
1515 413 1676 454 ducatur,
1703 411 1829 457 partim

347 479 367 502 a
385 466 591 500 Graecorum
611 465 747 499 testium
769 464 801 498 in
821 462 1016 496 universum
1036 461 1208 502 omnium,
1236 471 1308 495 tum
1331 462 1454 495 horum
1478 461 1648 507 inprimis,
1676 460 1829 501 levitate,

347 517 408 562 qui
427 525 544 550 contra
562 514 727 548 Flaccum
749 511 931 547 testimonii
949 510 1087 544 dicendi
1111 510 1208 544 causa
1230 522 1271 544 ex
1291 510 1372 544 Asia
1392 511 1542 544 Romam
1561 518 1735 544 venerant.
1787 509 1828 543 In

346 575 421 610 quo
439 575 520 598 cum
540 563 712 597 videretur
729 573 786 596 eos
805 560 978 594 offendere
998 569 1057 593 aut
1075 569 1166 593 certe
1181 558 1323 592 minime
1342 559 1593 593 consentientes
1612 559 1749 600 habere,
1768 556 1831 603 qui

346 614 492 648 Graecos
510 611 733 646 vehementer
751 610 1021 649 admirabantur,
1048 607 1185 642 summo
1203 607 1345 641 artificio
1365 619 1527 653 magnam
1546 606 1830 642 Graecislaudem

347 661 507 697 concedit
526 660 668 707 ingenii,
696 660 916 694 inventarum
936 668 970 692 et
987 656 1217 703 perfe&arum
1234 657 1372 697 artium,
1399 657 1618 702 eloquentiae,
1646 656 1751 690 fidem
1771 666 1831 689 au-

347 721 422 746 tem
449 719 565 756 negat.
606 710 798 743 Diluuntur
820 707 945 741 deinde
965 706 1069 740 etiam
1088 706 1151 739 alia
1170 705 1336 746 crimina,
1375 715 1555 751 tanquam,
1583 706 1678 751 quod
1707 716 1829 739 aurum

348 759 514 800 avertisse,
542 759 637 804 quod
666 757 782 803 Judaei'
811 754 1087 800 Hierosolymam
1109 754 1244 788 mittere
1263 754 1414 788 solebant
1432 755 1629 800 quotannis,
1656 753 1830 800 religionis

347 807 458 850 causa,
486 817 521 842 et
538 807 673 842 civibus
692 807 798 841 Rom.
822 804 1029 851 quibusdam
1049 801 1207 849 injuriam
1226 801 1337 838 feciffe
1353 803 1544 838 dicebatur.

460 913 619 962 Argum.
1005 908 1084 945 Pro
1114 906 1162 943 P.
1185 907 1292 960 Sylla.
1676 919 1713 957 p.
1736 904 1827 957 283.

398 1000 447 1034 D.
468 999 591 1043 Jumo
615 997 729 1031 Silano
752 1005 786 1029 et
806 995 850 1029 L.
871 995 1021 1028 Murena
1040 993 1130 1027 Coff.
1148 993 1190 1026 de
1208 991 1443 1037 conjuratione
1467 990 1640 1026 accusatus
1664 991 1713 1026 est
1739 1004 1758 1026 a
1782 991 1828 1027 L.

348 1050 536 1094 Torquato
552 1047 590 1080 P.
608 1045 700 1091 Sylla
717 1055 760 1078 ex
778 1055 819 1078 eo
839 1043 943 1084 SCto,
971 1042 1067 1087 quod
1083 1050 1152 1075 erat
1167 1041 1208 1074 de
1223 1040 1468 1086 conquirendis
1483 1039 1667 1087 conjuratis
1685 1039 1830 1076 factum.

348 1098 531 1145 Qoniam
552 1105 667 1129 autem
687 1093 738 1127 bis
757 1091 975 1137 conjuratum
993 1089 1119 1131 fuerat,
1147 1099 1185 1124 ut
1203 1089 1301 1136 supra
1319 1089 1352 1123 in
1372 1090 1599 1136 Argumento
1616 1089 1831 1124 Catilinaria-

348 1159 427 1182 rum
445 1144 682 1183 ostendimus3
709 1140 917 1176 Hortensius
936 1150 970 1173 et
987 1140 1109 1173 Cicero
1128 1139 1173 1172 ita
1190 1139 1277 1172 inter
1294 1138 1325 1172 se
1343 1137 1578 1173 defensionem
1605 1138 1720 1185 partiti
1740 1139 1830 1180 sunt,

348 1205 389 1230 ut
408 1195 463 1230 ille
482 1206 500 1228 a
523 1193 646 1239 prima,
675 1191 729 1225 hic
744 1200 859 1224 autem
876 1189 918 1223 ab
931 1189 1035 1222 altera
1052 1186 1286 1233 conjuratione
1306 1186 1345 1221 P.
1365 1187 1493 1232 Syllam
1515 1186 1657 1221 abfuisse
1675 1187 1831 1221 ostende—

349 1253 411 1278 ret.
452 1242 627 1277 Praemiffa
644 1251 728 1286 ergo
747 1237 959 1284 responsione
984 1237 1026 1271 ad
1054 1249 1105 1277 ea,
1133 1247 1214 1281 quae
1242 1235 1274 1269 in
1294 1235 1498 1269 Ciceronem
1529 1236 1638 1281 ipsum
1658 1235 1831 1270 accusator

350 1293 496 1332 dixerat,
523 1302 604 1325 cum
623 1288 695 1335 ejus
715 1286 988 1327 inconstantiam,
1015 1286 1204 1325 levitatem,
1223 1294 1257 1319 et
1277 1284 1417 1318 nimiam
1435 1285 1466 1318 in
1481 1283 1621 1330 judiciis
1636 1284 1829 1330 potentiam

349 1342 386 1376 in
406 1340 569 1376 invidiam
589 1339 759 1373 adducere
779 1336 901 1375 vellet,
940 1334 1092 1381 sequitur
1119 1333 1187 1379 ipsa
1214 1332 1379 1374 defensio,
1407 1332 1563 1367 refellens
1583 1333 1724 1379 singula,
1750 1344 1833 1379 quae

351 1391 397 1425 L.
419 1391 621 1435 Torquatus
653 1384 879 1422 confirmandi
908 1383 1059 1418 criminis
1088 1382 1185 1416 causa
1212 1383 1355 1421 dixerat,
1388 1392 1422 1416 et
1448 1383 1586 1416 tandem
1615 1383 1647 1416 in
1676 1382 1831 1428 religiosa
1861 1378 1863 1381 ’

351 1439 509 1474 Deorum
530 1435 754 1472 obtestatione
773 1434 940 1475 desinens,
969 1432 1050 1466 niliil
1079 1432 1138 1466 sibi
1167 1432 1208 1465 de
1230 1432 1265 1466 P.
1289 1431 1392 1477 Syllae
1419 1442 1500 1465 cum
1525 1429 1709 1477 conjuratis
1728 1431 1831 1466 socie-

351 1497 423 1523 tate
447 1496 666 1533 compertum
693 1484 767 1519 effe.

461 1586 621 1636 Argum.
809 1582 888 1619 Pro
910 1581 962 1618 A.
983 1578 1129 1618 Licinio
1149 1578 1308 1624 Archia,
1339 1578 1468 1617 Poeta.
1673 1591 1712 1630 p.
1737 1589 1828 1631 315'.

402 1671 450 1706 A.
471 1671 659 1705 Licimus
681 1667 826 1702 Archias
845 1666 911 1701 fuit
930 1665 1185 1707 Antiochenus,
1212 1664 1272 1711 qui
1301 1676 1381 1698 cum
1409 1664 1542 1711 poetica
1562 1664 1696 1698 floreret
1715 1664 1830 1707 laude,

348 1730 388 1756 et
407 1721 450 1754 ab
468 1719 629 1753 omnibus
650 1729 747 1764 paene
769 1716 872 1750 ltaliae
892 1715 1028 1761 populis
1047 1715 1274 1760 expeteretur,
1303 1713 1524 1759 inprimisque
1546 1714 1636 1759 apud
1662 1713 1832 1760 principes

354 1768 518 1815 quosdam
538 1769 716 1802 Romanos
735 1767 812 1800 esset
829 1764 1006 1811 gratiosus,
1035 1763 1098 1797 hoc
1113 1764 1216 1797 etiam
1232 1774 1351 1797 eorum
1367 1775 1469 1808 opera
1487 1766 1687 1796 conlecutus
1706 1762 1765 1803 est,
1794 1772 1832 1796 ut

354 1818 493 1852 civitate
514 1818 671 1850 Romana
689 1815 886 1848 donaretur.
938 1814 1003 1846 Sed
1031 1812 1059 1846 ei
1079 1812 1343 1846 controversiam
1364 1813 1406 1845 de
1427 1811 1563 1845 civitate
1582 1811 1696 1856 postea
1723 1811 1833 1845 movit

354 1866 495 1900 Gratius
512 1865 668 1912 quidam,
696 1874 847 1908 eumque
875 1874 969 1896 reum
988 1861 1070 1895 fecit
1090 1861 1166 1906 lege
1192 1860 1326 1894 Plautia
1350 1860 1484 1905 Papiria
1509 1861 1551 1894 de
1580 1859 1734 1900 civitate,
1762 1871 1832 1905 qua

354 1925 497 1949 cautum
515 1923 600 1954 erat,
627 1924 677 1954 ut,
704 1912 764 1957 qui
783 1910 958 1945 foederatis
977 1910 1175 1944 civitatibus
1195 1909 1351 1955 adscripti
1370 1910 1487 1948 effent,
1515 1909 1536 1942 si
1556 1918 1643 1950 tum,
1671 1920 1752 1942 cum
1776 1909 1832 1942 lex

353 1963 544 2003 ferebatur,
573 1963 604 1996 in
627 1961 721 1996 ltalia
739 1960 954 1994 domicilium
977 1958 1178 1998 habuissent,
1204 1969 1238 1993 et
1266 1958 1350 1991 LX.
1378 1958 1501 1991 diebus
1532 1959 1623 2003 apud
1644 1958 1832 1991 Praetorem

355 2013 460 2047 effent
479 2010 625 2057 professi,
654 2010 674 2043 ii
694 2010 836 2043 demum
861 2009 951 2042 cives
977 2008 1193 2041 haberentur.
1235 2005 1353 2051 Hujus
1372 2006 1476 2052 igitur
1494 2007 1590 2040 causa
1608 2006 1757 2051 suscepta
1772 2006 1833 2040 Ci-

354 2072 446 2103 cero,
473 2069 744 2094 commemorata
763 2058 903 2092 Areliiae
921 2056 1032 2090 secum
1053 2065 1087 2090 et
1106 2055 1244 2090 summis
1274 2055 1470 2089 hominibus
1489 2055 1730 2095 familiaritate,
1757 2067 1833 2089 om-

356 2110 412 2144 nia
430 2108 605 2143 adversarii
625 2117 826 2153 argumenta
846 2106 945 2140 diluit
964 2117 1001 2139 ac
1022 2104 1157 2145 refellit,
1177 2104 1230 2138 sed
1247 2104 1363 2138 leviter
1376 2114 1409 2138 et
1425 2116 1491 2137 non
1508 2104 1566 2138 nisi
1585 2103 1828 2150 perfunctorie.

355 2159 492 2205 Itaque,
523 2167 560 2191 ut
580 2155 681 2202 justit:
699 2156 860 2189 orationis
881 2154 1070 2188 mensuram
1092 2153 1263 2199 implerer,
1291 2153 1434 2198 arripuit
1453 2153 1677 2194 occasionem,
1697 2165 1776 2186 cum
1797 2153 1831 2186 in

356 2206 581 2241 humanitatis
602 2204 823 2251 inprimisque
844 2204 984 2249 poetica„-
1004 2202 1190 2242 facultatis,
1219 2213 1294 2236 tum
1315 2202 1347 2236 in
1367 2202 1467 2247 ipsius
1486 2202 1625 2236 Archiae
1644 2202 1761 2236 laudes
1780 2202 1833 2236 di-

355 2255 550 2303 grediendi,
578 2254 802 2299 ostenditque,
829 2252 1065 2299 dignissimum
1083 2251 1219 2285 civitate
1238 2252 1342 2286 Rom.
1363 2250 1528 2285 Archiam
1548 2252 1621 2285 effe.

468 2357 625 2409 Argum.
855 2352 936 2406 Post
956 2354 1124 2392 Reditum
1143 2353 1195 2392 ad
1219 2352 1397 2406 Qirt'tes.
1676 2367 1716 2406 p.
1742 2366 1832 2407 327.

408 2444 448 2479 P.
466 2444 660 2478 Lamum
681 2452 713 2476 et
733 2442 788 2490 Q
804 2441 952 2476 Metello
970 2442 1058 2476 Cois.
1078 2453 1172 2483 cum,
1200 2451 1324 2488 agente
1349 2440 1516 2483 Lentulo,
1543 2441 1751 2487 deprecante
1768 2442 1833 2476 Cn.

357 2492 540 2541 Pompeio,
566 2492 610 2528 ab
636 2491 738 2527 exilio
761 2500 940 2526 revocatus
959 2491 1038 2526 esset
1057 2491 1192 2534 Cicero,
1219 2491 1251 2525 in
1272 2502 1343 2537 quo
1367 2489 1512 2526 sedecim
1539 2491 1670 2526 menses
1696 2490 1833 2532 fuerat3
