2201 2792
527 116 675 201 458ἱ
957 147 1045 186 IN
1118 145 1499 186 VERREM

526 262 574 286 ne
594 247 684 287 falsa
703 248 911 293 damnatio,
945 261 992 285 ne
1012 261 1150 292 carcer,
1180 262 1228 286 ne
1248 256 1403 292 catenae,
1426 260 1473 284 ne
1494 245 1659 291 verbera,
1691 257 1739 283 ne
1758 244 1916 288 secures,

526 329 574 354 ne
594 316 784 353 cruciatus
801 315 1007 359 sociorum,
1026 328 1072 352 ne
1093 314 1242 366 sanguis
1259 314 1544 358 innocentium,
1559 326 1606 351 ne
1620 312 1787 364 denique
1801 311 1918 349 etiam

525 381 776 434 exsanguium
798 394 956 433 corpora
977 389 1236 425 mortuorum,
1251 393 1298 417 ne
1319 393 1461 417 moeror
1480 388 1683 432 parentum
1699 392 1741 416 ac
1757 377 1918 431 propin-

526 461 708 499 quorum,
731 447 1014 500 magistratibus
1045 446 1180 484 nostris
1202 445 1361 499 quaestui
1382 445 1500 498 poffet
1530 445 1614 483 effe.
1647 445 1767 483 Hunc
1800 457 1871 496 ego
1892 441 1917 479 fi

525 523 678 551 metum
696 514 847 558 Siciliae,
870 512 1117 551 damnatione
1137 512 1256 557 istius,
1278 526 1345 565 per
1366 511 1524 549 vestram
1544 510 1662 548 fidem
1683 519 1721 548 et
1742 510 1918 547 severita-

526 588 606 617 tem
627 580 813 632 dejecero,
836 579 1018 630 Judices;
1051 578 1135 616 satis
1156 579 1285 616 officio
1306 591 1408 622 meo,
1432 577 1514 615 satis
1535 577 1695 615 illorum
1715 574 1918 618 voluntati,

525 647 596 698 qui
616 659 637 683 a
656 660 719 683 me
738 645 814 684 hoc
832 645 1063 698 petiverunt,
1085 644 1233 682 factum
1253 644 1323 682 effe
1344 643 1568 681 arbitrabor.

554 714 604 752 L.
640 714 898 766 Qapropter,
916 712 941 749 fi
963 725 1081 764 quem
1102 711 1201 749 forte
1220 711 1422 755 inveneris,
1438 711 1505 762 qui
1526 709 1601 748 hoc
1622 709 1752 747 navale
1772 710 1919 747 crimen

525 788 686 817 conetur
704 777 921 822 defendere,
948 777 979 815 is
1001 778 1053 815 ita
1072 775 1251 814 defendat
1268 791 1276 814 t
1309 776 1374 813 illa
1394 776 1634 820 communia,
1655 789 1740 827 quae
1760 775 1807 812 ad
1827 788 1919 812 cau-

525 845 604 883 sam
626 842 724 882 nihil
743 843 952 897 pertinent,
971 843 1263 896 praetermittat3
1286 856 1349 880 me
1365 842 1521 894 culpam
1541 840 1706 879 fortunae
1726 840 1919 892 affignare,

525 912 783 951 calamitatem
806 910 961 948 crimini
984 910 1097 955 dare;
1129 923 1193 948 me
1213 909 1450 948 amiflionem
1471 907 1590 946 claffis
1612 907 1804 959 objicere3
1827 920 1921 944 cum

526 978 644 1016 multi
665 977 735 1015 viri
752 976 884 1021 fortes,
903 977 941 1014 in
963 977 1167 1014 communi
1188 976 1412 1028 incertoque
1428 974 1601 1028 periculo
1621 973 1728 1017 belli,
1751 982 1788 1011 et
1810 981 1919 1018 terra,

526 1054 563 1082 et
584 1044 694 1088 mari,
717 1043 811 1096 saepe
832 1042 1077 1081 offenderint.
1110 1042 1276 1080 Nullam
1304 1042 1376 1080 tibi
1400 1041 1544 1094 objicio
1564 1040 1786 1079 fortunam:
1820 1037 1920 1077 nihil

525 1111 592 1156 est,
615 1110 719 1163 quod
741 1118 966 1148 caeterorum
987 1123 1043 1147 res
1064 1109 1194 1147 minus
1216 1109 1423 1147 commode
1454 1108 1573 1161 gestas
1593 1106 1760 1161 proferas
1777 1125 1789 1151 3
1821 1104 1922 1144 nihil

525 1178 591 1223 est,
614 1177 719 1230 quod
739 1176 955 1214 multorum
975 1175 1173 1228 naufragia
1192 1175 1356 1214 fortunae
1387 1175 1560 1227 colligas.
1592 1175 1679 1227 Ego
1703 1186 1814 1211 naves
1836 1173 1920 1210 ina-

525 1257 591 1282 nes
624 1242 732 1281 fuiffe
753 1242 864 1280 dico:
897 1242 1061 1293 remiges
1092 1241 1298 1293 nautasque
1318 1241 1512 1279 dimifl‘os:
1546 1240 1714 1292 reliquos
1741 1238 1920 1291 stirpibus

525 1309 656 1347 vixiffe
689 1308 907 1361 palmarum
926 1322 936 1345 :
981 1306 1168 1359 praefuiffe
1203 1307 1304 1345 claffi
1338 1307 1475 1359 populi
1509 1305 1679 1344 Romani
1714 1304 1918 1349 Siculum;

525 1383 711 1429 perpetuo
728 1373 838 1412 sociis
859 1382 974 1425 atque
994 1373 1143 1417 amicis,
1160 1373 1434 1425 Syracusanum
1451 1387 1459 1410 :
1483 1381 1520 1410 te
1540 1372 1608 1409 illo
1629 1380 1804 1423 tempore
1824 1369 1918 1423 ipso,

526 1438 857 1494 superioribusque
877 1438 1011 1477 diebus
1040 1439 1238 1484 omnibus,
1269 1440 1310 1477 in
1329 1439 1441 1477 litore
1461 1451 1553 1476 cum
1573 1436 1811 1476 mulierculis
1832 1450 1921 1489 per-

526 1507 668 1561 potaffe
688 1507 774 1544 dico
792 1521 801 1544 ε
824 1505 961 1544 harum
984 1519 1113 1543 rerum
1140 1506 1320 1544 omnium
1341 1507 1509 1543 auctores
1531 1504 1713 1557 testesque
1732 1503 1919 1556 produco.

568 1575 682 1613 Num
704 1573 776 1612 tibi
797 1572 975 1611 insultare
995 1572 1035 1610 in
1057 1572 1285 1618 calamitate,
1307 1586 1403 1610 num
1424 1571 1678 1609 intercludere
1698 1569 1922 1624 perfugium

524 1641 704 1685 fortunae,
736 1653 833 1678 num
866 1638 970 1676 casus
998 1638 1157 1676 bellicos
1187 1638 1414 1692 exprobrare
1449 1647 1513 1675 aut
1544 1638 1723 1689 objicere,
1757 1636 1920 1674 videor?

525 1707 673 1746 tametsi
694 1706 815 1745 solent
835 1704 877 1743 hi
897 1704 1096 1743 fortunam
1115 1705 1183 1743 fibi
1199 1705 1321 1758 'objici
1342 1704 1458 1750 nolle,
1481 1704 1549 1757 qui
1570 1704 1604 1742 se
1624 1703 1788 1742 fortunae
1808 1716 1920 1741 com-

526 1774 726 1819 miserunt,
759 1772 827 1825 qui
861 1772 901 1810 in
933 1773 1012 1825 ejus
1034 1772 1213 1825 periculis
1249 1772 1335 1810 sunt
1366 1785 1408 1809 ac
1429 1771 1604 1809 varietate
1630 1770 1776 1809 versati.
1809 1769 1920 1808 Istius

525 1839 687 1892 quidem
721 1839 949 1877 calamitatis
982 1847 1055 1876 tuae
1086 1837 1241 1876 fortuna
1268 1838 1458 1891 particeps
1491 1851 1567 1875 non
1602 1835 1692 1874 fuit.
1725 1835 1920 1874 Homines

525 1907 631 1944 enim
652 1907 691 1944 in
713 1905 866 1957 praeliis,
890 1917 967 1941 non
988 1904 1028 1941 in
1049 1904 1250 1948 conviviis,
1277 1904 1369 1941 belli
1389 1902 1584 1940 fortunam
1607 1911 1764 1946 tentare,
1786 1914 1829 1938 ac
1850 1914 1920 1953 pe-

527 1972 699 2015 riclitari,
734 1971 855 2008 solent
873 1984 881 2007 :
914 1970 954 2007 in
989 1969 1055 2007 illa
1085 1978 1214 2007 autern
1248 1968 1464 2006 calamitate
1491 1981 1569 2005 non
1604 1968 1776 2005 Martem
1811 1965 1922 2004 fuiffe

527 2050 796 2079 communem,
820 2035 880 2072 sed
900 2035 1107 2079 Venerem,
1141 2034 1337 2087 possumus
1366 2034 1504 2072 dicere.
1538 2033 1656 2084 Qod
1676 2033 1702 2070 fi
1722 2032 1921 2071 fortunam

527 2102 645 2154 objici
668 2101 740 2139 tibi
761 2114 837 2138 non
858 2109 1023 2152 oportet,
1045 2114 1114 2138 cur
1136 2109 1178 2139 tu
1198 2099 1362 2139 fortunae
1382 2100 1542 2138 illorum
1563 2100 1833 2138 innocentium
1852 2111 1919 2137 ve-

526 2170 631 2207 niam
653 2182 695 2206 ac
715 2168 847 2206 locum
870 2180 946 2204 non
968 2167 1102 2205 dedisti
1121 2168 1133 2205 ?

583 2235 713 2273 Etiam
736 2233 833 2271 illud
855 2233 1034 2285 praecidas
1056 2234 1161 2278 licet,
1191 2242 1242 2278 te,
1276 2234 1380 2285 quod
1413 2232 1646 2286 supplicium
1668 2245 1774 2270 more
1795 2232 1918 2283 majo-

528 2316 614 2340 rum
637 2301 850 2353 sumpseris,
883 2300 1079 2351 securique
1100 2299 1333 2352 percusseris,
1365 2300 1512 2337 idcirco
1531 2312 1551 2336 a
1571 2312 1634 2336 me
1654 2299 1693 2335 in
1715 2298 1862 2335 crimen
1883 2308 1921 2337 et

526 2369 712 2406 invidiam
733 2367 874 2406 vocari.
907 2367 1000 2405 Non
1022 2366 1061 2403 in
1083 2366 1271 2418 supplicio
1299 2366 1445 2404 crimen
1467 2378 1601 2403 meum
1621 2365 1782 2402 vertitur
1800 2380 1809 2402 :
1841 2378 1918 2403 non

527 2448 597 2487 ego
618 2434 735 2472 securi
768 2446 867 2486 nego
898 2446 1135 2485 quemquam
1167 2430 1272 2470 feriri
1303 2432 1465 2470 debere:
1499 2444 1576 2471 non
1610 2445 1681 2484 ego
1700 2439 1851 2470 metum
1872 2445 1918 2469 ex
