2201 2792
501 162 577 211 482
997 161 1397 198 ORATIO

499 260 568 297 nifi
590 269 646 305 ut,
678 260 740 297 M.
765 258 930 297 Fonteio
959 258 1130 311 oppreflb
1161 259 1387 297 testimoniis
1418 272 1568 303 eorum,
1601 257 1742 310 quibus
1770 256 1894 295 multa

499 325 721 378 reipublicae
752 324 859 363 causa
893 324 1127 362 invitiffimis
1158 326 1343 376 imperata
1373 324 1486 369 sunt,
1517 324 1706 376 segniores
1738 321 1894 376 posthac

499 391 545 428 ad
571 390 841 444 imperandum
870 391 995 428 caeteri
1024 390 1110 434 sint,
1141 403 1234 427 cum
1265 389 1419 427 videant
1448 403 1511 427 eos
1544 389 1772 442 oppugnari,
1803 388 1893 440 qui-

499 456 572 494 bus
592 456 785 510 oppreffis,
816 454 952 508 populi
977 455 1145 492 Romani
1168 455 1380 507 imperium
1401 455 1598 493 incolume
1616 454 1686 493 effe
1706 468 1784 493 non
1804 453 1892 507 pos-

499 522 542 560 fit
562 524 573 559 ?

554 589 626 626 IV.
660 588 871 641 Objed‘cum
891 587 943 625 est
974 587 1104 632 etiam,
1127 587 1314 639 quaestum
1336 587 1398 624 M.
1422 587 1634 625 Fonteium
1665 599 1713 624 ex
1744 586 1893 624 viarum

498 654 718 693 munitione
738 652 862 691 feciffe
878 672 890 698 ;
923 662 966 691 ut
986 663 1049 691 aut
1081 666 1128 691 ne
1147 661 1298 705 cogeret
1318 653 1484 697 munire,
1505 661 1570 690 aut
1590 652 1644 696 id,
1677 651 1783 704 quod
1802 665 1893 690 mu-

497 721 627 758 nitum
648 719 751 764 estet,
783 733 830 757 ne
852 719 1101 772 improbaret.
1134 719 1172 756 Si
1203 727 1241 756 et
1260 718 1381 756 coaeti
1400 717 1487 756 sunt
1506 718 1658 756 munire
1678 730 1828 762 omnes,
1856 727 1895 755 et

499 785 716 822 multorum
735 797 849 836 opera
869 784 1087 835 improbata
1107 783 1219 828 sunt;
1252 791 1354 820 certe
1373 792 1584 835 utrumque
1603 781 1743 821 falsum
1762 782 1828 827 est,
1855 791 1895 820 et

496 851 547 888 ob
569 850 806 888 vacationem
837 849 1006 901 pretium
1027 849 1176 894 datum,
1207 862 1299 886 cum
1329 848 1519 887 immunis
1547 861 1663 886 nemo
1682 847 1798 885 fuerit
1812 866 1825 892 ς
1856 857 1896 886 et

495 916 546 954 ob
567 914 849 968 probationem,
882 928 974 952 cum
1009 915 1133 952 multa
1162 914 1379 967 improbata
1399 914 1485 953 sint.
1518 914 1640 965 Qid,
1674 913 1700 951 fi
1720 912 1797 951 hoc
1817 913 1894 950 cri-

496 995 587 1019 men
608 981 768 1033 optimis
790 980 1016 1018 nominibus
1037 980 1207 1032 delegare
1228 980 1426 1033 possimus,
1441 989 1478 1018 et
1499 981 1564 1024 ita,
1583 989 1625 1017 ut
1644 993 1720 1018 non
1738 979 1893 1032 culpam

496 1049 536 1086 in
558 1048 649 1085 alios
672 1046 956 1091 transferamus,
979 1046 1041 1084 sed
1062 1047 1118 1084 uti
1140 1048 1362 1091 doceamus,
1394 1060 1457 1084 eos
1485 1047 1544 1084 isti
1565 1046 1777 1084 munitioni
1796 1059 1894 1098 prae-

496 1114 620 1159 fuiffe,
653 1114 721 1165 qui
742 1112 854 1150 facile
874 1113 1050 1150 officium
1074 1112 1187 1151 suum
1214 1123 1251 1151 et
1271 1113 1441 1166 praestare
1471 1122 1508 1151 et
1528 1112 1687 1165 probare
1706 1112 1859 1165 poffunt
1879 1113 1892 1149 ?

495 1191 676 1218 tamenne
708 1192 773 1217 vos
794 1179 926 1217 omnia
945 1179 985 1216 in
1006 1180 1069 1216 M.
1101 1180 1325 1224 Fonteium,
1357 1179 1461 1217 iratis
1483 1179 1640 1217 testibus
1661 1177 1764 1223 freti,
1796 1191 1892 1217 con-

494 1246 653 1284 feretis?
685 1246 788 1283 Cum
814 1244 1023 1296 majoribus
1045 1245 1265 1297 reipublicae
1285 1245 1449 1296 negotiis
1470 1245 1533 1282 M.
1557 1244 1743 1282 Fonteius
1764 1244 1893 1296 impe-

495 1313 655 1357 diretur,
687 1320 725 1349 et
755 1324 847 1348 cum
881 1311 927 1348 ad
961 1310 1244 1363 rempublicam
1278 1311 1498 1363 pertineret,
1534 1311 1637 1348 viam
1672 1309 1894 1348 Domitiam

497 1378 664 1422 munire,
697 1376 830 1429 legatis
863 1376 951 1421 suis,
987 1376 1178 1429 primariis
1212 1377 1317 1421 viris,
1341 1378 1388 1414 C.
1411 1377 1543 1414 Annio
1578 1376 1753 1414 Bellieno
1783 1384 1821 1413 et
1842 1376 1891 1414 C.

496 1445 661 1483 Fonteio
682 1443 883 1496 negotium
915 1443 1035 1480 dedit.
1067 1443 1203 1494 Itaque
1222 1441 1482 1495 praefuerunt:
1515 1443 1797 1495 imperaverunt
1823 1455 1893 1495 pro

495 1511 683 1563 dignitate
704 1509 779 1554 sua,
802 1509 907 1561 quod
927 1508 1051 1546 visum
1072 1508 1138 1552 est,
1160 1518 1197 1547 et
1217 1509 1487 1561 probaverunt.
1506 1509 1626 1560 Qod
1645 1521 1727 1553 vos,
1745 1509 1770 1546 fi
1788 1508 1895 1547 nulla

496 1576 567 1613 alia
587 1589 632 1613 ex
655 1588 706 1619 re,
730 1588 775 1612 ex
797 1574 914 1611 literis
935 1574 1095 1626 quidem
1116 1573 1258 1618 vestris,
1281 1586 1373 1626 quas
1394 1573 1601 1626 scripsistis,
1633 1582 1671 1611 et
1702 1572 1834 1618 miffis,
1857 1582 1895 1612 et

496 1641 634 1685 allatis,
668 1649 768 1677 certe
790 1639 882 1677 scire
902 1638 1092 1691 potuistis.
1121 1639 1227 1690 Qas
1248 1639 1274 1677 fi
1295 1648 1405 1677 antea
1423 1653 1501 1677 non
1521 1639 1679 1692 legistis,
1710 1652 1815 1677 nunc
1843 1652 1893 1677 ex

497 1708 622 1752 nobis,
644 1706 739 1759 quid
759 1706 805 1743 de
825 1705 870 1743 iis
890 1706 1002 1743 rebus
1023 1706 1210 1744 Fonteius
1230 1706 1275 1744 ad
1295 1705 1439 1758 legatos
1461 1705 1544 1744 suos
1565 1704 1766 1758 scripserit,
1798 1705 1895 1757 quid

467 1770 470 1775 ’
496 1773 541 1810 ad
562 1786 652 1810 eum
674 1772 732 1810 illi
754 1770 1021 1823 rescripserint,
1054 1771 1286 1824 cognoscite.
1318 1772 1513 1810 LITERAE
1537 1784 1598 1810 AD
1623 1772 1671 1809 C.
1695 1772 1891 1809 ANNIUM

499 1840 604 1876 LEG.
628 1851 689 1875 AD
714 1838 762 1875 C.
783 1838 1035 1875 FONTEIUM
1061 1849 1165 1875 ΒΕΘ.
1197 1837 1394 1875 LITERAE
1420 1850 1450 1875 A
1474 1838 1522 1874 C.
1544 1838 1697 1874 ANNlo
1729 1849 1833 1873 LEG.
1859 1848 1889 1873 A

497 1907 544 1942 C.
569 1905 779 1941 FONTmo
803 1915 908 1940 LEG.
941 1902 1035 1940 Satis
1056 1903 1194 1954 opinor
1223 1902 1292 1940 effe
1313 1902 1573 1955 perspicuum,
1595 1902 1765 1953 Judices,
1792 1900 1893 1939 hanc

497 1970 683 2007 rationem
705 1967 934 2005 munitionis
957 1981 1079 2020 neque
1098 1968 1143 2004 ad
1164 1968 1226 2006 M.
1252 1969 1461 2006 Fonteium
1478 1968 1684 2020 pertinere,
1721 1976 1758 2006 et
1778 1967 1824 2006 ab
1844 1968 1891 2005 iis

496 2035 566 2073 effe
588 2036 798 2077 tractatam,
820 2046 916 2085 quos
938 2047 1051 2071 nemo
1072 2033 1184 2085 poffit
1205 2032 1489 2086 reprehendere.

554 2101 602 2138 V.
636 2098 868 2152 Cognoscite
889 2113 992 2137 nunc
1013 2100 1059 2137 de
1080 2100 1244 2138 crimine
1263 2100 1422 2145 vinario,
1446 2099 1551 2152 quod
1572 2099 1630 2137 illi
1652 2098 1891 2138 invidiofiffi-

497 2181 608 2206 mum
629 2175 667 2204 et
687 2166 904 2203 maximum
933 2166 1003 2203 effe
1023 2166 1241 2204 voluerunt.
1275 2167 1436 2204 Crimen
1462 2180 1483 2204 a
1502 2166 1693 2211 Plaetorio,
1716 2166 1888 2217 JudiceS,

496 2235 547 2271 ita
567 2231 820 2270 constitutum
842 2231 920 2269 est:
954 2232 1119 2269 Fonteio
1149 2245 1229 2269 non
1258 2231 1298 2270 in
1330 2232 1459 2270 Gallia
1488 2232 1661 2284 primum
1683 2230 1820 2269 venisse
1849 2232 1890 2268 in

497 2308 683 2342 mentem,
707 2307 748 2334 ut
770 2297 983 2349 portorium
1005 2297 1085 2334 vini
1106 2297 1330 2342 institueret,
1349 2297 1409 2335 sed
1429 2297 1501 2335 hac
1520 2297 1560 2334 in
1578 2297 1687 2334 Italia
1702 2296 1892 2349 proposita

495 2366 639 2403 ratione
672 2365 800 2402 Roma
827 2362 1059 2415 profeCmm.
1107 2363 1241 2414 Itaque
1268 2363 1472 2401 Titurium
1500 2361 1652 2400 Tolosae
1685 2370 1891 2414 quaternos

494 2430 664 2469 denarios
696 2430 739 2468 in
770 2429 933 2482 singulas
965 2429 1045 2467 vini
1077 2427 1277 2482 amphoras
1311 2429 1471 2482 portorii
1505 2428 1665 2466 nomine
1695 2427 1889 2481 exegi-fle:
