2201 2792
532 91 610 145 478
965 88 1053 126 IN
1125 87 1509 126 VERREM

532 188 739 234 Hercules,
763 201 880 241 quem
912 187 978 226 iste
998 187 1219 240 Agrigenti,
1248 189 1357 225 noete
1378 185 1616 239 intempesta,
1649 184 1841 223 servorum
1863 182 1926 220 in-

532 257 671 295 stru&a
690 264 727 293 et
748 264 967 308 comparata
986 268 1119 299 manu,
1141 253 1355 292 convellere
1376 266 1422 291 ex
1444 253 1518 290 suis
1541 252 1704 295 sedibus,
1727 261 1840 302 atque
1857 262 1925 286 au-

532 322 645 367 ferre,
667 331 824 360 conatus
845 321 915 359 est:
941 330 1067 372 teque,
1086 319 1311 357 san&iflima
1327 329 1446 357 mater
1462 319 1571 363 Idaea,
1588 331 1705 370 quam
1722 317 1823 369 apud
1839 316 1924 353 En-

532 389 671 441 guinos
691 387 950 440 augustifiimo
970 396 1008 424 et
1024 385 1301 437 religiofiffimo
1322 385 1361 422 in
1380 385 1528 436 templo
1549 385 1597 422 fic
1615 384 1814 436 spoliatam
1835 380 1926 419 reli-

533 455 634 507 quit,
650 464 693 492 ut
709 466 813 491 nunc
834 465 977 490 nomen
998 451 1116 489 modo
1132 449 1321 495 Africani,
1345 459 1382 487 et
1396 450 1551 502 vestigia
1567 450 1715 488 violatae
1731 446 1927 500 religionis

533 529 739 564 maneant3
763 526 1018 557 monumenta
1037 517 1217 561 viotoriae,
1240 515 1398 568 fanique
1418 524 1654 560 ornamenta,
1677 528 1755 552 non
1776 520 1926 551 extent:

531 587 687 639 vosque,
709 585 890 624 omnium
911 598 1039 622 rerum
1060 583 1282 627 forenfium,
1304 583 1550 621 consiliorum
1572 582 1851 624 maximorum,
1871 578 1929 616 le-

532 667 627 706 gum
643 652 977 705 judiciorumque,
1009 650 1141 688 arbitri
1161 659 1199 687 et
1221 649 1344 693 testeS,
1376 649 1625 686 celeberrimo
1656 648 1695 685 in
1718 648 1804 685 loco
1826 646 1928 684 Prae-

532 720 623 757 torii
642 718 771 762 locati,
805 716 937 755 Castor
968 725 1005 754 et
1026 717 1180 760 Pollux,
1212 729 1379 767 quorum
1410 728 1430 751 e
1460 714 1608 767 templo
1639 713 1827 765 quaestum
1859 709 1929 748 fibi

531 786 613 830 iste,
635 794 673 822 et
692 784 858 836 praedam
880 784 1106 826 maximam,
1129 780 1408 834 improbissime
1427 781 1690 833 comparavit:
1719 777 1930 828 omnesque

532 852 628 896 Dii,
657 850 727 902 qui
755 836 943 887 vehiculis
974 847 1197 886 thensarum
1226 847 1411 885 solemnes
1432 856 1555 884 coetus
1586 845 1770 883 ludorum
1800 843 1926 885 initis,

532 931 701 971 quorum
731 917 802 954 iter
822 916 889 953 iste
908 916 953 953 ad
975 915 1087 953 suum
1108 915 1310 968 quaestum,
1338 927 1416 952 non
1437 913 1483 951 ad
1503 913 1738 965 religionum
1759 910 1929 962 dignita-

533 996 628 1029 tem,
651 982 872 1021 faciendum
894 982 1207 1034 exigendumque
1223 981 1371 1018 curavit
1389 995 1397 1018 :
1422 989 1549 1031 teque,
1569 981 1699 1022 Ceres,
1722 986 1760 1015 et
1776 978 1929 1021 Libera,

533 1064 698 1104 quarum
730 1049 842 1092 sacra,
879 1047 974 1085 ficut
1008 1048 1208 1100 opiniones
1240 1046 1452 1084 hominum
1483 1059 1525 1083 ac
1553 1045 1755 1098 religiones
1782 1043 1927 1088 ferunt,

532 1119 648 1170 longe
668 1116 865 1159 maximis,
896 1123 1011 1166 atque
1031 1113 1313 1159 occultissimis,
1336 1113 1574 1151 caeremoniis
1601 1112 1879 1156 continentum
1911 1124 1932 1148 a

533 1183 676 1235 quibus
697 1181 807 1218 initia
828 1181 913 1218 vitae
933 1189 1048 1232 atque
1068 1180 1205 1224 νίθωε,
1228 1179 1376 1232 legum,
1406 1192 1577 1223 morum,
1611 1176 1929 1220 mansuetudinis,

531 1248 787 1287 humanitatis
808 1246 997 1298 exempla,
1020 1245 1247 1283 hominibus
1269 1254 1306 1283 et
1326 1245 1547 1282 civitatibus
1569 1244 1653 1282 data
1673 1257 1715 1282 ac
1736 1242 1932 1295 dispertita

532 1315 603 1353 effe
624 1315 832 1356 dicuntur,
865 1325 1029 1364 quarum
1051 1311 1149 1349 sacra
1175 1311 1342 1364 populus
1364 1312 1579 1354 Romanus,
1611 1323 1630 1346 a
1652 1309 1797 1347 Graecis
1818 1307 1932 1346 ascita

531 1391 570 1420 ct
590 1389 757 1433 accepta,
794 1388 898 1416 tanta
918 1379 1103 1431 religione
1124 1387 1161 1415 et
1182 1377 1338 1430 publice
1358 1386 1395 1415 et
1415 1377 1597 1430 privatim
1617 1384 1760 1421 tuetur,
1788 1389 1866 1414 non
1888 1384 1931 1414 ut

533 1449 579 1487 ab
601 1448 683 1486 aliis
704 1445 782 1484 huc
803 1445 926 1490 allata,
958 1445 1021 1482 sed
1055 1453 1098 1482 ut
1127 1445 1271 1482 caeteris
1302 1442 1396 1482 hinc
1418 1443 1567 1488 tradita,
1603 1442 1675 1480 effe
1701 1442 1928 1487 videantur;

533 1529 618 1567 quae
637 1514 683 1551 ab
701 1512 772 1550 isto
796 1525 872 1549 uno
892 1511 941 1549 fic
962 1510 1111 1564 polluta
1131 1519 1169 1549 et
1187 1511 1328 1549 violata
1342 1509 1442 1554 sunt,
1458 1519 1502 1548 ut
1516 1509 1763 1548 simulacrum
1781 1508 1930 1547 Cereris

533 1594 673 1625 unum,
707 1578 812 1630 quod
833 1591 853 1615 a
872 1577 953 1615 viro
973 1591 1050 1615 non
1080 1577 1198 1615 modo
1219 1577 1338 1630 tangi,
1370 1576 1432 1615 sed
1453 1589 1500 1614 ne
1520 1575 1635 1628 aspici
1666 1575 1841 1627 quidem,
1876 1573 1932 1613 fas

531 1646 623 1692 fuit,
659 1660 679 1683 e
700 1644 857 1683 sacrario
879 1644 1025 1682 Catinae
1045 1643 1346 1682 convellendum
1366 1641 1697 1694 auferendumque
1717 1640 1928 1687 curaverit;

533 1714 697 1751 alterum
719 1720 848 1749 autem
871 1711 992 1748 Ennae
1011 1723 1059 1748 ex
1089 1710 1152 1748 sua
1172 1709 1255 1748 sede
1283 1723 1326 1748 ac
1353 1710 1470 1748 domo
1490 1708 1694 1754 sustulerit,
1717 1707 1822 1761 quod
1853 1716 1932 1746 erat

533 1781 623 1825 tale,
660 1789 702 1817 ut
723 1778 916 1822 homines,
953 1791 1045 1816 cum
1066 1777 1249 1822 viderent,
1285 1786 1350 1815 aut
1370 1776 1490 1830 ipsam
1521 1776 1648 1814 videre
1679 1775 1714 1813 se
1735 1776 1929 1819 Cererem,

534 1842 788 1897 aut'effigiem
812 1843 975 1887 Cereris,
998 1856 1075 1880 non
1096 1841 1267 1880 humana
1286 1856 1404 1881 manu
1423 1841 1578 1886 saetam,
1602 1841 1662 1879 sed
1683 1840 1776 1878 caelo
1797 1839 1931 1892 delap-

534 1912 627 1956 sam,
661 1911 960 1949 arbitrarentur:
993 1922 1060 1946 vos
1080 1909 1196 1946 etiam
1218 1918 1332 1961 atque
1363 1908 1480 1946 etiam
1500 1908 1669 1960 imploro
1696 1916 1733 1944 et
1763 1906 1929 1959 appello,

536 1976 770 2016 sa116'tifiimae
789 1976 894 2018 Deae,
918 1988 1003 2025 quae
1024 1974 1110 2011 illos
1129 1974 1323 2012 Ennenses
1346 1974 1450 2012 lacus
1472 1972 1653 2025 lucosque
1672 1972 1814 2017 colitis,
1832 1985 1931 2010 cun-

536 2046 682 2095 &aeque
710 2041 862 2084 Siciliae,
895 2054 980 2092 quae
1001 2039 1101 2078 mihi
1123 2039 1361 2078 defendenda
1391 2039 1527 2078 tradita
1547 2039 1612 2084 est,
1648 2038 1881 2091 praefideti53
1913 2052 1934 2076 a

535 2109 678 2161 quibus
699 2107 863 2145 inventis
886 2105 1078 2159 frugibus,
1111 2115 1149 2144 et
1169 2107 1208 2144 in
1229 2107 1363 2145 orbem
1386 2115 1571 2144 terrarum
1592 2105 1816 2150 distributis,
1841 2118 1930 2142 om-

536 2189 603 2214 nes
619 2182 751 2227 gentes
772 2186 814 2210 ac
836 2173 1006 2210 nationes
1035 2172 1143 2210 vestri
1164 2172 1349 2225 religione
1368 2171 1541 2210 numinis
1563 2171 1834 2209 continentur:
1857 2183 1931 2208 cae-

536 2251 637 2280 teros
658 2241 753 2278 item
776 2240 879 2276 Deos
909 2237 1086 2290 Deasque
1106 2251 1240 2276 omnes
1261 2238 1430 2290 imploro
1460 2247 1576 2289 atque
1606 2236 1787 2280 obtestor,
1830 2249 1930 2287 quo·

537 2321 624 2347 rum
647 2306 803 2358 templis
825 2314 862 2343 et
884 2305 1134 2356 religionibus
1155 2305 1235 2349 iste,
1257 2304 1402 2343 nefario
1423 2304 1590 2356 quodam
1613 2302 1739 2340 furore
1756 2310 1794 2340 et
1814 2302 1931 2340 auda-

537 2375 596 2414 cia
629 2372 829 2411 instinetus
844 2400 855 2416 ,
892 2370 1041 2409 bellum
1077 2370 1303 2423 sacrilegum
1336 2371 1483 2422 semper
1512 2369 1760 2421 impiumque
1794 2366 1933 2407 habuit

534 2439 745 2485 tudinum,
782 2448 837 2484 ut,
870 2437 896 2476 si
931 2438 971 2476 in
1003 2436 1079 2478 hoc
1110 2450 1189 2484 reo,
1219 2446 1335 2490 atque
1366 2437 1407 2475 in
1435 2434 1506 2474 hac
1533 2434 1655 2480 causa,
1687 2434 1820 2474 omnia
1848 2447 1934 2474 mea
