2201 2792
529 169 608 208 314
955 159 1043 198 IN
1120 130 1500 199 VERREM

525 259 749 304 Aratorum,
780 257 922 311 inquit,
953 260 1124 312 penuria.
1158 260 1195 297 Si
1215 273 1287 312 ego
1318 261 1511 299 accusator
1532 260 1644 298 toties
1665 259 1712 298 de
1733 272 1771 298 re
1792 259 1926 298 eadem

525 325 709 370 dicerem,
730 338 888 371 vererer,
911 339 958 364 ne
978 326 1126 364 animos
1148 326 1284 364 vestros
1306 327 1554 372 offenderem,
1577 327 1747 378 Judices.
1771 326 1926 365 Clamat

525 391 728 437 Metellus,
757 392 841 442 Nffi
862 393 986 430 literas
1005 391 1152 445 mfflffm
1165 409 1177 430 .·
1210 407 1287 430 non
1308 393 1359 430 est
1380 393 1464 431 satis
1481 409 1489 432 :
1521 394 1773 447 Nsspraeſs’ns
1792 393 1925 445 confir-

524 471 582 495 ma
609 472 685 496 em:
716 471 763 495 ne
783 457 822 495 id
842 457 1002 509 quidem
1023 456 1108 494 satis
1129 457 1193 495 est.
1225 458 1403 511 Reliquos,
1432 459 1574 511 inquit,
1604 468 1781 497 aratores.
1814 457 1926 495 Reli-

524 536 620 575 quos
644 524 657 560 ?
687 537 805 577 prope
826 523 981 576 lugubri
1002 523 1117 561 verbo
1137 524 1395 562 calamitatem
1420 525 1627 577 provinciae
1649 525 1787 562 Sicilire
1807 523 1925 576 figni-

524 588 627 627 ficat.
672 590 807 634 Addit,
830 591 1036 628 Armorum
1049 589 1219 642 penuria.

578 655 668 693 LV.
692 655 916 708 Exspe&ate
945 655 1076 699 etiam,
1098 655 1269 706 Judices,
1301 656 1523 709 exspeftate,
1557 655 1582 693 fi
1606 655 1772 708 potestis,
1794 656 1926 693 austo-

524 722 678 760 ritatem
711 721 958 760 accusationis
993 735 1103 760 meae.
1154 723 1257 760 Dico
1277 732 1436 761 aratores
1457 723 1563 760 istius
1584 723 1737 760 avaritia
1756 723 1895 774 eje&os
1914 735 1924 759 ε

523 787 657 826 scribit
691 787 894 832 Metellus,
925 787 1092 839 reliquos
1123 787 1170 826 ab
1201 787 1237 825 se
1272 787 1342 826 esse
1373 787 1633 827 confirmatos.
1684 788 1787 825 Dico
1817 799 1927 839 agros

524 854 690 899 reli&os,
721 853 981 906 arationesque
1015 854 1172 892 desertas
1207 854 1277 892 effe
1296 870 1304 893 ε
1351 855 1482 893 scribit
1517 854 1703 893 Metellus
1735 863 1926 892 aratorum

523 921 593 959 effe
614 921 827 973 penuriam.
871 921 963 958 Hoc
983 933 1076 958 cum
1097 919 1242 966 scribit,
1273 921 1371 958 illud
1406 921 1582 965 ostendit,
1615 921 1793 972 deje&os‚
1824 919 1926 971 ejec-

523 997 597 1033 tOS,
628 987 792 1026 fortunis
828 987 1014 1025 omnibus
1032 986 1209 1040 expulsos
1229 987 1300 1025 effe
1320 988 1454 1040 populi
1476 987 1644 1025 Romani
1665 986 1784 1025 socios
1812 995 1927 1038 atque

523 1055 695 1092 amicos:
729 1054 870 1106 quibus
893 1053 917 1090 fi
945 1067 1020 1105 qua
1039 1053 1234 1091 calamitas
1266 1062 1422 1106 propter
1451 1054 1580 1098 istum,
1618 1052 1728 1091 salvis
1757 1053 1926 1104 veffiga-

523 1121 625 1158 libus
660 1119 808 1164 nostris,
839 1118 1045 1163 accidisset,
1076 1119 1376 1157 animadvertere
1410 1120 1450 1157 in
1484 1133 1573 1157 eum
1605 1132 1670 1156 vos
1696 1118 1924 1171 oportebat:

522 1186 726 1240 praesertim
747 1199 839 1223 cum
860 1185 902 1222 ea
922 1185 1005 1237 lege
1020 1185 1257 1237 judicaretis,
1275 1199 1358 1238 quae
1380 1185 1570 1223 sociorum
1591 1184 1700 1222 causa
1720 1183 1808 1222 effet
1828 1196 1925 1221 con-

522 1253 665 1290 stituta.
699 1253 804 1290 Cum
825 1264 926 1295 ver0,
949 1252 1106 1303 perditis
1127 1251 1410 1303 profligatisque
1430 1251 1554 1295 sociis,
1577 1250 1773 1303 veffigalia
1789 1250 1926 1302 populi

523 1319 691 1357 Romani
712 1318 784 1355 sint
805 1317 1019 1361 diminuta;
1043 1331 1100 1354 res
1120 1317 1382 1362 frumentaria,
1400 1327 1654 1362 commeatus,
1677 1317 1810 1368 copiae,
1828 1316 1926 1354 salus

523 1385 627 1422 urbis
649 1393 762 1436 atque
783 1384 1025 1421 exercituum
1056 1383 1270 1422 nostrorum
1293 1385 1331 1422 in
1367 1383 1624 1436 posteritatem
1646 1383 1751 1420 istius
1773 1383 1926 1420 avaritia

522 1451 736 1495 interierit3
768 1450 899 1488 saltem
933 1450 1140 1488 commoda
1172 1451 1308 1503 populi
1329 1450 1499 1488 Romani
1533 1450 1720 1503 respicite,
1756 1449 1782 1487 fi
1814 1449 1924 1487 sociis

522 1517 746 1555 fideliffimis
767 1515 979 1569 prospicere
999 1529 1076 1554 non
1098 1516 1290 1554 laboratis.

576 1585 723 1635 Atque,
756 1591 798 1620 ut
825 1582 1065 1634 intelligatis,
1096 1582 1142 1620 ab
1176 1582 1259 1627 isto,
1290 1596 1367 1635 prae
1386 1582 1508 1627 lucro,
1540 1581 1741 1635 praedaque
1761 1580 1924 1634 praesen-

520 1650 564 1695 ti,
588 1662 658 1687 nec
679 1647 940 1700 veitigalium,
962 1661 1032 1685 nec
1053 1647 1280 1700 posteritatis
1300 1647 1474 1686 habitam
1494 1647 1565 1686 effe
1585 1648 1772 1686 rationem
1787 1665 1801 1691 ς
1829 1660 1923 1698 cog-

519 1714 677 1758 noscite,
708 1714 803 1766 quid
833 1713 879 1750 ad
899 1722 1118 1751 extremum
1140 1703 1277 1751 scribat
1293 1713 1494 1752 Metellus.
1526 1714 1571 1752 In
1588 1714 1762 1767 reliquum
1788 1720 1924 1765 tempus.

520 1781 754 1834 vestigalibus
767 1780 944 1833 prcspexi.
977 1781 1022 1818 In
1044 1780 1237 1833 reliquum
1259 1789 1414 1833 tempus
1433 1781 1485 1818 ait
1505 1780 1541 1818 se
1562 1780 1810 1832 veffigalibus
1831 1792 1923 1831 pro-

519 1846 687 1899 spexiffe.
720 1847 814 1885 Non
831 1845 1024 1890 scriberet,
1042 1845 1077 1883 se
1094 1845 1342 1897 vectigalibus
1363 1844 1603 1898 prospexisse,
1624 1845 1691 1882 nisi
1712 1844 1787 1882 hoc
1809 1844 1923 1882 vellet

520 1913 728 1956 ostendere,
760 1920 796 1949 te
815 1910 1013 1962 veetigalia
1042 1910 1256 1963 perdidisse.
1290 1911 1398 1961 Qid
1419 1911 1522 1949 enirn
1545 1920 1637 1955 erat,
1669 1910 1773 1962 quod
1803 1910 1922 1947 veeti-

519 1977 668 2030 galibus
690 1975 920 2028 prospiceret
941 1975 1126 2013 Metellus
1147 1976 1186 2013 in
1203 1975 1390 2020 decumis,
1421 1985 1458 2013 et
1479 1977 1518 2013 in
1540 1985 1619 2013 tota
1639 1989 1676 2013 re
1703 1974 1920 2012 frumenta-

519 2044 586 2087 ria,
619 2043 642 2079 si
665 2042 730 2079 iste
752 2055 828 2078 non
850 2041 1046 2093 vectigalia
1066 2041 1201 2094 populi
1222 2042 1390 2079 Romani
1411 2041 1477 2079 suo
1497 2041 1640 2093 quoestu
1661 2040 1920 2094 pervertisset?

519 2112 650 2162 Atque
684 2107 758 2160 ipse
790 2107 991 2152 Metellus,
1023 2108 1090 2160 qui
1125 2108 1371 2161 vetftigalibus
1402 2108 1611 2161 prospicit,
1653 2109 1722 2160 qui
1754 2107 1919 2159 reliquos

520 2185 679 2214 aratores
700 2173 864 2225 colligit,
896 2174 990 2224 quid
1010 2173 1228 2226 assequitur,
1260 2175 1328 2213 nisi
1363 2173 1453 2220 hoc,
1484 2184 1527 2212 ut
1547 2183 1666 2219 arent,
1698 2173 1723 2212 fi
1744 2174 1811 2225 qui
1831 2172 1919 2225 pos-

521 2242 620 2286 sunt,
652 2240 793 2293 quibus
815 2248 981 2277 aratrum
1002 2239 1134 2278 saltem
1154 2241 1310 2292 aliquod
1330 2241 1473 2279 satelles
1504 2240 1610 2278 istius
1633 2239 1827 2291 Apronius
1859 2252 1919 2275 re-

520 2308 674 2360 liquum
696 2305 814 2351 fecit,
837 2305 906 2357 qui
926 2314 1052 2343 tamen
1074 2306 1113 2343 in
1134 2307 1231 2358 agris
1252 2306 1329 2358 spe,
1349 2316 1462 2358 atque
1481 2305 1742 2358 expee‘tatione
1762 2303 1920 2341 Metelli

520 2373 780 2412 remanserunt
799 2372 812 2409 ?
845 2371 953 2423 Qid
987 2373 1111 2410 caeteri
1133 2372 1250 2410 Siculi
1270 2373 1283 2408 ?
1315 2372 1410 2424 quid
1430 2372 1495 2409 ille
1518 2371 1712 2408 maximus
1736 2383 1919 2408 numerus

520 2449 725 2483 aratorum,
747 2439 814 2490 qui
836 2451 912 2476 non
934 2438 1051 2476 modo
1087 2451 1132 2476 ex
1152 2438 1248 2490 agris
1270 2438 1379 2490 ejeCH
1401 2439 1501 2482 sunt,
1537 2437 1597 2474 sed
1618 2437 1732 2474 etiam
1753 2450 1800 2474 cx
1819 2436 1918 2473 civi-

522 2506 661 2545 tatibus
684 2505 771 2551 suis,
804 2519 849 2543 ex
880 2505 1091 2557 provincia,
1122 2504 1288 2557 denique
1319 2504 1444 2550 bonis,
1475 2502 1715 2556 fortunisque
1737 2502 1917 2541 omnibus
