2201 2792
479 145 528 197 93
1001 147 1353 186 oRATio

480 242 519 279 Si
539 241 684 280 tabulas
712 243 759 281 C.
783 243 952 283 Fannius
983 246 1130 297 accepti
1159 254 1195 283 et
1223 245 1374 298 expenfi
1401 244 1546 298 profert
1576 245 1671 290 suas,
1703 245 1743 283 in
1771 244 1881 284 suam-

478 320 576 352 rem,
609 307 672 346 suo
692 309 875 347 arbitratu
894 310 1047 362 scriptas
1063 328 1077 355 ς
1108 324 1186 362 quo
1206 311 1335 349 minus
1362 309 1571 349 secundum
1592 311 1705 349 illum
1720 310 1881 362 judice--

479 373 543 418 tis,
565 386 642 411 non
664 374 806 412 recuso.
849 375 950 424 Qis
970 374 1046 414 hoc
1066 374 1181 414 frater
1200 375 1320 421 fratri,
1349 377 1435 427 quis
1462 389 1594 428 parens
1623 375 1704 413 filio
1725 375 1881 418 tribuit,

480 447 538 482 ut,
570 439 831 491 quodcunque
861 440 1056 485 retuliffet,
1089 441 1127 478 id
1159 448 1284 479 ratum
1315 440 1501 478 haberet?
1537 442 1683 479 Ratum
1715 440 1876 478 habebit

480 503 658 542 Roscius.
705 503 852 543 Profer.
896 506 1015 556 Qod
1035 506 1107 544 tibi
1127 505 1242 544 fuerit
1262 505 1492 558 persuasum,
1520 504 1613 543 huic
1633 506 1707 544 erit
1723 505 1876 558 per-sua-

481 567 593 607 sum:
626 570 731 621 quod
761 570 834 608 tibi
866 569 983 609 fuerit
1013 571 1232 623 probatum,
1263 569 1356 608 huic
1387 571 1459 608 erit
1489 570 1710 622 probatum.
1756 569 1879 608 Paulo

481 643 569 671 ante
588 648 609 671 a
628 635 691 672 M.
715 636 913 687 Perpenna
940 637 984 673 P.
1008 637 1145 673 Saturii
1166 636 1311 674 tabulas
1331 636 1579 688 poscebamus
1599 650 1608 673 ε
1642 648 1744 673 nunc
1779 643 1880 679 tuas,¹

482 699 530 737 C.
549 700 672 738 Fanni
690 699 860 746 Chaerea‚
880 701 994 738 solius
1016 702 1246 755 flagitamus,
1267 712 1320 747 et,
1338 715 1415 754 quo
1435 702 1564 740 minus
1586 701 1797 739 secundum
1817 713 1877 738 eas

481 764 529 802 lis
550 765 673 810 detur,
688 780 773 817 *non
794 767 1022 805 recusamus.
1393 807 1396 809 .

536 831 644 880 Qid
664 832 717 869 ita
736 846 813 870 non
833 831 1007 884 profers?
1041 833 1082 871 N
1085 846 1134 870 on
1166 832 1325 871 conficit
1350 833 1494 871 tabulas
1516 834 1529 870 ?
1561 834 1691 871 Immo
1711 831 1879 884 diligen-

480 896 632 935 tiffime.
654 898 749 936 Non
769 896 882 935 refert
897 911 1009 950 parva
1025 899 1183 936 nomina
1200 900 1239 937 in
1260 900 1410 937 codices
1427 900 1439 936 ?
1470 901 1600 937 Immo
1619 912 1753 937 omnes
1771 898 1879 936 sum-

477 976 573 1001 mas.
598 964 713 1007 Leve,
735 973 773 1001 et
793 973 907 1001 tenue
926 962 1001 1001 hoc
1023 964 1193 1002 nomen?
1215 965 1306 1002 H-S
1330 978 1518 1004 cccmoo
1540 965 1640 1002 sunt.
1665 963 1878 1014 Qomodo

480 1024 553 1066 tib'i
573 1038 676 1067 tanta
696 1030 857 1081 pecunia
875 1030 1171 1067 extraordinaria
1193 1030 1323 1081 jacet?
1361 1030 1557 1081 quomodo
1573 1031 1664 1067 H-S
1689 1042 1876 1068 eceman

482 1095 522 1132 in
543 1096 673 1133 codice
693 1096 840 1147 accepti
855 1104 892 1132 et
908 1095 1060 1147 expenfi
1077 1109 1155 1133 non
1172 1095 1281 1133 sunt?
1304 1096 1378 1134 Pro
1393 1096 1462 1134 Dii
1476 1095 1737 1134 immortales!
1760 1095 1880 1133 effene

482 1174 721 1213 quemquam
744 1171 847 1198 tanta
873 1161 1027 1198 audacia
1046 1161 1264 1212 praeditum,
1287 1162 1369 1211 qui,
1398 1162 1502 1212 quod
1523 1175 1665 1198 nomen
1685 1161 1820 1198 referre
1839 1162 1880 1197 in

481 1227 628 1264 tabulas
650 1227 796 1269 timeat,
830 1226 868 1262 id
889 1235 1015 1276 petere
1035 1225 1169 1262 audeat
1187 1225 1200 1261 ?
1231 1226 1335 1276 quod
1355 1227 1392 1262 in
1415 1226 1590 1263 codicem
1612 1227 1798 1277 injuratus
1820 1239 1880 1263 re-

482 1290 578 1328 ferre
600 1291 737 1335 noluit,
771 1289 809 1327 id
834 1291 960 1341 jurare
980 1290 1020 1327 in
1049 1289 1159 1327 litem
1194 1303 1271 1328 non
1299 1290 1477 1328 dubitet?
1509 1291 1613 1343 quod
1634 1291 1700 1328 fibi
1722 1290 1881 1343 probare

481 1370 557 1394 non
579 1356 703 1408 poffit,
727 1355 765 1392 id
785 1355 1002 1408 persuadere
1022 1356 1126 1393 alteri
1148 1365 1309 1394 conetur
1327 1356 1339 1392 ?

536 1423 590 1460 ΙΙ.
623 1422 808 1460 Nimium
828 1422 906 1459 cito
936 1422 988 1459 ait
1018 1435 1081 1459 me
1101 1422 1292 1474 indignari
1312 1422 1360 1458 de
1385 1421 1548 1467 tabulis:
1581 1435 1659 1459 non
1679 1420 1826 1459 habere·
1844 1422 1882 1459 se

481 1487 557 1525 hoc
591 1501 734 1525 nomen
765 1488 805 1525 in
826 1487 959 1525 codice
978 1487 1123 1539 accepti
1155 1496 1192 1524 et
1212 1486 1363 1539 expensi
1384 1487 1548 1524 relatum
1569 1486 1787 1531 confitetur,
1819 1487 1882 1524 sed

482 1554 521 1591 in
543 1554 757 1591 adversariis
778 1562 903 1605 patere
923 1552 1136 1590 contendit.
1180 1552 1312 1604 Usque
1332 1565 1426 1590 eone
1447 1561 1483 1590 te
1503 1552 1648 1604 diligis,
1669 1562 1707 1590 et
1727 1553 1880 1603 magni-

483 1619 554 1657 fice
575 1619 854 1671 circumspicis,
876 1628 919 1656 ut
938 1618 1141 1670 pecuniam
1163 1632 1241 1655 non
1262 1632 1307 1655 ex
1329 1618 1404 1655 tuis
1426 1618 1581 1662 tabulis,
1601 1618 1661 1655 sed
1682 1631 1728 1654 ex
1748 1618 1879 1655 adver-

484 1684 598 1729 sariis,
622 1695 725 1737 petas
745 1686 757 1720 Ρ
790 1686 912 1722 Suum
942 1684 1117 1722 codicem
1138 1683 1239 1721 testis
1266 1684 1352 1721 loco
1375 1685 1545 1729 recitare,
1567 1684 1788 1735 arrogantiae
1812 1684 1879 1722 est.

484 1751 644 1789 suarum
680 1750 1004 1803 perscriptionum
1031 1758 1068 1787 et
1102 1748 1314 1798 liturarum
1340 1749 1543 1788 adversaria
1576 1748 1766 1802 proferret,
1803 1763 1881 1787 non

483 1817 648 1854 amentia
667 1816 719 1854 est
737 1816 750 1852 ?
1218 1815 1221 1818 ’

544 1882 662 1933 Qod
697 1882 722 1918 fi
754 1882 914 1919 eandem
951 1882 1045 1926 vim,
1078 1882 1335 1933 diligentiam,
1377 1882 1719 1932 au&01·itatemque
1742 1879 1887 1919 habent

484 1947 701 1991 adversaria,
732 1959 847 1998 quam
871 1947 1035 1990 tabulae;
1068 1947 1162 1999 quid
1178 1948 1313 1984 attinet
1333 1947 1508 1985 codicem
1529 1947 1723 1984 instituere
1742 1946 1754 1983 ?
1786 1960 1881 1984 con-

484 2013 671 2050 scribere?
702 2013 875 2050 ordinem
897 2012 1133 2050 conservare?
1157 2013 1351 2051 memoriae
1373 2013 1516 2051 tradere
1534 2014 1730 2051 literarum
1752 2013 1879 2050 vetus-

484 2088 601 2118 tatem
619 2080 632 2116 ?
664 2079 734 2117 Sed
756 2079 795 2123 fi,
827 2079 932 2130 quod
951 2079 1167 2117 adversariis
1188 2078 1287 2117 nihil
1315 2080 1519 2125 credimus,
1542 2080 1686 2117 idcirco
1706 2079 1881 2117 codicem

484 2144 644 2182 scribere
665 2144 927 2189 instituimus,
960 2145 1064 2196 quod
1096 2145 1212 2182 etiam
1240 2145 1340 2197 apud
1360 2158 1494 2183 omnes
1521 2145 1602 2182 leve
1621 2153 1659 2182 et
1678 2145 1880 2182 infirmum

484 2210 558 2255 est,
592 2210 630 2248 id
652 2210 751 2262 apud
777 2210 950 2261 judicem
971 2223 1082 2261 grave
1103 2219 1140 2248 et
1161 2210 1332 2249 sanctum
1363 2210 1434 2248 effe
1453 2210 1646 2248 ducetur?
1678 2209 1785 2258 Qid
1814 2209 1880 2254 est,

484 2276 588 2327 quod
609 2276 845 2328 negligenter
865 2275 1072 2313 scribamus
1091 2275 1321 2313 adversaria?
1353 2276 1447 2327 quid
1466 2275 1531 2320 est,
1554 2274 1659 2326 quod
1679 2274 1882 2326 diligenter

484 2341 734 2379 conficiamus
770 2340 944 2378 tabulas?
976 2354 1050 2392 qua
1080 2341 1125 2378 de
1156 2341 1295 2378 causa?
1327 2342 1415 2393 quia
1445 2340 1526 2378 haec
1558 2342 1644 2377 sunt
1675 2339 1879 2384 menstrua,

485 2406 559 2443 illae
589 2407 675 2445 sunt
708 2415 878 2444 aeternae:
910 2405 992 2444 haec
1024 2406 1197 2443 delentur
1218 2406 1358 2450 statim,
1389 2406 1463 2443 illae
1496 2405 1685 2442 servantur
1720 2404 1878 2442 sanssae:

481 2470 564 2509 haec
580 2474 685 2525 parvi
702 2474 884 2526 temporis
902 2473 1143 2518 memoriam,
1159 2473 1233 2510 111ae
1250 2482 1440 2525 perpetua:
1456 2472 1746 2511 existimationis
1763 2470 1881 2509 fidem
