2201 2792
436 198 487 237 60
957 197 1314 238 ORATIO

433 299 599 345 habeat,
631 312 722 338 cum
743 312 877 337 omnes
913 299 953 338 in
986 313 1109 338 unum
1130 299 1312 352 spectent,
1343 313 1441 338 unus
1473 298 1604 338 omnia
1623 298 1835 352 gubernet3

433 379 524 404 cum
548 375 605 404 tot
625 367 816 419 tantisque
847 367 1011 419 negotiis
1032 367 1216 405 distentus
1237 367 1296 412 fit,
1330 376 1372 406 ut
1403 367 1579 420 respirare
1610 366 1729 405 libere
1760 381 1836 406 non

432 433 562 486 poffit)
595 435 620 472 fi
641 434 788 486 aliquid
812 448 889 472 non
918 435 1220 480 animadvertat,
1253 449 1346 473 cum
1373 434 1582 488 praesertim
1615 443 1694 473 tam
1721 435 1838 474 multi

431 500 726 554 occupationem
746 502 827 553 ejus
848 501 1063 547 observent,
1098 502 1326 555 tempusque
1355 510 1607 555 aucupentur,
1636 510 1693 547 ut,
1724 501 1836 540 fimul

432 576 547 619 atque
566 566 633 605 ille
653 567 878 619 despexerit,
912 567 1060 620 aliquid
1089 567 1357 620 hujuscemodi
1387 568 1611 606 moliantur.
1656 568 1751 606 Huc
1771 581 1836 606 ac-

431 632 546 677 cedit,
579 632 699 685 quod,
730 634 907 685 quamvis
939 633 1005 670 ille
1035 632 1131 671 felix
1152 633 1210 679 fit,
1241 633 1336 672 ficut
1356 633 1422 679 est,
1445 643 1573 672 tamen
1594 634 1634 671 in
1655 641 1758 671 tanta
1778 632 1837 671 fe-

431 699 577 738 licitate
596 712 713 738 nemo
733 699 856 752 potest
875 699 947 738 effe
966 700 1006 738 in
1032 713 1171 753 magna
1190 699 1352 745 familia,
1376 701 1446 754 qui
1465 700 1679 745 neminem,
1711 712 1838 752 neque

429 765 595 812 servum,
615 780 741 819 neque
760 766 945 805 libertum
966 767 1191 820 improbum
1212 767 1365 807 habeat.

485 833 634 871 Interea
653 833 721 870 iste
740 833 793 871 T.
816 833 994 878 Roscius,
1026 834 1084 871 vir
1112 834 1300 887 optimus,
1331 841 1556 887 procurator
1577 832 1835 885 Chrysogoni,

429 899 631 938 Ameriam
651 899 785 944 venit;
817 899 857 937 in
878 899 1018 952 praedia
1046 898 1163 952 hujus
1184 901 1355 945 invadit;
1388 899 1494 938 hunc
1523 899 1709 938 miserum
1729 898 1839 936 luftu

428 966 637 1018 perditum,
655 965 724 1018 qui
745 965 921 1004 nondum
942 967 1059 1004 etiarn
1076 967 1208 1004 omnia
1222 975 1381 1019 paterno
1397 966 1524 1003 funeri
1539 966 1639 1017 justa
1659 964 1836 1009 solvisset,

428 1031 577 1070 nudum
599 1032 705 1084 ejicit
724 1031 856 1076 domo,
890 1041 1004 1083 atque
1023 1030 1120 1068 focis
1140 1032 1287 1083 patriis,
1319 1031 1484 1082 Diisque
1513 1031 1717 1083 penatibus
1738 1043 1837 1082 prae-

427 1098 603 1150 cipitem,
621 1097 794 1149 JudiceS,
811 1097 989 1136 exturbat
1007 1112 1015 1136 :
1039 1097 1117 1150 ipse
1133 1097 1372 1150 ampliffimae
1386 1097 1562 1150 pecuniae
1578 1097 1623 1135 fit
1635 1097 1835 1135 dominus.

428 1165 509 1216 Qi
530 1165 570 1202 in
592 1165 656 1202 sua
675 1177 714 1201 re
733 1162 862 1201 fuisset
882 1163 1159 1215 egentissimus,
1191 1172 1282 1207 erat,
1306 1172 1350 1200 ut
1369 1163 1428 1207 fit,
1450 1162 1615 1200 insolens
1636 1163 1677 1200 in
1697 1163 1833 1201 aliena.

427 1230 560 1269 Multa
593 1229 720 1282 palam
755 1228 919 1266 domum
952 1228 1057 1266 suam
1089 1228 1310 1268 auferebat:
1348 1228 1460 1281 plura
1493 1229 1594 1266 clam
1627 1229 1673 1266 de
1705 1229 1836 1267 medio

426 1296 646 1334 removebat
665 1309 673 1332 ε
707 1308 783 1333 non
810 1307 930 1347 pauca
950 1294 1026 1333 suis
1046 1295 1286 1347 adjutoribus
1307 1295 1408 1348 large
1428 1294 1621 1347 effuseque
1642 1295 1807 1334 donabat
1819 1314 1833 1342 ς

426 1362 585 1414 reliqua,
607 1360 814 1400 constituta
833 1361 1022 1406 auctione,
1043 1361 1244 1400 vendebat.

479 1429 552 1467 IX.
586 1427 705 1480 Qod
725 1427 924 1465 Amerinis
959 1427 1078 1480 usque
1108 1441 1153 1466 eo
1187 1427 1309 1466 visum
1343 1427 1395 1465 est
1414 1427 1639 1481 indignum,
1674 1436 1718 1465 ut
1738 1428 1834 1466 urbe

426 1502 505 1532 tota
524 1494 650 1540 fletus,
684 1493 928 1547 gemitusque
958 1494 1079 1532 fieret.
1126 1494 1287 1533 Etenim
1314 1494 1439 1532 multa
1459 1494 1573 1532 simul
1594 1503 1680 1532 ante
1699 1494 1832 1532 oculos

424 1561 693 1600 versabantur:
726 1574 830 1599 mors
862 1560 1034 1599 hominis
1057 1560 1326 1607 florentiffimi,
1358 1561 1431 1599 Sex
1452 1560 1598 1606 Roscii,
1619 1561 1834 1599 crudeliffi-

423 1641 515 1672 ma,
547 1628 618 1666 filii
639 1636 767 1666 autem
793 1627 873 1679 ejus
894 1627 1035 1680 egestas
1057 1626 1332 1680 indignissima,
1363 1628 1427 1666 cui
1449 1627 1495 1664 de
1515 1636 1622 1665 tanto
1642 1627 1832 1680 patrimo-

423 1694 488 1731 nio
508 1693 636 1746 praedo
665 1693 732 1730 iste
766 1691 932 1730 nefarius
967 1705 1015 1730 ne
1045 1693 1118 1730 iter
1137 1692 1296 1745 quidem
1327 1693 1374 1730 ad
1408 1692 1629 1745 sepulcrum
1664 1693 1834 1745 patrium

423 1758 658 1811 reliquisset3
691 1759 886 1796 bonorum
907 1759 1055 1811 emptio
1076 1758 1274 1812 flagitiosa,
1304 1758 1489 1812 flagitiosa
1506 1757 1692 1811 pofl‘effio,
1714 1757 1830 1803 furta,

423 1820 576 1877 rapinae,
608 1825 845 1862 donationes.
891 1825 1026 1862 Nemo
1045 1833 1136 1870 erat,
1174 1825 1242 1876 qui
1274 1838 1352 1862 non
1384 1824 1510 1862 ardere
1530 1824 1661 1861 omnia
1681 1823 1830 1868 mallet,

423 1902 539 1943 quam
562 1890 688 1928 videre
707 1890 747 1927 in
769 1891 855 1926 Sex.
879 1889 1025 1934 Roscii,
1047 1889 1118 1927 viri
1138 1889 1279 1942 optimi
1300 1898 1415 1941 atque
1435 1888 1699 1935 honestissimi,
1720 1889 1832 1928 bonis

417 1959 626 2009 jactantem
647 1956 696 2001 se,
727 1969 769 1993 ac
791 1956 1059 1994 dominantem
1079 1957 1132 1994 T.
1156 1956 1359 1995 Roscium.

478 2024 613 2075 Itaque
643 2022 898 2060 decurionum
919 2022 1117 2060 decretum
1140 2022 1266 2061 statim
1286 2023 1343 2069 fit,
1375 2031 1417 2060 ut
1439 2022 1715 2076 decem—primi
1737 2037 1830 2076 pro—

422 2090 639 2128 ficiscantur
667 2090 711 2127 ad
733 2090 781 2128 L.
805 2090 963 2141 Syllam,
994 2090 1234 2143 doceantque
1254 2104 1359 2136 eum,
1391 2090 1459 2143 qui
1479 2090 1536 2128 vir
1558 2092 1642 2129 Sex.
1665 2090 1829 2129 Roscius

421 2156 566 2202 fuerit3
599 2166 882 2209 conquerantur
916 2157 961 2195 de
991 2157 1151 2195 istorum
1183 2157 1332 2203 scelere,
1363 2166 1401 2195 et
1422 2157 1599 2209 injuriis,
1632 2166 1754 2202 orent,
1787 2166 1831 2195 ut

421 2233 458 2262 et
489 2223 593 2262 illius
625 2223 771 2261 mortui
803 2221 963 2268 famam,
994 2232 1031 2261 et
1062 2223 1135 2261 filii
1160 2224 1377 2262 innocentis
1399 2223 1572 2261 fortunas
1593 2223 1828 2262 conservatas

421 2289 526 2328 velit.
576 2292 708 2343 Atque
729 2289 854 2343 ipsum
876 2290 1089 2335 decretum,
1120 2291 1259 2342 quaeso,
1281 2290 1514 2343 cognoscite.
1557 2290 1825 2328 DECRETUM

421 2357 757 2396 DECUR10NUM.
800 2357 936 2410 Legati
957 2358 998 2395 in
1018 2356 1133 2395 castra
1160 2357 1334 2395 veniunt.
1379 2356 1630 2409 intelligitur,
1653 2356 1826 2407 Judices,

421 2423 475 2467 id,
507 2424 610 2475 quod
637 2425 721 2476 jam
752 2432 837 2462 ante
869 2423 965 2469 dixi,
996 2423 1243 2477 imprudente
1273 2425 1322 2462 L.
1357 2424 1471 2476 Sylla,
1508 2423 1643 2462 scelera
1672 2422 1755 2461 haec
1789 2433 1826 2460 et

420 2489 565 2542 flagitia
584 2490 680 2529 fieri.
713 2491 820 2530 Nam
841 2490 969 2529 statim
990 2490 1263 2544 Chrysogonus
1283 2500 1321 2529 et
1341 2491 1419 2544 ipse
1439 2491 1485 2529 ad
1505 2505 1568 2529 eos
1589 2491 1751 2535 accedit,
1788 2500 1827 2528 et

420 2555 596 2596 homines
624 2557 773 2597 nobiles
793 2557 932 2611 allegat
951 2558 1012 2604 iis,
1050 2557 1118 2612 qui
1138 2566 1324 2611 peterent,
1353 2571 1400 2596 ne
1420 2558 1466 2596 ad
1494 2557 1636 2609 Syllam
1664 2556 1826 2603 adirent,
