2201 2792
581 124 926 165 ACTIONIS
968 125 1021 163 11.
1082 126 1281 163 LIBER
1315 127 1386 163 111.
1600 141 1674 179 339

275 223 418 276 gratiae,
437 232 479 262 ut
497 223 564 261 fibi
583 237 651 276 pro
670 222 881 268 frumento,
899 222 1035 275 quanti
1050 221 1293 260 frumentum
1310 222 1411 265 effet,
1429 222 1514 259 dare
1529 223 1673 260 liceret.

277 290 340 327 Ex
360 289 580 341 hujusmodi
602 289 806 342 principio,
838 298 952 340 atque
973 301 1019 326 ex
1039 287 1280 332 liberalitate,
1309 297 1422 339 atque
1453 301 1676 326 accommo-

277 354 428 392 datione
449 354 754 407 magistratuum‚
776 354 1011 392 consuetudo
1031 353 1288 391 aestimationis
1310 353 1526 390 introducta
1545 354 1609 390 est.

331 422 460 459 Secuti
480 421 565 459 sunt
597 421 780 458 avariores
813 421 1076 473 magistratu83
1109 420 1177 472 qui
1209 429 1337 458 tamen
1371 420 1412 456 in
1439 419 1592 456 avaritia
1618 419 1680 457 sua

276 500 354 525 non
374 487 499 525 solum
531 488 632 525 viam
653 486 790 539 quaest*

277 554 465 592 rationem
487 553 727 592 defensionis.
761 554 1013 591 Instituerunt
1033 553 1179 605 semper
1199 553 1246 590 ad
1266 553 1404 590 ultima
1428 566 1470 590 ac
1491 552 1679 590 difficilli-

774 502 814 526 us
847 488 1090 531 invenerunt,
1126 500 1260 524 verum
1294 487 1410 524 etiam
1441 487 1605 530 exitum,
1637 499 1679 523 ac

278 633 342 657 ma
362 620 445 658 loca
465 620 743 673 adportandum
762 619 1006 658 frumentum
1027 619 1228 671 imperare,
1250 628 1306 663 ut,
1329 620 1489 656 vesturae
1509 618 1679 656 difficul-
1710 660 1715 663 .

278 694 367 730 tate,
400 687 445 724 ad
466 700 583 738 quam
614 686 758 724 vellent
778 685 1071 724 aestimationem
1093 685 1346 737 pervenirent.
1379 685 1424 722 In
1450 683 1526 722 hoc
1546 698 1681 737 genere

277 750 428 790 facilior
457 752 509 790 est
539 752 784 797 existimatio,
807 766 925 804 quam
957 749 1208 804 reprehenfio,
1242 750 1328 788 ideo
1359 750 1465 802 quod
1485 763 1590 795 eum,
1613 752 1682 803 qui

277 816 353 856 hoc
373 817 480 864 facit,
502 833 656 857 avarum
678 818 872 871 poffumus
893 817 1134 862 existimare3
1157 817 1306 855 crimen
1327 817 1367 854 in
1389 831 1434 855 eo
1452 817 1682 855 constituere

278 898 356 923 non
378 895 455 923 tarn
477 885 589 923 facile
609 885 819 938 possumus,
842 885 946 937 quod
967 885 1117 922 videtur
1136 884 1429 922 concedendum
1449 884 1680 935 magistrati—

280 950 352 989 bus
374 952 507 989 nostris
528 952 611 996 effe,
635 961 678 989 ut
698 952 758 996 iis,
781 965 860 1003 quo
880 951 966 988 loco
996 950 1130 995 velint,
1162 950 1405 988 frumentum
1438 950 1610 1002 accipere
1630 950 1680 987 li-

279 1026 373 1056 ceat.
407 1019 541 1070 Itaque
561 1016 635 1055 hoc
657 1017 722 1061 est,
755 1017 861 1069 quod
881 1016 998 1054 multi
1019 1015 1167 1054 fortaffe
1186 1015 1386 1061 fecerunt3
1418 1025 1456 1053 et
1476 1016 1528 1053 ita
1547 1016 1680 1060 multi,

279 1092 323 1121 ut
342 1084 384 1128 ii,
409 1097 505 1136 quos
526 1082 852 1122 innocentiffimos
873 1082 1141 1128 meminImus,
1177 1092 1242 1121 aut
1261 1082 1492 1127 audivimuS,
1514 1095 1591 1120 non
1621 1081 1680 1120 fe-

279 1149 416 1187 cerint.

334 1216 566 1254 LXXXIII.
600 1217 742 1267 Qaero
775 1229 880 1254 nunc
900 1229 921 1254 a
952 1225 1002 1261 te,
1036 1215 1233 1260 Hortensi,
1271 1229 1363 1253 cum
1398 1215 1492 1253 utris
1525 1214 1682 1252 tandem

279 1282 385 1321 istius
406 1281 550 1320 faftum
572 1282 780 1320 collaturus
801 1296 838 1321 es
857 1282 869 1318 ?
902 1296 994 1321 cum
1014 1282 1075 1327 iis,
1104 1282 1230 1327 credo,
1253 1282 1334 1334 qui,
1357 1281 1593 1334 benignitate
1613 1281 1681 1318 ad-

279 1349 400 1394 ducti,
432 1363 499 1402 per
530 1349 766 1387 beneficium
800 1359 838 1387 et
872 1350 1034 1402 gratiam
1069 1349 1290 1387 civitatibus
1327 1347 1602 1392 concesserunt,
1640 1356 1683 1385 ut

279 1410 463 1453 nummos
484 1429 553 1468 pro
573 1414 770 1453 frumento
791 1416 937 1454 darent.
960 1416 1019 1454 Ita
1038 1415 1165 1460 credo,
1187 1414 1333 1467 petiiffe
1353 1415 1399 1452 ab
1420 1414 1490 1452 isto
1505 1422 1681 1459 aratores,

279 1489 336 1526 ut,
354 1494 447 1519 cum
466 1481 557 1520 H-S
580 1481 695 1518 ternis
717 1481 836 1519 tritici
857 1481 1037 1519 modium
1057 1480 1215 1518 vendere
1236 1494 1313 1519 non
1333 1479 1494 1533 poffent,
1516 1494 1585 1532 pro
1605 1479 1681 1517 fin-

278 1546 379 1599 gulis
401 1546 541 1585 modiiS
563 1555 689 1584 ternos
710 1546 880 1584 denarios
907 1546 993 1583 dare
1013 1546 1158 1584 liceret.
1190 1548 1270 1590 An,
1303 1545 1488 1598 quoniam
1507 1544 1584 1583 hoc
1604 1558 1682 1583 non

279 1612 394 1650 audes
429 1613 566 1656 dicere,
614 1612 710 1649 illuc
744 1611 958 1664 confugies,
1008 1613 1169 1649 veeturae
1207 1611 1434 1649 difficultate
1473 1611 1654 1648 adductos
1670 1639 1680 1653 ,

281 1686 407 1716 ternos
428 1677 598 1715 denarios
628 1677 715 1714 dare
736 1676 906 1715 maluiffe
925 1678 937 1714 ?
971 1678 1092 1729 Cujus
1120 1678 1310 1715 vec'turae?
1332 1691 1410 1729 quo
1430 1690 1477 1714 ex
1508 1676 1609 1720 loco,
1641 1676 1682 1713 in

280 1757 399 1796 quem
434 1743 566 1781 locum
601 1757 648 1781 ne
678 1752 871 1796 portarent
890 1744 902 1780 ?
951 1742 1234 1781 Philomelione
1268 1741 1465 1795 Ephesum
1486 1742 1498 1778 ?
1542 1740 1680 1786 Video,

280 1810 376 1863 quid
396 1811 497 1848 inter
516 1823 707 1848 annonam
728 1809 897 1848 interesse
917 1810 1031 1847 soleat
1048 1825 1056 1848 :
1090 1810 1213 1854 video,
1242 1818 1338 1861 quot
1358 1809 1508 1846 dicrum
1527 1808 1587 1845 via
1606 1807 1679 1846 fit:

279 1876 390 1914 video
411 1875 773 1914 Philomeliensibus
794 1876 986 1928 expedire,
1009 1876 1144 1928 quanti
1171 1874 1311 1927 Ephesi
1344 1875 1389 1912 fit
1421 1873 1681 1918 frumentum,

280 1952 434 1981 tantum
454 1942 541 1980 dare
561 1943 688 1995 potius
709 1943 748 1980 in
770 1941 950 1995 Phrygia,
987 1955 1104 1994 quam
1127 1940 1327 1994 Ephesum
1347 1949 1508 1994 portare,
1541 1949 1606 1978 aut
1635 1939 1681 1977 ad

281 2008 491 2046 emendum
526 2007 769 2046 frumentum
806 2007 1004 2060 Ephesum
1036 2008 1240 2061 pecuniam
1274 2016 1312 2045 et
1343 2007 1485 2058 legatos
1511 2006 1678 2044 mittere.

282 2076 328 2114 In
349 2075 477 2112 Sicilia
498 2087 585 2112 vero
616 2074 710 2126 quid
731 2075 919 2126 ejusmodi
942 2075 953 2111 ?
989 2075 1099 2111 Enna
1120 2074 1392 2111 mediterranea
1411 2073 1463 2111 est
1495 2072 1677 2110 maxime.

283 2142 404 2193 Coge,
442 2149 483 2177 ut
514 2140 559 2177 ad
589 2153 728 2190 aquarn
749 2140 836 2184 tibi,
871 2140 911 2177 id
929 2140 1034 2191 quod
1056 2139 1197 2177 summi
1223 2140 1319 2190 juris
1340 2139 1405 2183 est,
1437 2137 1678 2176 frumentum

282 2205 478 2245 Ennenses
510 2206 745 2250 metiantur3
778 2206 836 2243 vel
860 2204 1073 2249 Phintiam,
1105 2206 1162 2244 vel
1185 2205 1380 2251 Halesam,
1402 2204 1460 2242 vel
1483 2204 1677 2245 Catinam,

282 2274 366 2312 loca
385 2274 484 2311 inter
504 2272 538 2310 se
561 2273 728 2310 maxime
758 2272 926 2310 diversa:
958 2272 1094 2310 eodem
1115 2272 1190 2317 die,
1222 2271 1477 2324 quojuss'eris,
1500 2270 1677 2320 deporta-

283 2339 383 2377 bunt
401 2354 409 2377 :
443 2339 590 2378 tametfi
611 2352 658 2377 ne
691 2340 841 2377 vcoura
860 2339 1018 2392 quidem
1051 2352 1148 2392 opus
1169 2338 1221 2376 est
1240 2353 1248 2375 :
1281 2351 1370 2374 nam
1392 2344 1494 2373 totus
1515 2333 1679 2385 quaestus

282 2403 363 2450 hic,
385 2405 554 2457 Judices,
591 2404 848 2444 aestimationis
876 2418 923 2444 ex
949 2418 1107 2444 annonae
1138 2413 1247 2443 natus
1282 2401 1334 2438 est
1365 2400 1554 2438 varietate.
1586 2399 1677 2437 Hoc

1251 2467 1286 2504 V
1308 2480 1330 2504 v
1355 2479 1376 2504 ε’.
