2201 2792
637 74 983 118 ACTIONIS
1015 73 1067 112 11.
1128 72 1337 111 LIBER
1379 71 1450 110 IV.
1661 85 1736 124 373

338 190 376 219 et
405 179 528 219 facere
559 177 762 220 annulum,
793 174 975 214 omnibus
998 171 1258 225 praesentibus.
1291 170 1476 208 Nimium
1507 167 1655 206 fortasse
1675 169 1737 206 di-

339 256 400 285 cet
420 245 558 298 aliquis
578 243 684 281 hunc
716 241 959 293 diligentem.
991 239 1190 276 Hactenus
1212 234 1477 288 reprehendat,
1507 234 1533 271 si
1562 235 1647 285 quis
1670 248 1737 271 vo-

338 313 419 351 let:
452 310 551 350 nihil
581 308 763 362 amplius.
796 307 944 343 Verum
977 303 1053 342 fuit
1083 304 1119 341 ei
1150 301 1475 340 concedendum:
1508 299 1609 337 filius
1630 301 1737 338 enim

337 379 388 416 L.
412 377 558 417 Pisonis
580 384 672 420 erat,
703 374 799 426 ejus,
831 372 899 424 qui
926 370 1075 424 primus
1102 369 1148 407 de
1178 367 1352 420 pecuniis
1374 365 1593 419 repetundis
1614 367 1739 417 legem

338 444 443 483 tulit.

394 509 628 549 Ridiculum
662 507 715 546 est
748 519 852 544 nunc
887 505 934 544 de
967 504 1086 541 Verre
1119 515 1183 540 me
1212 501 1361 545 dicere,
1401 513 1494 537 cum
1525 499 1571 536 de
1607 497 1741 536 Pisone

338 577 460 629 Frugi
492 576 670 614 dixerim.
703 573 1008 613 Verumtamen,
1041 577 1232 621 quantum
1266 567 1439 610 intersit,
1471 565 1609 603 videte.
1671 564 1741 602 Iste

339 657 432 681 cum
453 643 601 693 aliquot
634 640 840 678 abacorum
870 635 1012 674 faceret
1043 634 1125 673 vasa
1150 646 1275 677 aurea,
1307 645 1383 670 non
1415 631 1614 675 laboravit,
1646 630 1742 682 quid

340 722 418 747 non
453 708 569 746 modo
604 707 645 744 in
675 704 818 748 Sicilia,
850 715 983 740 verum
1003 703 1121 740 etiam
1157 700 1294 737 Romae
1313 698 1353 735 in
1369 698 1533 750 judicio,
1564 697 1741 735 audiret:

338 775 406 813 ille
426 776 467 813 in
487 775 569 813 auri
587 770 783 812 semuncia
801 779 925 809 totam
946 769 1176 821 Hispaniam
1195 765 1287 804 scire
1308 764 1442 808 voluit,
1466 765 1566 802 unde
1586 766 1743 803 Praetori

340 841 506 879 annulus
527 840 647 878 fieret.
678 837 899 881 Nimirum,
936 844 979 873 ut
999 833 1063 872 hic
1084 847 1227 873 nomen
1248 833 1359 870 suum
1380 831 1659 883 comprobavit,
1692 831 1742 868 sic

342 908 409 945 ille
429 920 658 960 cognomen.

398 974 550 1012 XXVI.
584 971 711 1011 Nullo
742 969 860 1008 modo
892 967 1041 1021 poffum
1061 966 1192 1005 omnia
1222 965 1327 1003 istius
1353 963 1451 1002 faeta
1471 972 1534 1002 aut
1555 963 1743 1001 memoria

343 1039 539 1091 consequi,
575 1046 640 1075 aut
671 1036 842 1074 oratione
875 1033 1097 1086 complecti.
1144 1033 1296 1070 Genera
1326 1030 1403 1083 ipsa
1433 1030 1549 1082 cupio
1583 1029 1744 1066 breviter

344 1107 558 1158 attingere:
591 1113 633 1141 ut
653 1102 718 1140 hic
739 1102 856 1140 modo
890 1114 953 1138 me
983 1098 1229 1137 commonuit
1257 1096 1404 1134 Pisonis
1425 1096 1604 1140 annulus,
1639 1095 1744 1147 quod

344 1182 472 1210 totum
493 1170 704 1209 effluxerat.
755 1169 886 1219 Qam
913 1166 1048 1204 multis
1083 1165 1199 1203 istum
1233 1164 1374 1216 putatis
1409 1162 1636 1200 hominibus
1668 1160 1743 1199 ho-

343 1239 458 1276 nestis
479 1237 525 1275 de
547 1236 678 1288 digitis
713 1234 873 1272 annulos
904 1245 1035 1270 aureos
1066 1230 1285 1268 abstuliffe?
1317 1243 1518 1280 nunquam
1539 1228 1743 1272 dubitavit,

345 1304 647 1358 quotiescunque
667 1301 829 1352 alicujus
850 1309 914 1337 aut
933 1311 1102 1351 gemma,
1121 1306 1186 1334 aut
1206 1295 1348 1333 annulo
1363 1295 1568 1333 delectatus
1589 1294 1653 1331 est.
1677 1295 1745 1331 In-

335 1371 573 1410 .credibilem
604 1382 685 1407 rem
717 1368 859 1411 dicam,
891 1366 952 1404 sed
984 1374 1062 1403 tarn
1095 1363 1250 1407 claram,
1285 1372 1327 1400 ut
1357 1361 1484 1415 ipsum
1516 1370 1746 1414 negaturum

336 1452 425 1477 -non
445 1437 616 1475 arbitrer.

403 1506 507 1543 Cum
537 1500 716 1539 Valentio
736 1500 816 1551 ejus
848 1497 1047 1550 interpreti
1077 1495 1233 1548 epistola
1254 1495 1468 1547 Agrigento
1499 1493 1610 1531 allata
1641 1492 1743 1536 effer,

347 1570 435 1609 casu
455 1569 605 1621 signum
626 1566 692 1604 iste
712 1564 980 1603 animadvertit
1006 1563 1046 1599 in
1070 1562 1227 1600 cretula.
1260 1560 1411 1598 Placuit
1432 1560 1466 1597 ei
1487 1575 1496 1597 ε
1528 1558 1750 1610 exquifivit,

350 1635 450 1674 unde
469 1633 557 1672 effet
588 1631 769 1684 epistola:
802 1629 1009 1681 respondit,
1032 1627 1263 1679 AgrigentO.
1297 1626 1368 1663 Iste
1399 1626 1541 1669 literas,
1572 1625 1618 1661 ad
1651 1637 1746 1675 quos

349 1701 503 1744 solebat,
536 1698 653 1742 mifit,
685 1706 727 1735 ut
756 1697 787 1734 is
807 1695 970 1733 annulus
991 1693 1037 1731 ad
1058 1693 1093 1730 se
1115 1693 1241 1744 primo
1261 1704 1415 1743 quoque
1441 1701 1613 1742 tempore
1632 1689 1745 1726 affer-

340 1778 465 1807 retur.
498 1767 556 1805 Ita
586 1764 705 1802 literis
732 1762 852 1807 istius,
883 1759 1172 1814 patri-familias
1193 1760 1241 1797 L.
1260 1758 1372 1796 Titio
1392 1757 1545 1794 cuidam
1566 1757 1641 1793 civi
1663 1756 1747 1793 Ro-

349 1847 464 1873 mano
483 1827 648 1870 annulu's
668 1829 714 1867 de
734 1828 857 1881 digito
877 1828 1065 1865 detractus
1087 1825 1152 1864 est.
1177 1824 1248 1862 Illa
1267 1837 1354 1862 vero
1375 1824 1454 1874 ejus
1475 1822 1664 1874 cupiditas
1685 1822 1747 1858 in-

351 1899 544 1939 credibilis
565 1897 617 1935 est
636 1912 644 1935 :
678 1908 767 1933 nam
789 1904 832 1932 ut
863 1895 903 1932 in
924 1892 1071 1946 fingula
1090 1891 1286 1930 conclavia
1300 1920 1310 1935 ,
1343 1904 1427 1942 quae
1448 1889 1512 1926 iste
1533 1902 1610 1926 non
1631 1888 1750 1926 modo

350 1968 502 2010 Romae,
525 1964 586 2002 sed
606 1964 647 2001 in
666 1962 848 2000 omnibus
865 1960 965 1998 villis
987 1957 1115 2003 habet,
1131 1958 1294 1995 tricenos
1316 1957 1431 1994 lectos
1452 1955 1599 2008 optime
1619 1954 1749 1992 stratos

354 2046 447 2070 cum
467 2030 611 2068 caeteris
630 2028 865 2067 ornamentis
887 2025 1054 2064 convivii
1076 2032 1272 2076 quaereret,
1305 2022 1472 2060 nimium
1494 2021 1618 2059 multa
1637 2034 1749 2058 com-

352 2110 479 2151 parare
511 2095 714 2133 videretur.
747 2093 869 2132 Nulla
889 2092 1027 2130 domus
1060 2090 1099 2127 in
1122 2090 1251 2128 Sicilia
1272 2089 1442 2141 locuples
1464 2087 1554 2132 fuit,
1586 2087 1654 2125 ubi
1683 2086 1750 2123 iste

352 2178 430 2202 non
451 2162 663 2201 textrinum
684 2159 904 2197 instituerit.

408 2229 557 2267 Mulier
577 2226 628 2264 est
649 2224 859 2278 Segestana,
889 2223 1060 2276 perdives
1082 2231 1119 2259 et
1140 2221 1296 2266 nobilis,
1319 2220 1454 2258 Lamia
1475 2218 1644 2256 nomine.
1679 2217 1750 2254 Per

353 2295 566 2334 triennium
588 2292 660 2337 isti,
684 2291 795 2344 plena
815 2290 933 2328 domo
957 2289 1133 2332 telarum,
1164 2286 1367 2339 stragulam
1388 2285 1528 2323 vestem
1550 2281 1746 2320 confecit:

355 2360 453 2399 nihil
475 2360 542 2399 nisi
563 2357 770 2410 conchylio
792 2357 974 2396 tinctum.
1007 2354 1176 2399 Attalus,
1204 2352 1324 2391 homo
1352 2348 1594 2403 pecuniosuS,
1624 2347 1747 2392 Neti3
