2201 2792
443 222 518 249 110
959 207 1318 247 ORATIO

491 308 604 347 XVI.
632 306 748 346 Dixit
766 307 885 352 enim,
907 306 1050 360 inquit,
1072 307 1258 359 injur-atus
1280 304 1422 344 Luscio
1440 312 1480 344 et
1501 305 1683 345 Manilio.
1715 305 1755 344 Si
1774 304 1837 344 di-

432 375 716 426 ceretjuratuS‚
738 373 907 412 crederes
925 373 938 409 ?
970 374 1025 410 At
1045 373 1139 424 quid
1159 372 1311 410 interest
1328 372 1428 409 inter
1448 373 1645 425 perjurum
1664 381 1703 411 et
1722 386 1838 411 men-

434 440 600 480 dacem?
636 440 718 491 Qi
749 440 906 478 mentiri
936 439 1042 484 solet,
1079 440 1241 491 pejerare
1261 438 1472 477 consuevit.
1518 440 1650 492 Qem
1673 452 1757 492 ego,
1794 446 1839 477 ut

436 507 662 551 mentiatur,
690 505 871 544 inducere
889 505 1067 558 poffum;
1100 514 1143 542 ut
1178 506 1332 556 pejeret,
1366 517 1519 542 exorare
1545 504 1658 542 facile
1689 515 1837 558 potero.

438 574 560 618 Nam,
582 573 650 625 qui
670 572 786 610 semel
807 586 827 609 a
846 572 1001 611 veritate
1032 571 1199 614 deflexit,
1232 570 1296 608 hic
1328 584 1405 607 non
1427 571 1569 622 majore
1589 570 1773 623 religione
1793 569 1841 608 ad

436 640 658 692 perjuriam,
691 651 811 690 quam
831 638 877 676 ad
898 638 1159 681 mendacium,
1182 636 1341 689 perduci
1365 636 1574 674 consuevit.
1612 636 1711 687 Qis
1733 637 1840 675 enim

437 706 701 758 deprecatione
715 705 905 749 Deorum,
920 718 998 742 non
1018 703 1257 741 conscientiae
1277 701 1365 747 fide,
1387 710 1658 740 commovetur
1676 703 1688 738 ?
1716 703 1840 754 Prop-

435 781 549 816 terea,
564 785 649 823 quae
668 784 782 823 poena
801 771 848 809 ab
863 770 949 808 Diis
968 769 1254 808 immortalibus
1277 770 1441 821 perjuro,
1469 767 1551 807 haec
1572 768 1704 806 eadem
1724 781 1838 806 men-

436 837 536 883 daci,
552 837 757 875 constituta
773 836 838 874 est.
862 836 957 875 Non
978 837 1084 874 enim
1103 849 1150 874 ex
1171 835 1343 888 pactione
1357 835 1578 879 verborum,
1594 834 1736 886 quibus
1750 836 1840 885 jus-

429 903 640 955 jurandum
661 901 1016 954 comprehenditur,
1050 902 1112 955 sed
1129 915 1176 940 ex
1196 901 1354 954 perfidia
1374 910 1411 938 et
1432 901 1593 945 malitia,
1628 914 1694 954 per
1721 912 1841 952 quam

436 970 579 1007 insidiae
600 968 811 1007 tenduntur
831 968 960 1013 alicui,
975 969 1046 1006 Dii
1065 967 1305 1006 immortales
1319 966 1548 1005 hominibus
1568 966 1676 1004 irasci
1696 974 1734 1004 et
1753 964 1840 1004 suc-

435 1035 586 1073 censere
606 1033 852 1072 consuerunt.

489 1101 545 1137 At
565 1113 637 1152 ego
669 1098 745 1137 hoc
779 1112 827 1136 ex
860 1097 1050 1137 contrario
1082 1097 1288 1136 contendo.
1340 1096 1481 1135 Levior
1519 1095 1608 1136 effet
1637 1096 1839 1135 auctoritas

436 1166 582 1211 Cluvii,
614 1165 639 1204 fi
661 1165 804 1203 diceret
827 1165 992 1216 juratus,
1024 1176 1142 1214 quam
1168 1176 1273 1200 nunc
1304 1162 1370 1207 est,
1402 1176 1495 1200 cum
1515 1163 1610 1200 dicit
1636 1163 1838 1213 injuratus.

435 1233 546 1270 Tum
571 1231 676 1268 enim
707 1229 861 1267 forsitan
881 1228 1069 1281 improbis
1091 1228 1208 1266 nimis
1229 1227 1392 1280 cupidus
1411 1228 1617 1272 videretur,
1649 1228 1733 1280 qui,
1765 1240 1842 1279 qua

435 1297 481 1334 de
502 1310 539 1333 re
554 1296 673 1347 judex
694 1294 836 1339 fuiffet,
870 1294 971 1332 testis
1002 1293 1116 1332 effet:
1149 1308 1253 1332 nunc
1283 1294 1466 1332 omnibus
1498 1293 1668 1332 inimicis
1697 1292 1841 1331 neceffe

433 1362 487 1399 est
506 1361 729 1399 castissimus
749 1369 787 1398 et
807 1359 1126 1398 constantiffimus
1148 1359 1218 1398 effe
1239 1359 1424 1405 videatur,
1457 1360 1526 1412 qui
1545 1359 1599 1404 id,
1629 1358 1733 1411 quod
1753 1358 1839 1403 scit,

433 1427 688 1466 familiaribus
709 1427 783 1465 suis
805 1427 914 1465 dicit.
957 1427 1035 1465 Dic
1057 1440 1174 1471 nunc,
1206 1427 1231 1464 fi
1252 1436 1375 1478 potes,
1410 1427 1435 1463 fi
1457 1440 1529 1470 res,
1551 1425 1578 1463 fi
1609 1425 1718 1463 causa
1736 1425 1839 1477 pati-

435 1503 510 1538 tur,
544 1493 735 1531 Cluvium·
754 1491 825 1529 effe
846 1492 1071 1529 mentitum.
1108 1491 1303 1529 Mentitus
1324 1491 1377 1529 est
1398 1491 1562 1529 Cluvius
1581 1491 1594 1526 ?
1626 1490 1710 1542 Ipsa
1738 1489 1841 1528 mihi

435 1560 570 1597 veritas
592 1572 753 1597 manum
774 1558 921 1610 injecit,
952 1566 989 1595 et
1015 1557 1209 1610 paulisper
1239 1557 1435 1595 consistere
1454 1566 1492 1595 et
1518 1556 1751 1594 commorari
1771 1569 1840 1594 co-

433 1625 504 1676 git.
530 1624 643 1661 Unde
664 1623 738 1661 hoc
761 1632 888 1661 totum
908 1623 1070 1660 ductum
1090 1631 1127 1660 et
1147 1622 1358 1660 conflatum
1375 1621 1623 1660 mendacium
1640 1620 1715 1658 est?
1738 1620 1840 1658 Ros-

435 1691 517 1728 cius
538 1691 589 1727 est
610 1690 787 1727 videlicet
807 1688 928 1727 homo
959 1689 1120 1726 callidus
1142 1698 1179 1726 et
1191 1688 1383 1727 -versutu8.
1416 1689 1508 1726 Hoc
1539 1687 1653 1726 initio
1674 1687 1842 1740 cogitare

433 1757 578 1808 ccepit:
617 1755 803 1807 quoniam
833 1755 1008 1799 *Fannius
1043 1768 1063 1792 a
1083 1768 1146 1792 me
1179 1754 1276 1806 petit
1307 1754 1399 1792 H-S
1431 1767 1551 1799 1000,
1582 1762 1711 1806 petam
1741 1766 1762 1790 a
1788 1754 1838 1792 C.

435 1822 595 1866 Cluvio,
641 1821 771 1873 equite
809 1821 1004 1866 Romano,
1040 1821 1276 1859 ornatiffimo
1317 1819 1493 1865 homine,
1539 1829 1582 1857 ut
1620 1832 1705 1856 mea
1733 1819 1842 1856 causa

435 1888 644 1925 mentiatur
657 1905 669 1932 ;
692 1887 807 1930 dicat,
825 1886 1056 1923 decisionem
1076 1885 1215 1922 factam
1236 1885 1320 1929 effe,
1338 1898 1423 1937 quae
1438 1884 1536 1923 facta
1555 1897 1633 1923 non
1650 1883 1702 1921 est
1709 1901 1721 1928 ς,
1745 1884 1840 1923 H-S

437 1965 628 1992 cccmoo
652 1965 672 1989 a
692 1951 825 1989 Flavio
846 1951 930 1988 data
958 1950 1029 1989 effe
1049 1951 1211 1996 Fannio,
1234 1964 1318 2003 quae
1338 1950 1423 1988 data
1443 1964 1521 1989 non
1542 1950 1643 1989 sunt.
1675 1949 1744 1988 Est
1763 1948 1839 1989 hoc

434 2018 674 2072 principium
694 2017 865 2069 improbi
886 2018 1021 2062 animi,
1044 2017 1172 2055 miseri
1192 2017 1352 2070 ingenii,
1371 2017 1516 2056 nullius
1537 2016 1699 2056 confilii.

490 2084 599 2134 Qid
633 2082 800 2120 deinde?
832 2082 1078 2135 posteaquam
1099 2082 1134 2120 se
1154 2082 1331 2136 praeclare
1361 2082 1620 2127 confirmavit,
1656 2081 1763 2120 venit
1791 2080 1839 2120 ad

435 2149 647 2188 Cluvium:
680 2161 799 2200 quem
815 2147 1048 2187 hominem?
1070 2148 1224 2187 levem?
1246 2148 1372 2186 immo
1392 2148 1681 2201 graviffimum:
1705 2146 1838 2186 mobi-

434 2216 542 2253 lem?
574 2216 697 2253 immo
717 2215 1086 2254 constantisfimum:
1118 2214 1373 2254 familiarem?
1401 2216 1527 2253 immo
1546 2213 1835 2252 alieniffimum.

439 2282 556 2318 llunc
588 2279 831 2332 posteaquam
863 2279 1051 2325 salutavit,
1087 2293 1218 2332 rogare
1252 2280 1386 2332 coepit,
1422 2278 1560 2317 blande
1590 2287 1628 2315 et
1648 2277 1838 2315 concinne

435 2347 592 2392 scilicet,
615 2347 786 2384 Mentire
807 2359 891 2384 mea
910 2345 1031 2390 causa,
1051 2346 1139 2384 viris
1160 2346 1334 2398 optimis,
1368 2345 1443 2383 tuis
1463 2343 1717 2382 familiaribus
1738 2357 1836 2395 prae‘

437 2412 630 2457 sentibus;
662 2412 724 2451 dic
745 2412 925 2450 Flavium
956 2426 1049 2450 cum
1084 2412 1233 2451 Fannio
1264 2412 1311 2450 de
1343 2412 1520 2463 Panurgo
1547 2409 1738 2454 decidisse,
1770 2411 1839 2462 qui

437 2477 535 2516 nihil
557 2478 763 2530 transegit,
796 2479 857 2517 dic
880 2479 970 2518 H-S
990 2491 1181 2519 ccelooo
1203 2476 1354 2523 dedifl‘e,
1372 2477 1442 2529 qui
1458 2476 1570 2515 affem
1591 2477 1747 2514 nullum
1768 2477 1835 2514 de-

435 2544 506 2581 dit.
554 2543 663 2595 Quid
683 2544 749 2581 ille
769 2544 986 2597 respondit?
1019 2546 1105 2598 Ego
1136 2558 1224 2584 vero
1251 2543 1389 2598 cupide
1418 2553 1457 2583 et
1487 2543 1652 2583 libenter
1671 2542 1837 2581 mentiar
