2201 2792
587 134 934 174 ACTIONIS
976 136 1029 174 11.
1090 136 1291 175 LIBER
1323 138 1394 176 111.
1609 155 1680 194 305

282 233 444 272 retinere
465 232 622 272 solitum
641 232 712 271 esse
732 243 918 278 aratores,
950 243 1065 286 atque
1085 234 1131 272 ab
1152 234 1198 271 iis
1230 248 1308 272 non
1340 234 1457 272 modo
1488 248 1555 287 per
1582 237 1685 288 inju-

283 300 394 344 riam,
431 299 492 337 sed
523 299 640 338 etiam
674 313 741 352 per
773 300 1069 345 contumeliam,
1104 309 1256 338 tantum
1287 301 1454 353 exprimi
1485 300 1685 344 frumenti,

283 375 474 417 quantum
495 366 692 418 Apronius
714 366 940 419 imperafl‘et.
974 366 1145 406 Audistis
1166 365 1262 412 haec,
1285 366 1456 417 Judices,
1479 381 1563 418 quae
1584 382 1688 406 nunc

282 443 354 482 ego
373 431 506 468 omnia
524 440 718 483 praetereo‚
754 445 796 468 ac
819 431 1010 484 relinquo.
1043 430 1159 469 Nihil
1186 431 1232 469 de
1262 431 1414 469 luxuria
1433 433 1599 484 Apronii
1629 433 1689 470 lo-

282 509 395 547 quor,
427 495 526 534 nihil
547 497 593 534 de
613 496 828 542 insolentia,
851 496 952 535 nihil
973 498 1019 535 de
1040 497 1218 550 lingulati
1239 498 1424 550 nequitia,
1453 512 1495 536 ac
1518 499 1688 550 turpitu-

282 562 397 600 dine:
432 561 584 601 tantum
605 564 652 601 de
671 563 830 616 quaestu,
862 577 905 602 ac
936 564 1045 602 lucro
1076 564 1203 602 dicam
1235 564 1348 602 unius
1379 565 1473 616 agri,
1506 574 1544 602 et
1576 565 1689 603 unius

282 629 387 674 anni,
419 643 498 682 quo
517 628 670 668 facilius
691 643 757 668 vos
779 630 1040 682 conjecturam
1060 630 1107 668 de
1127 630 1306 676 triennio,
1338 640 1375 668 et
1396 632 1441 669 de
1464 640 1542 669 tota
1563 632 1692 669 Sicilia

282 698 408 738 facere
427 701 585 754 poffitis.
619 701 692 740 Sed
712 700 813 740 mihi
833 702 1078 741 AEtnenfium
1099 702 1224 741 brevis
1244 702 1297 740 est
1316 703 1436 742 oratio
1454 718 1462 741 :
1496 704 1563 756 ipsi
1585 705 1692 742 enim

282 776 492 805 venerunt:
516 768 584 820 ipsi
604 768 779 820 publicas
801 769 927 807 literas
948 769 1211 822 deportarunt.
1244 770 1475 808 Docuerunt
1494 784 1573 815 vos,
1596 771 1691 822 quid

283 832 414 870 lucelli
441 833 576 872 fecerit
606 833 729 873 homo
760 849 838 873 non
871 835 1010 881 malus,
1041 835 1241 874 familiaris
1264 837 1453 881 Praetoris‚
1475 838 1688 890 Apronius.

285 898 343 943 Id,
366 900 505 952 quaeso,
527 913 574 938 ex
594 900 765 953 ipsorum
787 902 1008 940 testimonio
1029 903 1263 955 cognoscite.
1305 903 1443 941 Recita
1474 903 1690 942 testimoni-

285 978 352 1003 um
374 966 633 1005 AEtnenfium.
667 969 1010 1006 TESTIMONIUM
1034 970 1347 1008 AETNENSIUM.

340 1033 469 1071 XLV.
503 1033 612 1084 Qid
632 1034 684 1071 ais
703 1034 715 1071 ?
749 1034 825 1079 dic,
857 1035 933 1079 dic,
957 1035 1095 1087 quaeso,
1117 1035 1270 1081 clarius,
1292 1045 1335 1074 ut
1355 1036 1520 1089 populus
1543 1037 1690 1076 Roma-

284 1111 355 1136 nus
377 1099 422 1136 de
443 1099 517 1137 suis
549 1100 814 1152 vectigalibus,
847 1101 893 1138 de
921 1099 995 1139 suis
1023 1102 1247 1146 aratoribus,
1278 1101 1325 1140 de
1344 1103 1418 1140 suis
1440 1102 1549 1140 sociis
1578 1113 1693 1155 atque

283 1165 418 1203 amicis
439 1166 580 1209 audiat,
608 1179 648 1202 L.
672 1179 958 1211 MEDIMNUM,
992 1181 1032 1205 L.
1056 1169 1147 1206 H-S
1171 1181 1361 1207 MILLIA.
1394 1169 1466 1206 Per
1486 1170 1590 1207 Deos
1612 1170 1692 1207 im-

283 1230 489 1269 mortales!
524 1245 622 1269 unus
655 1245 741 1284 ager
772 1246 850 1270 uno
871 1246 971 1270 anno
995 1245 1075 1271 ccc
1109 1234 1234 1272 millia
1265 1233 1444 1272 modium
1476 1235 1622 1280 tritici3
1655 1244 1693 1273 et

282 1306 460 1350 praeterea
481 1298 572 1336 H-S
596 1311 635 1335 L.
659 1298 784 1337 millia
814 1298 911 1337 lucri
930 1299 993 1337 dat
1013 1300 1190 1352 Apronio
1209 1301 1222 1337 ?
1255 1310 1411 1339 tantone
1443 1301 1603 1340 minoris
1624 1302 1692 1340 de-

270 1377 408 1416 *cumae
428 1365 644 1409 venierunt,
680 1378 799 1417 quam
820 1364 1007 1403 fuerunt?
1039 1380 1085 1404 an
1107 1380 1198 1404 cum
1221 1366 1305 1405 satis
1327 1380 1469 1420 magno
1493 1367 1692 1413 veniffent,

283 1429 350 1469 hic
371 1440 496 1468 tantus
519 1439 647 1468 tamen
674 1430 877 1476 frumenti,
911 1433 1161 1484 pecuniaeque
1193 1447 1374 1471 numerus
1405 1434 1452 1471 ab
1483 1435 1694 1473 aratoribus

286 1509 352 1549 per
372 1497 451 1534 vim
473 1497 620 1534 ablatus
641 1496 693 1534 est
711 1497 724 1534 ?
757 1498 904 1535 Utrum
925 1498 1030 1536 enim
1052 1497 1193 1536 horum
1215 1499 1369 1544 dixeris,
1397 1499 1437 1537 in
1458 1513 1503 1538 eo
1523 1500 1638 1553 culpa
1656 1509 1695 1539 et

284 1563 433 1601 crimen
464 1562 637 1601 haerebit.
685 1564 791 1602 Nam
823 1564 922 1602 illud
956 1564 1116 1616 quidem
1145 1578 1224 1602 non
1256 1566 1372 1611 dices,
1407 1566 1512 1619 quod
1543 1568 1694 1605 utinam

286 1628 403 1673 dicas,
434 1629 480 1666 ad
511 1629 732 1680 Apronium
765 1643 842 1666 non
875 1629 1080 1683 perveniffe
1109 1639 1276 1668 tantum.
1309 1632 1366 1669 Ita
1402 1640 1438 1669 te
1465 1646 1543 1669 non
1576 1633 1695 1671 modo

279 1695 454 1748 publicis
476 1695 627 1739 tenebo,
650 1695 712 1733 sed
733 1695 849 1733 etiam
869 1696 1024 1748 privatis
1047 1705 1237 1734 aratorum
1258 1698 1515 1749 paclionibus,
1539 1711 1581 1736 ac
1602 1699 1693 1737 lite-

285 1762 364 1807 ris;
397 1771 439 1799 ut
459 1761 666 1813 intelligas,
699 1775 776 1800 non
797 1771 832 1799 te
853 1762 1141 1813 diligentiorem
1163 1763 1203 1800 in
1225 1762 1408 1801 faciendis
1430 1763 1541 1801 furtis
1569 1763 1692 1810 fuisse,

287 1842 405 1881 quam
427 1842 489 1866 me
510 1829 548 1866 in
571 1827 914 1880 deprehendendis.
948 1829 1039 1867 Hoc
1071 1838 1114 1866 tu
1145 1828 1268 1867 feres?
1301 1829 1376 1867 hoc
1397 1830 1602 1882 quisquam
1623 1831 1692 1869 de-

285 1894 445 1933 fendet?
476 1894 552 1933 hoc
584 1893 640 1939 hi,
674 1894 699 1932 fi
731 1894 839 1932 aliter
871 1894 917 1932 de
952 1903 988 1932 te
1008 1894 1167 1932 statuere
1188 1895 1393 1941 voluerint,
1423 1896 1692 1936 sustinebunt?

288 1962 382 2000 Uno
402 1961 580 2006 adventu,
616 1974 662 1999 ex
696 1974 775 1999 uno
806 1975 910 2014 agro,
942 1961 1256 2014 QApronIum,
1287 1972 1421 2015 praeter
1445 1977 1544 2008 eam,
1576 1977 1695 2016 quam

288 2026 384 2072 dixi,
406 2028 611 2080 pecuniam
632 2037 887 2073 numeratam,
913 2040 994 2066 ccc
1018 2027 1143 2066 millia
1162 2028 1341 2068 modifim
1362 2029 1482 2069 tritici
1502 2030 1602 2069 lucri
1621 2045 1693 2071 no-

289 2094 396 2132 mine
417 2093 598 2131 sustuliffe
617 2094 629 2130 ?

345 2160 483 2210 Qid?
515 2159 590 2198 hoc
611 2161 811 2199 AEtnenses
847 2161 915 2200 soli
950 2161 1085 2200 dicunt
1107 2162 1119 2198 ?
1149 2162 1274 2201 immo
1294 2163 1410 2202 etiam
1433 2164 1693 2217 Centuripini,

288 2227 358 2279 qui
379 2227 458 2279 agri
480 2227 671 2264 AEtnensis
699 2228 826 2266 multo
858 2227 1069 2266 maximam
1101 2238 1246 2282 partem
1278 2230 1491 2282 possident:
1525 2244 1692 2281 quorum

289 2293 437 2344 legatis,
468 2291 695 2331 hominibus
717 2294 976 2339 nobilissimis,
1006 2295 1183 2333 Androni
1209 2306 1246 2333 et
1268 2295 1515 2339 Arthemoni,
1547 2295 1693 2333 senatus

289 2371 332 2395 ea
357 2358 534 2396 mandata
568 2359 686 2404 dedit,
719 2373 804 2412 quae
826 2360 995 2413 ‘publice
1021 2361 1067 2399 ad
1101 2362 1297 2399 civitatem
1320 2361 1488 2413 ipsorum
1525 2361 1692 2412 pertine-

291 2423 413 2462 bant:
446 2425 492 2462 de
524 2425 569 2463 iis
601 2426 766 2478 injuriiS,
801 2440 893 2479 quas
921 2426 1021 2464 cives
1054 2427 1299 2478 Centuripini
1332 2440 1410 2464 non
1442 2427 1483 2464 in
1512 2425 1600 2471 suis,
1633 2426 1694 2465 sed

289 2490 329 2527 in
351 2490 513 2528 aliorum
535 2491 677 2530 finibus
709 2503 951 2546 acceperunt,
980 2493 1124 2532 senatus
1157 2501 1193 2531 et
1227 2492 1392 2545 populus
1417 2493 1694 2546 Centuripinus

372 2558 438 2595 To
453 2570 503 2596 M.
526 2558 596 2596 IV.
1244 2560 1337 2611 (ζεῖ
