2201 2792
472 161 550 203 350
898 148 988 187 IN
1060 148 1443 188 VERREM

469 247 594 284 multa
614 246 727 285 fimul
758 260 779 284 a
798 247 905 285 vobis
927 248 1180 300 postulentur.
1212 248 1413 286 Absolvite
1439 261 1546 294 eum,
1567 247 1636 300 qui
1657 247 1692 286 se
1712 246 1873 287 fateatur

469 314 658 352 maximas
689 315 872 367 pecunias
903 328 995 352 cum
1027 315 1177 353 summa
1208 315 1399 353 sociorum
1431 315 1570 367 injuria
1599 315 1762 368 cepiffe:
1795 328 1875 352 non

469 380 523 418 est
543 380 642 418 satis.
676 383 771 419 Sunt
802 382 866 419 alii
898 395 1055 434 quoque
1075 382 1216 434 plures,
1240 383 1307 434 qui
1339 382 1444 420 idem
1465 381 1638 420 fecerint.
1672 381 1873 419 Absolvite

469 448 585 484 etiam
607 447 708 492 illos,
742 448 766 485 s1
789 449 858 500 qui
879 448 992 492 sunt;
1024 456 1068 486 ut
1089 462 1166 486 uno
1191 449 1343 501 judicio
1373 463 1489 501 quam
1510 449 1700 502 plurimos
1721 449 1870 501 impro-

471 513 539 551 bos
562 513 730 551 liberetis
750 529 757 551 :
791 527 837 551 ne
859 514 897 551 id
918 514 1076 566 quidem
1098 513 1182 552 satis
1203 514 1268 552 est.
1313 515 1443 552 Facite
1470 524 1514 552 ut
1544 515 1687 553 caeteris
1716 513 1873 567 posthac

472 580 576 617 idem
598 580 723 618 liceat.
757 581 924 619 Licebit.
969 583 1023 619 At
1053 580 1129 619 hoc
1149 595 1285 634 parum
1306 582 1372 619 est.
1419 582 1651 626 Permittite,
1684 590 1728 619 ut
1747 580 1874 625 liceat,

470 648 605 698 quanti
626 647 788 700 quisque
810 648 915 692 velit,
937 649 1035 686 tanti
1055 648 1227 686 aestimet.
1258 649 1494 686 AEstimabit.
1518 648 1669 686 Videtis
1683 649 1765 700 jam
1782 661 1873 700 pro-

470 711 583 757 festo,
613 714 783 764 Judices,
806 713 876 751 hac
900 715 1146 752 {estimatione
1166 728 1186 752 a
1214 715 1321 753 vobis
1343 714 1607 768 comprobata,
1636 728 1762 767 neque
1782 728 1871 752 mo-

472 780 567 818 dum
589 780 745 832 posthac
767 781 930 819 avaritia:
951 782 1192 834 cujusquam,
1208 795 1334 834 neque
1354 795 1509 834 poenam
1530 782 1790 834 improbitatis
1808 780 1874 818 fu-

471 857 614 886 turam.

528 915 634 965 Qas
656 914 706 951 ob
728 927 784 951 res
806 913 900 965 quid
921 914 1014 966 agis,
1038 914 1220 952 Hortensi
1239 913 1251 950 ?
1284 913 1430 952 Consul
1455 927 1494 950 es
1516 913 1730 965 designatus
1750 927 1758 949 :
1784 927 1874 964 pro—

470 983 639 1020 vinciam
659 981 811 1019 sortitus
831 993 893 1018 es:
926 980 973 1017 de
993 980 1242 1017 aestimatione
1271 992 1361 1016 cum
1384 978 1485 1016 dices
1517 977 1718 1023 frumenti,
1755 978 1804 1016 fic
1839 988 1876 1016 te

472 1048 687 1091 audiemus,
723 1046 826 1098 quasi
848 1046 901 1089 id,
935 1046 1039 1097 quod
1060 1045 1106 1082 ab
1127 1045 1196 1082 isto
1217 1047 1316 1082 reete
1336 1043 1483 1082 factum
1511 1043 1583 1081 effe
1612 1042 1806 1089 defendes,
1838 1053 1876 1082 te

471 1113 665 1151 facturum
686 1112 897 1166 profiteare,
920 1121 957 1148 et
977 1111 1095 1162 quafi,
1117 1111 1221 1163 quod
1242 1110 1302 1147 isti
1334 1110 1488 1148 licitum
1514 1109 1585 1147 effe
1606 1109 1725 1154 dices,
1757 1108 1874 1147 vehe-

472 1189 623 1218 menter
643 1181 773 1231 cupias
795 1179 866 1216 tibi
887 1178 1014 1215 licere.
1046 1178 1184 1229 Atqui,
1207 1177 1232 1214 fi
1255 1177 1292 1214 id
1314 1177 1460 1221 licebit,
1482 1175 1582 1214 nihil
1602 1176 1655 1214 est
1674 1175 1779 1229 quod
1799 1190 1874 1229 pu-

471 1247 560 1284 tetis
582 1259 820 1298 quemquam
838 1243 991 1297 posthac
1012 1242 1322 1287 commiffurum,
1338 1253 1380 1280 ut
1400 1242 1446 1279 de
1466 1243 1640 1294 pecuniis
1661 1242 1875 1295 repetendis

472 1312 721 1350 condemnari
738 1310 861 1363 poffit.
886 1311 1083 1360 Qantam
1100 1309 1204 1346 enim
1223 1308 1384 1360 quisque
1399 1308 1640 1360 concupierit
1656 1309 1874 1361 pecuniam,

473 1388 618 1417 tantam
641 1378 774 1415 licebit
795 1390 860 1430 per
880 1376 985 1414 cellae
1006 1389 1165 1419 nomen,
1194 1375 1453 1413 aestimationis
1475 1375 1758 1427 magnitudine,
1780 1388 1875 1413 con-

473 1446 664 1497 sequatur.
1476 1464 1484 1469 s

529 1511 680 1550 XCVI.
710 1511 764 1547 At
784 1510 890 1547 enim
910 1509 963 1546 est
985 1508 1185 1560 quiddam,
1207 1507 1327 1560 quod,
1349 1508 1466 1545 etiam
1487 1507 1513 1545 fi
1533 1507 1659 1560 palam
1679 1507 1719 1544 in
1740 1505 1875 1544 defen-

473 1577 600 1616 dendo
621 1590 697 1615 non
718 1576 813 1613 dicit
835 1576 1079 1619 Hortensius,
1113 1584 1242 1612 tamen
1263 1575 1316 1612 ita
1335 1574 1444 1619 dicit,
1467 1583 1510 1611 ut
1536 1587 1602 1612 vos
1623 1572 1662 1611 id
1683 1573 1875 1626 suspicari,

471 1655 510 1684 et
543 1645 709 1697 cogitare
741 1643 883 1696 poffitis
900 1662 911 1687 ;
944 1643 1132 1695 pertinere
1163 1641 1238 1680 hoc
1268 1641 1313 1679 ad
1334 1641 1590 1679 commodum
1612 1640 1871 1679 senatorium:
1907 1649 1909 1651 '

473 1712 664 1765 pertinere
684 1710 729 1747 ad
752 1709 958 1747 utilitatem
976 1722 1110 1746 eorum
1127 1709 1194 1760 qui
1206 1707 1399 1760 judicent,
1417 1708 1486 1760 qui
1502 1708 1542 1745 in
1558 1707 1768 1760 provinciis
1785 1720 1878 1745 cum

474 1777 669 1830 potestate,
700 1784 765 1814 aut
796 1789 889 1813 cum
924 1775 1114 1827 legatione
1145 1774 1179 1812 se
1212 1773 1363 1812 futuros
1395 1774 1602 1826 aliquando
1633 1774 1876 1811 arbitrentur.

476 1839 679 1882 Praeclaros
697 1857 784 1880 vero
805 1842 996 1879 existimas
1011 1842 1161 1894 judices
1183 1855 1251 1879 nos
1271 1840 1425 1885 habere,
1447 1855 1544 1892 quos
1563 1840 1696 1878 alienis
1711 1839 1879 1892 peccatis

476 1910 714 1948 concessuros
737 1918 860 1961 putes,
884 1921 962 1960 quo
982 1907 1133 1945 facilius
1155 1906 1252 1959 ipsos
1274 1920 1429 1959 peccare
1450 1907 1574 1944 liceat.
1618 1907 1724 1958 Ergo
1750 1906 1789 1943 id
1809 1919 1879 1944 vo-

477 1977 608 2014 lumus
629 1975 818 2028 populum
842 1974 1082 2018 Romanum,
1104 1973 1143 2010 id
1161 1973 1390 2025 provincias,
1418 1972 1457 2009 id
1475 1971 1610 2016 socios,
1634 1971 1881 2023 nationesque

477 2052 622 2081 exteras
643 2041 872 2084 existimare,
896 2039 921 2077 s1
941 2040 1126 2077 senatores
1142 2039 1334 2091 judicent,
1370 2037 1446 2076 hoc
1472 2048 1573 2076 certe
1605 2052 1727 2076 unum
1760 2051 1881 2091 genus

476 2108 638 2147 infinitae
670 2106 842 2159 pecuniae
873 2119 939 2158 per
969 2106 1162 2144 summam
1197 2105 1378 2157 injuriam
1406 2105 1587 2158 cogendae
1622 2105 1731 2143 nullo
1763 2105 1882 2142 modo

478 2173 581 2228 poffe
602 2171 828 2226 reprehendi
848 2172 859 2208 ?

535 2240 654 2291 Qod
677 2240 699 2277 fi
723 2240 772 2276 ita
793 2237 858 2282 est,
891 2238 985 2290 quid
1006 2237 1201 2290 poffumus
1224 2247 1356 2276 contra
1377 2238 1491 2275 illum
1514 2239 1721 2276 Praetorem
1738 2236 1877 2280 dicere,

479 2307 547 2359 qui
569 2305 741 2358 quotidie
763 2304 956 2356 templum
974 2312 1092 2348 tenet,
1110 2304 1176 2356 qui
1194 2303 1476 2356 rempublicam
1495 2303 1615 2341 sistere
1632 2310 1743 2353 negat
1760 2301 1877 2354 poffe,

481 2374 521 2412 ni
555 2373 601 2410 ad
632 2371 843 2425 equestrem
874 2370 1050 2408 ordinem
1075 2370 1223 2422 judicia
1242 2369 1478 2407 referantur?
1511 2368 1629 2420 Qod
1661 2368 1686 2406 fi
1718 2367 1784 2406 ille
1804 2366 1879 2406 hoc

481 2453 605 2477 unum
635 2440 776 2492 agitare
815 2437 989 2491 coeperit,
1024 2435 1096 2475 effe
1123 2436 1280 2490 aliquod
1319 2448 1437 2488 genus
1476 2434 1656 2489 cogendae
1693 2432 1879 2488 pecuniae,
