2201 2792
597 198 944 240 ACTIONIS
986 199 1039 238 11.
1099 199 1310 238 LIBER
1340 201 1414 238 III.
1627 217 1703 257 307

355 298 476 351 Qid,
499 298 525 337 fi
545 298 714 344 ostendo,
748 299 788 336 in
820 297 890 336 hac
912 311 987 336 una
1007 297 1204 350 emptione
1224 296 1323 335 lucri
1351 296 1433 335 fieri
1463 296 1583 334 tritici
1615 309 1703 334 mo-

297 363 408 402 dium
432 365 485 402 C?
518 365 626 417 quid,
649 365 675 403 fi
699 377 750 402 CC
771 366 784 402 ?
806 364 916 417 quid,
938 365 964 403 s1
989 376 1069 402 CCC
1091 364 1104 401 ?
1136 363 1245 416 quid,
1267 363 1293 401 fi
1318 375 1428 401 CCCC
1452 363 1606 401 millia?
1631 362 1705 399 du-

297 430 427 469 bitatis
447 432 580 476 etiam,
611 431 675 470 cui
696 431 764 469 ista
784 440 887 470 tanta
906 431 1030 484 praeda
1049 431 1203 483 quaefita
1222 430 1267 468 fit
1285 429 1297 466 ?
1330 430 1519 483 Iniquum
1552 442 1614 466 me
1635 428 1707 465 effe

280 497 488 550 *quispiam
520 498 635 543 dicet,
669 499 738 551 qui
770 512 818 537 ex
849 498 948 536 lucri
979 497 1249 551 magnitudine
1278 497 1538 550 conjecturam
1568 494 1707 532 faciam

296 561 406 609 furti,
428 573 542 617 atque
562 565 710 618 praedae.
744 564 866 617 Qid,
891 564 916 602 fi
938 564 1071 608 doceo,
1093 563 1266 615 Judices,
1288 576 1365 608 eos,
1388 563 1456 615 qui
1480 574 1589 600 cccc
1613 560 1707 599 mil-

297 629 349 666 lia
369 630 547 669 modium
568 632 667 669 lucri
687 630 848 676 faciunt,
872 631 1060 669 damnum
1082 629 1249 668 facturos
1269 628 1394 675 fuiffe,
1425 629 1451 667 fi
1474 638 1538 667 tua
1557 628 1707 679 iniqui-

282 704 369 740 tas,
393 697 418 734 s1
440 698 498 734 tui
518 710 565 735 ex
586 696 746 736 cohorte
763 706 1047 750 recuperatores
1068 695 1446 735 nonintercederent
1463 696 1475 732 ?
1504 708 1601 733 num
1621 693 1707 745 quis

299 763 501 814 poteritin
523 772 630 802 tanto
650 763 772 809 lucro,
795 773 976 817 tantaque
996 763 1202 816 iniquitate
1222 762 1410 807 dubitare,
1437 762 1534 814 quin
1556 768 1710 814 propter

288 828 591 882 'improbitatem
613 839 693 869 tam
723 844 883 884 magnos
905 829 1069 883 quaestus
1100 829 1252 875 feceris,
1282 838 1438 882 propter
1468 826 1708 881 magnitudi-

300 908 390 934 nem
412 896 575 949 quaestfis
596 897 796 950 improbus
817 897 887 935 effe
907 897 1070 935 volueris
1087 897 1100 934 ?

357 963 527 1001 XLVII.
571 963 784 1014 Qomodo
818 964 937 1016 igitur
970 962 1046 1000 hoc
1077 961 1257 1014 affequar,
1294 961 1465 1012 Judices,
1501 968 1545 997 ut
1578 958 1709 1003 sciam,

301 1038 494 1080 quantum
514 1030 613 1068 lucri
632 1029 780 1068 faenum
801 1031 872 1068 fit?
896 1043 974 1068 non
995 1043 1042 1068 ex
1058 1030 1224 1081 Apronii
1241 1028 1397 1073 tabulis,
1415 1040 1507 1080 quas
1527 1040 1600 1079 ego
1619 1039 1713 1063 cum

302 1097 586 1149 conquirerem,
609 1111 687 1135 non
708 1098 863 1136 inveni:
896 1106 933 1135 et
953 1111 1046 1135 cum
1076 1097 1116 1135 in
1142 1097 1206 1149 jus
1228 1095 1355 1148 ipsum
1375 1095 1505 1138 eduxi,
1537 1092 1712 1145 expreffi,

302 1170 347 1200 ut
379 1162 569 1201 conficere
601 1163 747 1201 tabulas
783 1163 820 1201 se
853 1172 1021 1216 negaret.
1068 1163 1107 1201 Si
1138 1162 1426 1206 mentiebatur3
1459 1160 1714 1213 quamobrem

302 1230 539 1275 removebat,
570 1230 597 1267 fi
627 1229 687 1269 hae
719 1230 857 1269 tabulae
878 1229 977 1269 nihil
999 1230 1071 1268 tibi
1101 1238 1207 1268 erant
1227 1228 1450 1267 obfuturae?
1483 1228 1522 1266 Si
1550 1226 1715 1265 omnino

305 1294 430 1334 nullas
451 1295 669 1335 confecerat
689 1296 843 1342 literas;
876 1310 924 1334 ne
954 1297 995 1334 id
1014 1296 1175 1349 quidem
1202 1295 1287 1333 satis
1314 1293 1565 1347 fignificabat,
1598 1292 1716 1330 illum

268 1407 271 1410 ,
305 1375 385 1400 non
407 1363 518 1402 suum
539 1364 741 1417 negotium
762 1363 931 1417 geffiffe?
963 1365 1021 1402 Ea
1051 1363 1103 1401 est
1132 1363 1240 1401 enim
1271 1362 1367 1400 ratio
1393 1361 1713 1403 decumanorum,

306 1440 350 1470 ut
369 1431 446 1470 fine
465 1431 646 1485 plurimis
667 1431 787 1470 literis
815 1430 955 1470 confici
986 1444 1064 1469 non
1085 1430 1211 1483 pofiit.
1243 1429 1402 1482 Singula
1431 1428 1538 1466 enim
1559 1426 1718 1465 nomina

306 1509 514 1545 aratorum,
545 1508 584 1537 et
614 1512 707 1537 cum
728 1499 885 1552 fingulis
917 1497 1110 1551 pactiones
1137 1497 1457 1540 decumanorum,
1475 1494 1608 1533 ‚literis
1628 1507 1717 1547 pet·

307 1566 428 1619 sequi,
459 1576 497 1605 et
516 1565 707 1605 conficere
726 1565 871 1604 necesse
891 1565 956 1603 est.
990 1566 1131 1617 Jugera
1151 1562 1302 1617 profeffi
1324 1562 1412 1601 sunt
1441 1570 1602 1600 aratores
1628 1574 1718 1599 om-

308 1646 375 1671 nes
397 1633 575 1686 imperio,
606 1641 720 1685 atque
741 1632 915 1670 instituto
936 1640 1028 1669 tuo:
1060 1644 1138 1668 non
1159 1631 1297 1683 opinor
1328 1641 1566 1681 quemquam
1587 1627 1719 1665 minus

308 1699 382 1737 effe
411 1698 634 1753 professum,
666 1712 799 1751 quam,
835 1706 1027 1750 quantum
1061 1695 1214 1740 araffet,
1245 1709 1339 1733 cum
1375 1703 1435 1732 tot
1467 1706 1625 1738 cruces,
1662 1701 1721 1732 tot

311 1765 512 1819 supplicia,
545 1774 603 1803 tot
629 1778 675 1802 ex
695 1763 854 1802 cohorte
874 1773 1153 1816 recuperatores
1175 1769 1492 1814 proponerentur.
1523 1760 1570 1797 In
1585 1760 1722 1812 jugere

310 1833 391 1885 agri
423 1831 606 1871 Leontini
637 1830 883 1868 medimnum
916 1828 994 1867 fere
1026 1829 1148 1867 tritici
1183 1828 1340 1872 seritur,
1371 1834 1566 1879 perpetua,
1605 1834 1723 1878 atque

293 1898 492 1951 «aequabili
513 1897 667 1935 satione.
699 1898 806 1948 Ager
835 1896 969 1940 efficit,
1000 1908 1092 1933 cum
1122 1895 1256 1932 oetavo
1276 1893 1373 1930 bene
1394 1901 1437 1929 ut
1461 1900 1622 1943 agarum
1654 1903 1722 1928 ve-

313 1980 416 2010 rum,
448 1975 490 2003 ut
524 1977 658 2002 omnes
694 1964 765 2001 Dii
796 1963 990 2016 adjuvent,
1021 1975 1113 2000 cum
1145 1961 1310 1999 decimo.
1361 1958 1479 2010 Qod
1510 1957 1536 1995 s1
1567 1956 1723 2009 quando

314 2033 469 2077 accidit,
500 2041 586 2069 tum
617 2030 675 2075 fit,
708 2040 751 2068 ut
783 2040 934 2068 tantum
966 2029 1138 2067 decumae
1158 2028 1215 2072 fit,
1238 2035 1429 2080 quantum
1450 2024 1614 2069 severi83
1645 2022 1723 2061 hoc

315 2099 382 2145 est,
415 2108 472 2144 ut,
494 2107 591 2151 quot
615 2099 750 2150 jugera
770 2097 857 2134 sunt
876 2097 964 2141 sata,
998 2095 1162 2134 totidem
1189 2094 1387 2133 medimna
1407 2093 1577 2131 decumae
1603 2090 1721 2129 debe-

315 2175 441 2204 antur.

373 2232 465 2269 Hoc
496 2243 589 2268 cum
618 2229 670 2267 ita
700 2228 814 2273 effet3
863 2224 1034 2281 primum
1068 2226 1167 2265 illud
1196 2226 1305 2271 dico,
1336 2224 1512 2278 pluribus
1546 2220 1722 2259 millibus

317 2296 562 2336 medimnum
600 2295 738 2334 veniffe
771 2296 952 2334 decumas
986 2294 1066 2347 agri
1087 2294 1285 2338 Leontini,
1321 2305 1439 2344 quam
1471 2297 1568 2341 quot
1598 2286 1724 2325 millia

297 2365 497 2416 vjugerum
518 2364 592 2401 sata
622 2373 727 2400 erant
758 2363 797 2400 in
830 2376 920 2414 agro
942 2361 1151 2400 Leontino.
1185 2359 1302 2410 Qod
1334 2359 1359 2395 fi
1392 2355 1472 2393 fieri
1506 2368 1581 2391 non
1612 2362 1723 2405 pote-

320 2439 391 2474 rat,
428 2438 471 2467 ut
491 2430 577 2481 plus
599 2443 716 2481 quam
737 2429 872 2467 decem
908 2428 1106 2466 medimna
1126 2440 1173 2464 ex
1195 2426 1329 2477 jugere
1349 2429 1493 2459 ararent
1510 2439 1521 2465 ς
1553 2419 1723 2457 medim-

321 2509 419 2532 num
452 2505 581 2533 autem
615 2508 662 2533 ex
689 2495 824 2548 jugere
858 2496 1073 2534 decumano
1117 2492 1196 2529 dari
1228 2498 1389 2542 poterat,
1431 2500 1522 2525 cum
1555 2499 1654 2538 ager,
1686 2485 1724 2522 id

320 2561 426 2614 quod
460 2575 609 2615 perraro
642 2563 784 2606 evenit,
817 2575 909 2600 cum
945 2561 1111 2599 decumo
1144 2555 1364 2601 extuliffet5
1402 2568 1486 2607 quae
1520 2562 1597 2593 erat
1631 2551 1726 2590 ratio

1286 2623 1378 2674 (ζῆ
1401 2633 1430 2659 2
