2201 2792
382 136 434 176 08
907 141 1263 181 ORATIO

381 239 492 280 nullo
511 241 629 279 modo
649 241 786 294 potest.
831 241 1083 282 Exhaeredare
1103 253 1209 297 pater
1241 244 1370 283 filium
1405 245 1612 299 cogitabat.
1659 247 1784 287 Mitto

381 320 562 360 quaerere,
577 321 651 360 qua
667 309 712 346 de
728 308 835 347 causa
847 327 859 354 ς
892 323 1034 361 quaero,
1051 312 1121 363 qui
1137 311 1242 350 scias.
1265 312 1437 350 Tametfi
1454 321 1490 351 te
1511 313 1650 360 dicere,
1671 322 1784 367 atque

379 386 603 413 enumerare
635 374 762 413 causas
793 389 927 414 omnes
948 378 1175 429 oportebat;
1207 386 1245 416 et
1264 377 1304 416 id
1334 387 1412 417 erat
1437 379 1533 417 certi
1559 380 1784 420 accusatoris

379 440 569 487 officium,
606 442 674 493 qui
701 443 798 480 tanti
818 441 968 481 sceleris
989 453 1174 497 argueret,
1195 445 1385 498 explicare
1405 447 1538 484 omnia
1556 447 1650 485 vitia
1669 456 1784 500 atque

376 516 535 560 peccata
552 508 638 553 filii,
675 508 817 560 quibus
837 508 1014 548 incensus
1044 524 1178 563 parens
1199 512 1369 564 potuerit
1389 513 1566 550 animum
1586 513 1783 559 inducere,

377 583 423 613 ut
441 584 617 614 naturam
651 575 773 628 ipsam
802 576 995 622 vinceret3
1027 586 1070 615 ut
1101 591 1272 616 amorem
1292 578 1407 617 illum
1439 579 1593 631 penitus
1623 579 1784 617 infitum

376 640 531 692 ejiceret
549 655 597 679 ex
616 641 773 687 anim03
805 651 848 681 ut
878 643 1045 695 denique
1078 652 1227 696 patrem
1257 644 1329 683 effe
1362 645 1435 683 sese
1466 644 1782 684 oblivisceretur:

376 720 462 760 quae
482 708 558 746 fine
578 708 730 761 magnis
749 707 910 761 hujusce
929 710 1095 762 peccatis
1113 710 1280 749 accidere
1297 711 1458 764 potuiffe
1477 725 1557 750 non
1577 712 1754 751 arbitror.

430 773 579 813 Verum
600 774 773 813 concedo
807 775 894 820 tibi,
925 785 969 814 ut
988 789 1031 814 ea
1050 786 1262 829 praetereas,
1294 791 1393 830 quae,
1429 790 1522 816 cum
1544 787 1659 823 taces,
1690 777 1782 817 nul-

374 839 413 877 la
427 838 499 878 effe
519 840 711 879 concedis.
744 841 866 880 Illum
885 841 1045 894 quidem
1065 843 1222 881 voluiss‘e
1242 842 1494 889 exhaeredare,
1513 853 1613 883 certe
1634 853 1677 883 tu
1697 845 1782 897 pla-

371 920 471 946 num
490 906 615 945 facere
635 907 764 946 debes.
797 908 906 960 Qid
926 921 1018 961 ergo
1037 908 1161 955 affers,
1195 923 1311 962 quare
1330 910 1370 948 id
1400 909 1548 949 fadffim
1567 920 1749 963 putemus
1766 911 1779 948 ?

372 972 474 1011 Vere
493 973 593 1011 nihil
627 982 735 1026 potes
756 974 894 1013 dicere.
938 975 1063 1027 Finge
1082 976 1230 1027 aliquid
1250 975 1384 1013 saltem
1405 976 1613 1014 commode
1625 994 1639 1021 ;
1671 985 1716 1014 ut
1735 990 1784 1014 ne

370 1038 485 1091 plane
514 1039 674 1077 videaris
706 1039 746 1076 id
765 1037 903 1083 facere,
934 1040 1039 1090 quod
1066 1048 1194 1091 aperte
1214 1038 1324 1084 facis,
1356 1038 1472 1090 hujus
1499 1040 1627 1078 miseri
1653 1039 1782 1079 fortu-

369 1104 445 1149 nis,
476 1113 514 1142 et
547 1102 692 1142 horum
720 1103 894 1142 virorum
914 1103 1052 1142 talium
1083 1104 1266 1156 dignitati
1295 1104 1472 1143 illudere.
1531 1104 1783 1144 Exhaeredare

369 1169 499 1209 filium
515 1170 640 1208 voluit
657 1185 667 1208 ι
689 1184 809 1221 quarn
829 1171 880 1207 ob
900 1170 1051 1207 causam
1071 1170 1084 1206 ?
1106 1170 1264 1208 Nescio.
1294 1169 1640 1208 Exhaeredavitne?
1667 1171 1778 1211 Non.

370 1236 472 1287 Qis
507 1233 710 1287 prohibuit
728 1235 741 1270 ?
780 1233 1001 1285 Cogitabat.
1045 1234 1281 1285 Cogitabat?
1325 1235 1402 1272 Cui
1432 1235 1559 1274 dixit?
1596 1235 1776 1275 Nemini.

370 1301 480 1354 Qid
499 1300 552 1338 est
571 1299 689 1345 aliud,
717 1299 883 1351 judicio,
916 1313 958 1337 ac
979 1299 1145 1352 legibus,
1177 1313 1219 1338 ac
1241 1300 1434 1353 majestate
1459 1302 1577 1340 vestra
1595 1302 1704 1341 abuti
1732 1303 1780 1341 ad

368 1367 572 1421 quaestum,
594 1375 709 1418 atque
728 1365 774 1403 ad
796 1365 1015 1411 libidinem,
1047 1366 1116 1404 nis1
1142 1364 1219 1405 hoc
1240 1367 1358 1406 modo
1378 1368 1562 1413 accusare,
1596 1378 1710 1421 atque
1735 1369 1777 1407 id

368 1433 553 1485 objicere,
586 1431 692 1484 quod
711 1430 872 1483 planum
893 1430 1016 1469 facere
1046 1445 1126 1470 non
1157 1432 1276 1470 modo
1311 1446 1388 1470 non
1407 1433 1535 1486 poffis,
1566 1447 1702 1472 verum
1730 1447 1779 1472 ne

368 1500 516 1538 coneris
538 1498 726 1552 quidem?
758 1498 892 1536 Nemo
918 1497 1090 1536 nostrum
1111 1498 1177 1543 est,
1200 1499 1338 1550 Eruci,*
1357 1500 1452 1551 quin
1472 1499 1576 1544 sciat,
1605 1500 1679 1538 tibi
1698 1501 1777 1538 ini-

366 1566 536 1604 micitias
570 1579 663 1603 cum
698 1566 784 1603 Sex.
808 1564 948 1603 Roscio
983 1565 1108 1603 nullas
1140 1565 1223 1604 effe.
1270 1565 1416 1604 Vident
1445 1580 1595 1612 omnes,
1628 1581 1704 1619 qua
1729 1568 1776 1605 de

367 1633 476 1672 causa
491 1632 585 1670 huic
606 1632 791 1670 inimicus
813 1632 954 1670 venias.
988 1633 1122 1670 Sciunt
1143 1630 1301 1684 hujusce
1322 1633 1486 1684 pecunia
1507 1644 1544 1671 te
1564 1634 1777 1672 addustum

366 1699 451 1737 effe.
495 1698 605 1753 Qid
624 1711 714 1749 ergo
734 1697 785 1735 est
805 1698 817 1733 ?
850 1699 908 1734 Ita
928 1706 1058 1735 tamen
1076 1697 1238 1749 quaestfis
1260 1707 1296 1735 te
1318 1698 1506 1750 cupidum
1527 1698 1597 1737 effe
1616 1708 1774 1751 oporte-

365 1765 444 1809 bat,
478 1773 521 1802 ut
541 1763 685 1801 horum
704 1762 1043 1809 existimationem,
1077 1773 1114 1801 et
1134 1763 1260 1817 legem
1282 1764 1508 1803 Remmiam
1529 1774 1679 1818 putares
1701 1765 1772 1817 ali-7

365 1830 461 1882 quid
481 1830 602 1868 valere
618 1838 803 1882 oportere.

421 1897 515 1934 XX.
547 1895 798 1933 Accusatores
834 1895 980 1933 multos
1015 1895 1085 1933 effe
1120 1896 1160 1934 in
1191 1896 1345 1935 civitate
1371 1897 1467 1935 utile
1500 1898 1566 1943 est,
1598 1907 1642 1936 ut
1662 1907 1771 1936 metu

365 1962 606 2000 contineatur
625 1960 806 1998 audacia:
838 1970 1088 1999 veruntamen
1119 1961 1195 2000 hoc
1216 1963 1268 2000 ita
1298 1963 1351 2000 est
1373 1964 1481 2009 utile,
1519 1972 1562 2001 ut
1593 1977 1639 2002 ne
1658 1965 1772 2017 plane

365 2027 576 2066 illudamur
596 2026 642 2064 ab
664 2026 960 2065 accusatoribus.
994 2028 1182 2066 Innocens
1203 2028 1255 2066 est
1275 2029 1491 2082 quispiam:
1518 2040 1771 2069 veruntamen

365 2106 588 2146 quanquam
608 2091 709 2130 abest
729 2105 749 2129 a
779 2092 906 2144 culpa,
939 2092 1150 2145 suspicione
1171 2103 1300 2132 tamen
1330 2108 1407 2132 non
1438 2105 1552 2133 caret.
1598 2096 1771 2134 Tametfi

365 2159 548 2197 miserum
581 2158 646 2203 cst,
679 2167 807 2195 tamen
838 2158 886 2203 ei,
918 2159 985 2210 qui
1007 2158 1113 2197 hunc
1133 2159 1294 2205 accuset,
1326 2160 1463 2213 pofiim
1493 2161 1625 2213 aliquo
1650 2161 1769 2199 modo

363 2225 571 2277 ignoscere.
620 2226 725 2262 Cum
746 2224 850 2262 enim
883 2224 1029 2276 aliquid
1060 2224 1211 2271 habeat,
1232 2227 1338 2278 quod
1357 2227 1469 2279 poffit
1490 2226 1695 2265 criminose
1725 2239 1768 2264 ac

364 2291 564 2343 suspiciose
594 2291 732 2336 dicere,
764 2299 891 2343 aperte
911 2290 1100 2329 ludificari
1130 2302 1168 2330 et
1188 2293 1415 2331 calumniari
1445 2293 1566 2331 sciens
1596 2306 1674 2331 non
1704 2293 1766 2331 vi·

364 2357 508 2395 deatur.
553 2358 681 2409 Qare
701 2356 813 2394 facilc
844 2370 977 2395 omnes
998 2358 1180 2410 patimur,
1212 2358 1281 2396 effe
1311 2358 1618 2411 quamplurimos
1649 2372 1765 2396 accu-

362 2423 514 2467 satores,
549 2424 651 2474 quod
682 2424 882 2468 innocens,
913 2424 940 2460 fi
961 2424 1154 2462 accusatus
1176 2424 1234 2470 sit,
1256 2425 1398 2463 absolvi
1428 2424 1577 2478 potest3
1609 2438 1764 2471 nocens,

360 2489 430 2528 nisi
451 2488 645 2528 accusatus
665 2489 796 2535 fuerit,
824 2489 1072 2530 condemnari
1102 2504 1180 2531 non
1200 2491 1334 2545 potest.
1385 2491 1533 2532 Utilius
1564 2491 1617 2530 est
1636 2500 1765 2531 autem
