2201 2792
536 203 609 256 378
963 203 1051 241 IN
1128 200 1510 242 VERREM

532 311 732 347 metueret,
754 309 819 340 aut
838 301 1101 355 suspicaretur,
1125 301 1187 339 sed
1208 310 1250 339 ut
1271 315 1317 339 ne
1337 301 1454 339 multi
1475 300 1573 339 illud
1588 309 1675 339 ante
1696 300 1935 353 perciperent

531 369 669 414 oculis,
692 383 808 421 quam
831 369 995 421 populus
1018 370 1233 406 Romanus.
1253 368 1338 417 ‘Iste
1358 367 1455 420 petit
1475 381 1495 404 a
1515 381 1614 420 rege,
1637 377 1675 405 et
1694 381 1785 405 eum
1808 367 1933 420 pluri-

532 435 602 472 bus
625 436 748 473 verbis
769 444 888 486 rogat,
920 443 961 471 ut
995 435 1034 471 id
1068 434 1113 471 ad
1135 434 1170 471 se
1191 434 1347 471 mittat:
1380 447 1517 485 cupere
1538 432 1573 471 se
1605 433 1699 471 dicit
1732 433 1932 486 inspicere,

529 515 656 554 neque
677 502 711 539 se
732 501 814 538 aliis
835 501 989 538 videndi
1011 500 1235 553 potestatem
1257 499 1327 537 effe
1346 499 1553 537 facturum.

586 566 822 611 Antiochus,
854 567 923 619 qui
943 567 1073 604 animo
1093 575 1130 604 et
1150 566 1289 618 puerili
1309 566 1410 610 effer,
1433 575 1470 603 et
1490 566 1609 618 regio,
1643 564 1742 603 nihil
1762 565 1807 603 de
1828 565 1933 603 istius

529 634 777 687 improbitate
798 633 1006 686 suspicatus
1027 633 1079 671 est
1097 648 1105 671 :
1138 634 1303 685 imperat
1322 632 1411 677 suis,
1444 642 1486 670 ut
1506 632 1545 670 id
1566 633 1605 669 in
1626 632 1850 685 praetorium
1871 632 1933 669 in-

529 701 708 739 volutum
730 714 847 753 quam
879 700 1134 738 occultissime
1154 699 1358 737 deferrent.
1391 700 1484 751 Qo
1514 699 1773 751 posteaquam,
1790 698 1933 736 attule-

529 776 634 811 runt,
667 765 949 817 involucrisque
983 766 1128 817 rejectis
1161 765 1468 808 constituerunt3
1507 764 1574 802 iste
1605 765 1768 802 clamare
1798 765 1932 817 coepit,

528 833 685 884 dignam
708 845 790 869 rem
810 830 880 868 effe
899 845 1015 883 regno
1037 832 1163 883 Syriae,
1179 831 1336 883 dignam
1359 832 1462 883 regio
1483 844 1656 875 munere,
1679 831 1836 882 dignam
1854 832 1932 868 Ca-

528 899 680 951 pitolio.
713 897 873 935 Etenim
895 907 973 935 erat
1004 911 1049 935 eo
1070 898 1280 950 splendore,
1301 898 1369 950 qui
1389 910 1435 935 ex
1457 897 1669 935 clariffimis
1696 905 1733 934 et
1753 896 1933 948 plurimis

526 966 696 1017 gemmis
718 964 788 1002 esse
809 964 971 1001 debebat
989 979 997 1002 :
1035 978 1076 1001 ea
1106 965 1282 1002 varietate
1303 978 1480 1016 operum,
1513 973 1555 1001 ut
1585 977 1641 1001 ars
1662 972 1804 1000 certare
1825 963 1932 1000 vide-

528 1041 632 1069 retur
661 1045 753 1068 cum
781 1031 923 1082 copia:
956 1043 996 1067 ea
1025 1030 1306 1082 magnitudine,
1349 1040 1391 1067 ut
1413 1030 1578 1082 intelligi
1607 1029 1740 1082 pofi‘et,
1777 1043 1854 1066 non
1887 1029 1933 1066 ad

527 1096 736 1134 hominum
758 1105 996 1149 apparatum,
1016 1095 1077 1133 sed
1097 1096 1143 1133 ad
1159 1096 1382 1148 ampliffimi
1400 1096 1538 1148 templi
1558 1104 1843 1139 ornamentum,
1862 1093 1934 1132 effe

527 1163 687 1201 saecum.
722 1163 840 1214 Qod
860 1176 952 1200 cum
974 1162 1060 1200 satis
1086 1163 1169 1214 jam
1196 1162 1420 1214 perspexiffe
1441 1163 1646 1206 videretur,
1677 1161 1810 1199 tollere
1830 1161 1931 1198 inci-

528 1231 656 1282 piunt,
679 1239 721 1267 ut
742 1228 937 1267 referrent.
963 1229 1033 1266 Iste
1054 1229 1119 1272 ait,
1135 1228 1170 1266 se
1190 1229 1288 1266 velle
1308 1228 1406 1266 illud
1427 1228 1542 1266 etiam
1563 1237 1676 1280 atque
1697 1228 1813 1265 etiam
1835 1240 1931 1264 con-

527 1296 707 1340 fiderare;
740 1308 984 1346 nequaquam
1006 1294 1040 1331 se
1070 1294 1140 1332 effe
1171 1293 1360 1332 satiatum.
1394 1294 1514 1345 Jubet
1538 1294 1625 1331 illos
1657 1293 1858 1338 discedere,
1892 1302 1931 1331 et

526 1362 800 1400 candelabrum
823 1360 1050 1412 relinquere.
1095 1360 1156 1397 Sic
1177 1359 1236 1397 illi
1258 1369 1343 1398 tum
1364 1361 1494 1398 inanes
1514 1361 1562 1398 ad
1592 1358 1837 1397 Antiochum
1870 1372 1929 1398 re-

526 1437 742 1466 vertuntur.

581 1495 734 1532 XXIX.
767 1494 853 1531 Rex
875 1495 1002 1545 primo
1023 1492 1123 1531 nihil
1146 1503 1329 1538 metuere,
1363 1492 1462 1532 nihil
1483 1493 1674 1546 suspicari.
1698 1493 1791 1530 Dies
1814 1505 1928 1538 unus,

526 1562 633 1606 alter,
655 1561 806 1614 plures:
830 1574 908 1598 non
929 1558 1074 1598 referri.
1106 1562 1217 1598 Tum
1239 1561 1364 1598 mittit
1384 1574 1449 1598 rex
1469 1561 1516 1598 ad
1535 1561 1664 1605 istum,
1686 1561 1710 1598 fi
1732 1560 1801 1598 fibi
1821 1559 1928 1598 vide-

526 1637 623 1673 atur,
657 1635 699 1664 ut
721 1626 878 1665 reddat:
906 1626 1020 1678 jubet
1051 1626 1118 1664 iste
1138 1627 1322 1679 posterius
1356 1626 1402 1664 ad
1433 1627 1468 1664 se
1500 1627 1651 1664 reverti.
1685 1626 1838 1665 Mirum
1870 1625 1930 1663 illi

525 1693 660 1731 videri.
693 1692 825 1730 Mittit
854 1692 1024 1730 iterum:
1058 1705 1136 1730 non
1172 1693 1357 1731 redditur.
1390 1692 1474 1745 Ipse
1504 1691 1708 1730 hominem
1734 1692 1928 1744 appellat:

526 1768 647 1811 rogat,
669 1768 712 1796 ut
732 1757 875 1796 reddat.
901 1759 957 1795 Os
973 1757 1161 1803 hominis,
1181 1759 1449 1811 insignemque
1465 1758 1748 1811 impudentiam
1765 1757 1929 1810 cognos-

526 1827 614 1863 cite.
652 1824 771 1876 Qod
792 1824 915 1868 sciret,
936 1824 1118 1876 quodque
1137 1838 1183 1863 ex
1205 1825 1285 1877 ipso
1307 1838 1392 1877 rege
1409 1825 1566 1863 audiffet
1587 1826 1626 1862 in
1650 1824 1844 1876 Capitolio
1859 1823 1930 1861 effe

526 1892 777 1944 ponendum,
811 1890 915 1942 quod
936 1891 1024 1941 Jovi
1049 1891 1217 1942 Optimo
1238 1892 1433 1935 Maximo,
1456 1891 1560 1943 quod
1581 1891 1726 1943 populo
1748 1891 1928 1928 Romano

528 1958 661 1996 servari
683 1957 839 2000 videret,
873 1955 912 1993 id
933 1956 1002 1993 fibi
1024 1965 1066 1993 ut
1087 1956 1256 2001 donaret,
1290 1971 1431 2008 rogare,
1463 1966 1500 1995 et
1522 1955 1770 1995 vehementer
1802 1966 1928 2009 petere

525 2024 657 2075 coepit.
702 2023 808 2060 Cum
829 2021 895 2059 ille
928 2021 977 2066 se,
1011 2030 1048 2059 et
1070 2021 1253 2074 religione
1282 2023 1387 2073 Jovis
1411 2022 1638 2075 Capitolini,
1661 2032 1698 2060 et
1718 2021 1928 2060 hominum

525 2089 805 2128 existimatione
826 2088 1006 2140 impediri
1027 2088 1182 2134 diceret,
1206 2089 1309 2141 quod
1331 2090 1464 2128 multa:
1486 2090 1657 2128 nationes
1679 2089 1786 2127 testes
1813 2089 1929 2127 effent

525 2157 630 2194 illius
651 2155 789 2208 operiS‚
823 2167 864 2191 ac
896 2156 1093 2199 muneris3
1126 2155 1193 2193 iste
1224 2154 1378 2193 homini
1409 2156 1547 2194 minari
1578 2156 1761 2194 acerrime
1791 2156 1925 2208 coepit.

526 2222 608 2260 Ubi
640 2221 743 2259 videt
763 2234 853 2258 eum
875 2219 1000 2258 nihilo
1020 2222 1143 2273 magis
1164 2222 1297 2266 minis,
1327 2236 1443 2274 quam
1465 2223 1657 2274 precibus,
1685 2222 1925 2274 permoveri,

526 2297 679 2341 repente
699 2286 902 2324 hominem
925 2286 970 2323 de
991 2287 1188 2339 provincia
1212 2288 1326 2339 jubet
1345 2297 1432 2326 ante
1453 2290 1603 2326 noetem
1631 2287 1810 2324 decedere
1830 2302 1838 2325 :
1875 2288 1926 2325 ait

525 2355 560 2392 se
578 2352 818 2407 comperiffe,
839 2367 885 2391 ex
901 2353 982 2404 ejus
1005 2366 1120 2405 regno
1142 2353 1278 2406 piratas
1300 2354 1340 2391 in
1362 2354 1530 2392 Siciliam
1550 2353 1620 2390 effe
1641 2362 1834 2391 venturos.

581 2422 667 2459 Rex
698 2420 872 2458 maximo
902 2428 1110 2464 conventu,
1140 2420 1341 2471 Syracusis,
1378 2421 1416 2458 in
1438 2419 1535 2464 foro,
1568 2434 1614 2457 ne
1635 2420 1720 2472 quis
1742 2419 1841 2457 forte
1862 2434 1926 2458 me

524 2488 565 2526 in
599 2487 763 2525 crimine
796 2486 957 2525 obscuro
986 2486 1135 2531 versari,
1171 2495 1285 2538 atque
1317 2487 1495 2539 affingere
1535 2486 1679 2538 aliquid
1714 2486 1926 2539 suspicione

524 2553 733 2592 hominum
755 2554 971 2599 arbitretur,
1003 2553 1043 2593 in
1064 2551 1163 2599 foro,
1194 2553 1369 2606 inquam,
1402 2553 1587 2605 Syracusis
1615 2553 1723 2599 fiens,
1756 2567 1797 2592 ac
1820 2554 1924 2592 Deos
