2201 2792
463 141 596 180 PRO
641 139 777 177 SEX.
821 138 1083 176 ROSCIO
1126 138 1480 178 AMERINO.
1624 154 1676 195 97

268 253 315 279 ex
335 239 502 283 civitate,
524 236 695 288 Judices‚
727 234 828 273 hanc
861 236 943 289 pati
974 235 1096 274 nolite
1115 235 1262 274 diutius
1297 237 1339 274 in
1372 236 1447 274 hac
1480 237 1676 290 republica

269 306 402 345 versari
416 322 428 349 ς
461 317 546 356 quae
565 316 643 341 non
665 302 784 341 modo
804 302 843 340 id
863 301 979 341 habet
999 303 1040 341 in
1061 302 1096 341 se
1116 303 1224 348 mali,
1246 302 1354 356 quod
1373 312 1432 342 tot
1450 304 1553 342 cives
1573 313 1675 343 atro-

268 372 414 412 ciffime
432 370 734 415 sustulit,verum
753 370 873 408 etiam
892 369 1120 408 hominibus
1141 370 1340 409 leniffimis
1362 370 1506 408 ademit
1525 370 1676 409 miseri-

267 437 440 476 cordiam
460 436 738 475 consuetudine
757 435 1117 475 incommodorum.
1132 436 1241 476 Nam
1261 450 1353 475 cum
1367 436 1552 475 omnibus
1571 435 1676 475 horis

265 502 413 556 aliquid
432 502 610 542 atrociter
630 501 713 541 fieri
746 501 938 548 videmus,
970 512 1036 541 aut
1065 501 1244 541 audimus
1260 521 1273 548 3
1305 503 1424 541 etiam
1444 503 1513 556 qui
1541 501 1678 541 natura

266 569 459 608 mitiffirni
479 569 625 614 sumus,
647 568 858 608 affiduitate
877 568 1141 608 molestiarum
1172 568 1324 609 sensum
1351 582 1511 608 omnem
1532 567 1676 608 huma-

266 636 396 675 nitatis
416 649 465 675 εκ
484 636 622 675 animis
643 635 877 675 amittimus.

895 948 1044 983 PRO

351 1080 445 1158 Q
522 1080 943 1138 Rosolo
1039 1080 1574 1138 COMOEDO.

706 1284 1059 1323 ORATIO
1128 1285 1225 1325 ΙΙΙ.

322 1431 354 1470 Ι.
386 1431 411 1456 ÷÷
432 1431 456 1457 ἕξ
478 1431 502 1456 ³³4
524 1422 893 1475 malitiam'naturaffi
914 1430 1144 1470 crederetur.
1175 1432 1213 1471 Is
1234 1431 1379 1472 scilicet
1398 1435 1456 1473 vir
1485 1435 1675 1488 optimus,

263 1506 304 1536 et
323 1497 503 1551 singulari
522 1496 598 1535 fide
618 1497 814 1550 praedstus,
832 1497 875 1536 in
890 1496 958 1536 suo
972 1497 1139 1550 judicio,
1160 1499 1302 1538 tabulis
1322 1500 1410 1547 suis,
1435 1501 1593 1542 testibus
1617 1504 1676 1544 uti

264 1572 438 1603 conatur.
471 1563 605 1602 Solent
623 1562 702 1602 fere
723 1563 861 1609 dicere,
883 1564 952 1616 qui
971 1577 1039 1617 per
1054 1564 1203 1604 tabulas
1223 1564 1403 1606 homines
1420 1568 1489 1606 citi
1510 1570 1675 1622 pecuni-

264 1643 328 1668 am
348 1628 553 1682 expensam
573 1629 771 1675 tulerunt3
803 1630 941 1683 Egone
972 1630 1090 1669 talem
1115 1631 1244 1671 virum
1274 1646 1522 1686 corrumpere
1547 1636 1673 1688 potui,

265 1705 310 1734 ut
330 1708 417 1733 mea
446 1694 555 1733 causa
573 1694 714 1733 falsum
744 1696 786 1733 in
806 1695 982 1733 codicem
1009 1695 1192 1734 referret?
1223 1699 1412 1749 Expecto,
1441 1712 1560 1751 quam
1579 1695 1681 1740 mox*

267 1760 426 1799 Chaerea
445 1760 518 1799 hac
539 1761 710 1800 oratione
730 1769 882 1806 utatur;
906 1761 1042 1814 Egone
1059 1760 1160 1800 hanc
1180 1775 1357 1808 manum,
1380 1763 1535 1816 plenam
1554 1765 1673 1818 perfi-

260 1827 349 1872 diae,
370 1836 409 1865 et
425 1826 497 1865 hos
519 1826 661 1879 digitos
682 1840 789 1865 meos
809 1827 1010 1880 impellere
1030 1828 1155 1880 potui,
1179 1837 1223 1866 ut
1238 1827 1378 1867 falsum
1397 1830 1674 1883 perscriberent

262 1906 406 1932 nomen
425 1893 439 1930 ?
472 1892 592 1946 Qod
611 1893 638 1931 fi
660 1893 725 1931 ille
744 1893 826 1931 suas
847 1892 1014 1946 proferet
1035 1894 1207 1939 tabula33
1229 1893 1399 1947 proferet
1414 1896 1495 1934 suas
1516 1911 1674 1952 quoque

264 1960 443 1999 Roscius.
475 1960 563 1998 Erit
582 1960 623 1998 in
642 1959 748 1998 illius
770 1960 912 1998 tabulis
932 1959 1008 1999 hoc
1029 1974 1172 2000 nornen
1191 1976 1200 2000 z
1232 1970 1271 1999 at
1290 1962 1330 2000 in
1346 1960 1464 2015 hujus
1485 1977 1564 2003 non
1584 1965 1672 2005 erit.

265 2027 348 2064 Cur
377 2026 506 2079 potius
527 2026 646 2072 illius,
677 2040 797 2079 quam
824 2025 957 2079 hujus,
980 2027 1156 2065 credetur
1174 2028 1187 2064 ?
1220 2027 1426 2081 Scripfiffet
1444 2029 1525 2076 ille,
1546 2031 1573 2070 fi
1594 2045 1673 2070 non

257 2091 363 2145 jussu
383 2090 500 2143 hujus
520 2093 730 2144 expensum
751 2092 923 2131 tuliffet?
955 2107 1034 2131 non
1053 2093 1250 2147 scripfiffet
1269 2093 1349 2140 hic,
1381 2097 1487 2148 quod
1507 2097 1577 2136 fibi
1603 2112 1672 2137 ex·-

264 2157 427 2212 pensum
447 2157 538 2195 ferri
552 2157 743 2210 juffisset?
774 2158 897 2204 Nam,
919 2160 1254 2211 quemadmodum
1276 2169 1387 2215 turpe
1414 2162 1468 2200 est
1495 2163 1669 2209 scribere,

265 2223 371 2275 quod
391 2237 470 2261 non
491 2222 700 2269 debeatur3
722 2223 772 2262 fic
792 2224 1021 2277 improbum
1041 2225 1106 2271 est,
1124 2239 1202 2264 non
1223 2224 1375 2272 referre,
1396 2228 1500 2280 quod
1520 2228 1670 2266 debeas.

264 2285 395 2336 AEque
415 2285 520 2324 enim
542 2285 682 2323 tabulae
701 2285 1010 2325 condemnantur
1030 2288 1127 2340 ejus,
1157 2288 1226 2341 qui
1246 2301 1380 2326 verum
1401 2303 1479 2327 non
1509 2289 1641 2327 retulit
1655 2307 1669 2334 ς

265 2359 304 2387 et
324 2351 419 2402 eju3‚
442 2351 511 2403 qui
531 2350 672 2390 falsum
693 2352 930 2405 praescripfit.

309 2416 380 2452 Sed
400 2429 485 2468 ego,
505 2417 615 2468 copia
634 2427 672 2456 et
692 2416 874 2456 facultate
893 2419 1010 2458 causae
1030 2420 1209 2465 confisus,
1231 2419 1318 2457 vide
1337 2432 1415 2470 quo
1436 2419 1670 2472 progrediar.

295 2482 320 2504 ες
341 2482 366 2505 *-
387 2483 412 2505 ³*
433 2483 576 2526 Multa,
597 2498 677 2537 quae
696 2484 831 2537 defimt,
853 2485 1058 2537 quaerenda·

355 2546 392 2583 T
404 2560 427 2583 0
445 2559 494 2584 M.
528 2549 600 2587 1V.
1328 2549 1368 2587 N
